1844 3202
264 121 344 155 ἐπὸ
773 116 937 152 CATO
972 116 1180 152 MAJOR

263 217 387 259 claris
414 227 458 260 et
484 219 700 262 honoratis
727 221 837 274 viris,
859 222 933 263 sed
964 222 1006 262 in
1034 222 1116 263 vita
1143 221 1268 263 etiam
1296 221 1452 276 privata
1471 227 1513 262 et
1532 220 1686 277 quieta.

264 274 499 330 Sophocles
531 277 584 318 ad
612 292 820 319 summam
850 286 1107 319 senectutem
1138 278 1364 333 tragoedias
1400 278 1528 327 fecit3
1573 277 1689 333 quod

262 342 437 387 propter
466 333 652 375 studium
683 349 781 375 cum
811 350 899 375 rem
921 335 1165 376 familiarem
1187 335 1401 390 negligere
1422 333 1642 384 videretur,
1664 348 1690 374 a

264 388 357 430 filiis
389 389 432 430 in
465 389 674 446 judicium
710 399 882 432 vocatus
913 399 976 432 est
998 406 1009 441 3
1052 400 1113 441 ut,
1148 390 1507 447 quemadmodum
1543 400 1688 430 nostro

262 459 381 486 more
399 454 436 478 ‘28
455 447 564 487 male
596 461 682 487 rem
712 447 956 502 gerentibus
984 447 1171 502 patribus
1200 448 1321 488 bonis
1342 446 1530 488 interdici
1552 445 1658 486 solet
1677 462 1687 486 z

262 501 322 542 sic
344 502 479 553 illum,
501 503 620 558 quasi
640 503 928 558 desipientem,
949 517 974 544 a
999 517 1041 544 re
1070 503 1263 544 familiari
1287 512 1546 544 removerent
1569 502 1688 558 judi-

261 572 346 600 ces.
404 560 515 600 Tum
537 574 662 599 senex
681 559 835 600 dicitur
855 574 948 601 eam
969 559 1169 610 fabulam,
1190 574 1317 615 quam
1337 560 1378 600 in
1399 560 1592 601 manibus
1614 559 1689 599 ha-

261 615 406 665 bebat,
426 624 469 656 et
495 616 684 670 proxime
716 617 951 671 scripserat,
980 616 1194 671 OEdipum
1226 616 1463 657 Coloneum
1494 615 1690 656 recitasse

257 670 490 728 judicibus,
513 673 809 728 quaesisseque,
831 688 932 713 num
957 673 1061 714 illud
1080 687 1246 713 carmen
1269 672 1510 728 desipientis
1531 672 1690 713 videre-

200 735 248 766 23
264 737 346 769 tur.
386 743 471 784 quo
504 730 695 781 recitato,
731 730 947 773 sententiis
973 729 1170 786 judicum
1203 739 1267 770 est
1298 729 1511 771 liberatus.
1570 730 1688 769 Num

261 785 396 841 igitur
415 785 543 837 hunc,
565 801 666 826 num
698 787 952 836 Homerum,
974 801 1075 827 num
1104 786 1358 835 Hesiodum,
1378 800 1478 826 num
1506 784 1690 826 Simoni·

262 842 376 892 dem,
409 858 510 884 num
547 842 850 893 Stesichorum,
885 857 1002 893 num,
1034 857 1141 898 qnos
1177 853 1273 883 ante
1311 842 1410 892 dixi,
1446 843 1690 892 Isocratem,

262 899 487 954 Gorgiam,
509 913 611 938 num
639 899 991 954 philosophorum
1020 899 1244 954 principes,
1273 898 1572 954 Pythagoram,
1600 899 1691 938 Dc-

261 956 503 1005 mocritum,
537 970 639 995 num
678 956 909 1006 Platonem,
946 969 1047 995 num
1080 956 1377 1004 Xenocratem,
1410 970 1510 995 num
1546 963 1692 1010 postea

260 1012 495 1061 Zenonem,
519 1010 785 1062 Cleanthem,
807 1019 880 1052 aut
898 1026 1012 1061 eum,
1034 1025 1161 1066 quem
1179 1026 1251 1051 vos
1271 1011 1397 1051 ctiam
1421 1012 1567 1051 Romae
1588 1010 1691 1052 vidi-

259 1067 349 1117 stis,
368 1068 613 1122 Diogenem
634 1068 842 1120 Stoicum,
864 1068 1010 1123 coegit
1036 1067 1077 1108 in
1108 1067 1192 1108 suis
1221 1067 1369 1108 studiis
1396 1066 1689 1108 obmutescere

259 1127 483 1166 senectus?
517 1133 556 1156 24
573 1139 623 1165 an
654 1139 738 1165 non
766 1125 808 1165 in
836 1125 1034 1166 omnibus
1062 1123 1111 1164 iis
1140 1123 1377 1165 studiorum
1398 1124 1574 1180 agitatio
1595 1123 1688 1164 vitae

196 1185 246 1217 24
261 1181 431 1237 aequalis
452 1181 562 1222 fuit?
595 1183 709 1238 Age,
730 1191 778 1223 ut
807 1182 887 1223 ista
913 1181 1052 1222 divina
1084 1189 1122 1213 2⁵
1139 1181 1278 1221 studia
1308 1180 1568 1230 omittamus,
1594 1194 1693 1235 pos-

259 1251 352 1278 sum
386 1239 603 1279 nominare
629 1253 681 1279 ex
710 1252 814 1294 agro
845 1238 1001 1280 Sabino
1023 1237 1202 1278 rusticos
1222 1238 1451 1287 Romanos,
1472 1237 1628 1277 vicinos
1648 1245 1691 1277 et

259 1294 484 1335 familiares
506 1309 640 1345 meos,
661 1301 701 1327 26
718 1295 872 1350 quibus
901 1293 1161 1345 absentibus,
1184 1308 1415 1349 numquam
1437 1294 1521 1334 fere
1543 1293 1627 1333 ulla
1647 1293 1689 1332 in

258 1366 364 1406 agro
385 1351 547 1407 majora
567 1366 696 1406 opera
716 1353 834 1404 siunt,
857 1366 941 1392 non
969 1350 1168 1401 serendis,
1188 1365 1272 1391 non
1291 1350 1584 1405 percipiendiS,
1604 1364 1688 1393 non

259 1408 493 1451 condendis
512 1409 733 1450 fructibus.
759 1422 1018 1464 quamquam
1041 1416 1078 1444 27
1098 1407 1139 1448 in
1159 1407 1240 1449 illis
1258 1407 1395 1448 minus
1416 1407 1497 1449 hoc
1520 1406 1689 1448 mirum.

258 1478 386 1505 nemo
407 1465 519 1506 enim
541 1474 605 1505 est
624 1473 711 1506 tam
733 1480 870 1517 senex,
893 1464 965 1520 qui
994 1478 1037 1505 se
1068 1478 1224 1505 annum
1247 1479 1330 1504 non
1352 1473 1470 1518 putet
1492 1477 1614 1519 posse
1634 1462 1691 1503 vi-

256 1535 351 1562 vere
371 1538 380 1562 :
413 1521 486 1562 sed
505 1521 633 1562 iidem
655 1521 873 1564 elaborant
892 1522 935 1562 in
954 1521 1029 1573 eis,
1046 1535 1141 1578 quae
1163 1521 1300 1563 sciunt
1321 1520 1425 1562 nihil
1445 1519 1619 1561 omnino
1637 1519 1690 1560 ad

255 1591 301 1619 se
320 1578 528 1634 pertinere
545 1595 554 1619 :

365 1657 457 1695 Scrit
475 1657 619 1701 arbores,
638 1671 717 1708 quse
734 1656 835 1693 alteri
852 1655 969 1693 saeculo
984 1656 1124 1706 prosint,

194 1748 243 1779 25
258 1751 306 1785 ut
326 1741 385 1783 ait
407 1741 565 1784 Statius
588 1751 730 1783 noster
757 1741 800 1782 in
828 1740 1104 1797 Synephebis·
1162 1741 1257 1781 Nec
1276 1754 1373 1781 vero
1393 1739 1559 1781 dubitet
1578 1739 1690 1795 agri-

150 1799 368 1850 P·⁸2·cola‚
390 1799 579 1855 quamvis
609 1812 746 1849 senex,
775 1797 996 1854 quaerenti,
1024 1797 1092 1838 cui
1123 1806 1247 1847 serat,
1275 1796 1553 1852 respondere:
1592 1796 1689 1839 Diis

217 1848 585 1905 minmortalibus,
607 1855 680 1911 qui
711 1869 779 1896 me
811 1869 896 1896 non
929 1854 1120 1909 accipere
1139 1854 1270 1895 modo
1291 1854 1383 1895 haec
1409 1868 1434 1894 a
1460 1853 1690 1909 majoribus

212 1912 495 1963 Svoluerunt,
515 1912 589 1953 sed
617 1912 744 1952 etiam
777 1911 954 1966 posteris
980 1909 1170 1966 prodere.
1230 1911 1388 1952 Melius
1419 1909 1616 1954 Caecilius
1636 1909 1689 1950 de

259 1984 358 2011 sene
380 1969 499 2011 alteri
520 1968 676 2011 saeculo
698 1968 995 2023 prospiciente,
1017 1982 1146 2023 quam
1165 1967 1271 2010 illud
1292 1967 1402 2009 idem
1422 1983 1431 2006 :

361 2049 516 2100 AEdepol
531 2054 689 2089 senectus,
708 2048 737 2082 si
755 2047 841 2083 nihil
856 2045 1040 2096 quidquam
1063 2046 1162 2083 aliud
1175 2047 1269 2090 vitii,

362 2106 523 2153 Apportes
542 2109 659 2142 tecum,
679 2114 751 2136 cum
773 2099 914 2137 advenis
931 2117 939 2144 3
969 2114 1070 2136 unum
1090 2099 1128 2136 id
1145 2107 1201 2136 sat
1218 2107 1280 2143 est,

367 2155 469 2206 Quod
483 2155 543 2192 diu
560 2153 723 2197 ‹vi-vendo,
743 2155 866 2197 multa,
887 2168 964 2205 quse
982 2167 1045 2189 non
1063 2153 1156 2196 vult,
1175 2153 1284 2190 vidct.

256 2241 311 2283 Et
333 2242 468 2283 multa
489 2242 680 2290 fortasse,
701 2253 794 2294 quae
816 2239 931 2280 vult:
961 2247 1089 2296 atque
1120 2239 1162 2279 in
1191 2252 1242 2279 ea
1273 2238 1461 2295 quidem,
1483 2252 1577 2293 quae
1605 2252 1691 2280 non

255 2300 360 2349 vult,
380 2313 494 2353 saepe
514 2297 639 2338 etiam
660 2295 946 2338 adolescentia
967 2295 1153 2338 incurrit.
1205 2295 1317 2337 Illud
1337 2310 1432 2337 vero
1453 2294 1567 2336 idem
1589 2294 1686 2335 Cae·

256 2356 376 2398 cilius
398 2355 586 2397 vitiosius
604 2371 614 2397 ε

298 2465 336 2489 23
362 2456 436 2487 male
453 2468 511 2487 rem
524 2455 685 2494 gerentibus
697 2453 843 2495 patribus]
871 2456 951 2493 Lege
994 2454 1150 2490 Grt-Pvius,
1164 2460 1236 2483 ante
1253 2453 1389 2492 Langius
1404 2462 1422 2482 e
1439 2453 1517 2482 BISS-

254 2502 293 2532 de
317 2501 460 2541 prodigis.
498 2501 640 2530 Verbum
663 2499 797 2538 patribus
819 2499 952 2536 quibus·
1038 2505 1076 2527 25
1100 2495 1211 2537 audin]
1227 2496 1325 2527 Abest
1347 2497 1409 2526 Ms.
1431 2496 1495 2526 Erf.
1512 2505 1577 2527 non
1593 2496 1691 2532 male,

254 2546 330 2575 dam
355 2551 539 2583 suspectum
566 2543 637 2579 fuit,
666 2542 827 2580 Aldusquc
854 2550 949 2580 nepos

253 2588 349 2618 deleri
365 2587 510 2618 volebat:
535 2587 587 2616 scd
608 2586 688 2615 bene
709 2585 847 2614 defendit
863 2584 950 2613 Grae-

254 2632 325 2661 vius
340 2640 380 2660 ex
396 2629 484 2660 Pauli
502 2628 643 2658 Sentent.
658 2628 720 2665 111,
735 2635 765 2657 4.

297 2680 338 2705 24
362 2684 400 2702 an
424 2673 454 2701 in
477 2669 618 2710 omnibus]
645 2671 706 2700 Hic
730 2677 812 2699 certe
834 2669 948 2698 vitium

252 2723 309 2747 est.
332 2725 409 2747 nam
426 2717 467 2746 ita
483 2715 591 2745 Cicero
606 2720 733 2752 negaret
749 2722 814 2742 rem
832 2724 838 2740 τ
862 2712 946 2750 quod

253 2767 299 2789 est
319 2760 461 2789 alienum
485 2768 503 2788 a
522 2764 627 2787 mente
643 2756 722 2794 ejus.
745 2755 822 2785 olim
840 2755 947 2794 putavi

254 2803 425 2842 legendum
445 2811 512 2832 esse
534 2807 588 2829 at.-
610 2805 680 2838 post
702 2799 799 2837 reperi
823 2799 854 2827 in
878 2798 947 2827 edd.

255 2855 301 2884 pr.
320 2857 358 2875 an
377 2856 444 2884 non,
465 2845 559 2884 idque
579 2842 710 2880 restitui,
728 2848 763 2873 ut
782 2842 851 2881 jam
874 2841 949 2872 feeit

993 2549 1012 2569 o
1037 2549 1114 2569 mor.

1014 2549 1076 2612 p26
1104 2581 1206 2623 quihus
1235 2580 1408 2622 abscnzibm]
1441 2582 1604 2611 Quorsum
1635 2582 1688 2612 hic

993 2625 1154 2655 absentia?
1184 2626 1287 2654 immo
1311 2624 1411 2666 quibus
1435 2625 1552 2654 senibus.
1575 2625 1689 2654 deinde

994 2669 1117 2706 negatio
1146 2679 1199 2696 non
1226 2674 1298 2697 ante
1319 2668 1400 2706 fiunt
1425 2668 1578 2696 excidisse
1604 2667 1688 2697 vide-

992 2718 1050 2741 tur.
1070 2721 1146 2741 nam
1162 2711 1236 2741 alias
1253 2711 1408 2741 sementia
1419 2710 1574 2740 contr-aria
1586 2711 1688 2740 exori-

992 2762 1053 2784 tur.

1035 2803 1071 2831 27
1099 2797 1128 2825 in
1152 2794 1223 2835 illis]
1246 2797 1309 2827 Int.
1331 2796 1476 2834 negotiis,
1499 2796 1530 2825 in
1554 2796 1685 2826 serendo

993 2842 1051 2872 ὄις.
1068 2849 1205 2881 quorum
1222 2840 1342 2870 fruetus
1358 2848 1484 2870 annuus
1500 2845 1557 2870 est.
