1844 3202
281 124 361 172 786
808 122 887 161 DE
923 121 1191 163 OFFICIIS

289 244 381 272 esse
403 229 550 272 utilia?
584 236 624 262 34
644 243 737 286 quae
757 245 917 284 censes,
938 233 1189 289 magnitudo
1211 232 1339 274 animi
1360 241 1402 274 et
1422 232 1628 276 fortitudo
1649 249 1721 277 ne-

208 299 279 354 27
291 296 379 343 gat.
438 287 557 328 Num
583 287 880 343 locupletiores
907 291 1059 345 quaeris
1084 292 1307 331 auctores?
1342 292 1504 331 Harum
1526 293 1634 332 enim
1659 300 1723 333 est

207 344 491 405 l'oovirtutum
527 344 759 399 proprium,
793 345 850 385 nil
881 346 1165 396 extimescere,
1199 347 1339 387 omnia
1371 347 1554 388 humana
1583 348 1723 403 despi—

292 415 415 451 cere3
447 400 563 450 nihil,
589 401 704 455 quod
733 401 894 441 homini
922 402 1110 443 accidere
1138 404 1284 457 possit,
1308 404 1614 445 intolerandum
1643 419 1725 460 pu-

290 466 393 499 tare.
425 457 566 512 itaque
597 457 699 511 quid
733 458 860 498 fecit?
901 459 951 498 In
984 467 1172 499 senatum
1200 459 1336 501 venit:
1368 461 1565 502 mandata
1595 475 1724 515 expo-

291 514 396 555 suit:
429 513 678 554 sententiam
717 521 824 554 35ne
858 514 1028 564 diceret,
1063 516 1292 556 recusavit:
1333 518 1535 572 quamdiu
1560 517 1727 573 jureju-

291 570 422 612 rando
445 569 630 610 hostium
654 579 878 620 teneretur,
901 585 984 611 non
1004 585 1093 612 esse
1114 586 1156 611 se
1175 582 1424 614 senatorem.
1457 575 1600 630 Atque
1622 573 1727 615 illud

292 627 435 676 etiam,
462 628 503 677 (ὀ
531 625 706 666 stultum
738 627 970 677 hominem,
991 626 1140 668 dixerit
1169 629 1392 682 quispiam,
1413 640 1455 670 et
1485 644 1725 685 repugnan-

292 690 376 724 tem
407 682 579 723 utilitati
610 697 696 723 suae
718 683 743 736 l)
779 683 897 724 reddi
926 685 1128 739 captivos,
1160 685 1326 739 negavit
1354 700 1444 727 esse
1468 688 1598 727 utile:
1631 686 1726 728 illos

292 740 405 780 enim
427 739 714 780 adolescentes
734 754 838 790 esse,
857 749 899 781 et
920 741 1054 781 bonos
1073 741 1215 791 duces,
1236 755 1277 781 se
1294 742 1382 798 jam
1401 743 1642 784 confectum
1664 757 1729 783 se-

293 806 477 839 nectute.
498 796 620 852 cujus
642 811 740 838 cum
761 797 955 838 valuisset
979 798 1221 848 auctoritas,
1243 799 1393 854 captivi
1424 801 1574 840 retenti
1603 809 1726 841 sunt:

294 852 383 908 ipse
406 853 711 907 Karthaginem
734 853 880 894 rediit:
913 868 1048 909 neque
1070 868 1167 895 eum
1189 855 1338 896 caritas
1370 856 1514 910 patriae
1541 856 1728 907 retinuit,

250 921 372 951 b.nec
402 923 589 949 suorum.
649 911 803 964 Neque
822 924 918 950 vero
950 918 1039 950 tum
1074 911 1310 965 ignorabat,
1339 927 1382 952 se
1410 912 1460 952 ad
1493 912 1730 954 crudelissi-

293 980 410 1006 mum
444 965 627 1015 hostem,
656 974 699 1006 et
724 965 776 1005 ad
806 966 1012 1021 exquisita
1039 967 1244 1021 supplicia
1276 968 1509 1022 proficisci:
1543 969 1614 1009 sed
1635 969 1730 1024 jus-

286 1020 518 1078 jurandum
553 1022 883 1062 conservandum
920 1023 1111 1077 putabat.
1172 1024 1319 1078 Itaque
1351 1034 1458 1071 tum,
1491 1040 1587 1066 cum
1622 1026 1730 1081 vigi-

293 1078 421 1119 lando
442 1079 685 1129 necabatur,
706 1088 794 1119 erat
816 1079 855 1119 in
882 1079 1056 1119 meliore
1079 1093 1218 1130 causa,
1240 1095 1367 1134 quam
1400 1081 1434 1121 si
1461 1080 1576 1122 domi
1605 1096 1732 1123 senex

210 1146 279 1178 101
294 1135 497 1190 captivus,
537 1135 729 1191 perjurus
767 1135 998 1177 consularis
1039 1136 1321 1177 remansisset.
1380 1137 1440 1178 At
1478 1138 1619 1189 stulte,
1659 1140 1731 1195 qui

295 1207 378 1232 non
408 1191 538 1233 modo
560 1208 643 1233 non
672 1192 881 1233 censuerit
909 1192 1094 1248 captivos
1124 1193 1411 1244 remittendos,
1432 1209 1572 1236 verum
1604 1195 1732 1238 etiam

295 1249 552 1289 dissuaserit.
611 1249 843 1305 Quomodo
878 1249 1035 1290 stulte?
1072 1250 1253 1290 etiamne
1287 1251 1320 1291 si
1353 1251 1592 1306 reipublicae
1629 1267 1731 1294 con-

296 1305 510 1347 ducebat?
544 1315 687 1360 potest
714 1315 872 1356 autem,
895 1306 1010 1361 quod
1036 1306 1182 1347 inutile
1211 1307 1453 1361 reipublicae
1482 1308 1548 1359 sit,
1570 1308 1613 1349 id
1641 1310 1732 1350 cui-

212 1360 282 1408 28
297 1377 422 1417 quam
445 1362 525 1402 civi
544 1361 646 1402 utile
668 1376 759 1403 esse
778 1364 790 1403 ?
825 1364 1070 1404 Pervertunt
1098 1362 1292 1404 homines
1315 1379 1378 1414 ea,
1400 1380 1492 1419 quae
1515 1374 1612 1405 sunt
1633 1366 1733 1407 fun-

294 1419 494 1470 damenta
524 1429 698 1469 naturae,
721 1434 818 1460 cum
842 1419 1066 1460 utilitatem
1096 1420 1148 1460 ab
1181 1419 1400 1461 honestate
1421 1421 1664 1477 sejungunt.
1687 1438 1736 1465 o.

294 1490 414 1518 mnes
448 1476 559 1516 enim
592 1476 827 1530 expetimus
863 1476 1104 1527 utilitatem,
1131 1476 1183 1516 ad
1214 1491 1392 1532 eamque
1426 1479 1625 1533 rapimur,
1658 1495 1735 1523 nec

294 1533 432 1585 facere
462 1531 584 1572 aliter
615 1532 703 1573 ullo
736 1532 866 1573 modo
892 1547 1133 1587 possumus.
1166 1548 1261 1573 nam
1291 1534 1384 1588 quis
1413 1545 1492 1585 est,
1516 1536 1588 1590 qui
1616 1536 1735 1578 utilia

297 1589 466 1644 fugiat?
500 1597 574 1629 aut
595 1589 688 1643 quis
711 1589 867 1643 potiuS,
888 1589 961 1644 qui
988 1604 1037 1630 ea
1063 1604 1146 1630 non
1178 1589 1483 1631 studiosissime
1507 1606 1734 1648 persequa-

295 1647 392 1686 tur?
427 1645 501 1686 sed
520 1645 619 1700 quia
639 1660 845 1700 nusquam
873 1660 1114 1700 possumus,
1138 1645 1214 1686 nisi
1236 1646 1276 1686 in
1307 1646 1443 1696 laude,
1466 1647 1633 1699 decore,
1655 1650 1733 1691 bo-

296 1710 458 1743 nestate
478 1701 597 1743 utilia
619 1702 812 1756 reperire,
834 1711 1057 1757 propterea
1081 1702 1153 1742 illa
1174 1702 1322 1757 prima,
1342 1713 1384 1744 et
1407 1719 1574 1745 summa
1604 1705 1734 1747 habe-

296 1773 418 1799 mus:
450 1758 642 1800 utilitatis
671 1773 826 1799 nomen
858 1773 940 1799 non
967 1768 1054 1810 tam
1083 1759 1367 1813 splendidum,
1389 1775 1514 1816 quam
1544 1776 1737 1804 necessa-

212 1830 285 1862 102
299 1816 407 1856 rium
428 1815 636 1856 ducimus.
687 1815 802 1871 Quid
824 1824 887 1855 est
909 1815 1054 1870 igitur,
1075 1815 1223 1856 dixerit
1239 1816 1347 1871 quis,
1370 1816 1410 1857 in
1424 1816 1733 1874 jurejurando?

297 1887 397 1913 num
420 1872 574 1913 iratum
595 1872 796 1913 timemus
815 1873 964 1913 Jovem
983 1874 997 1913 ?
1030 1873 1092 1912 At
1121 1871 1203 1912 hoc
1229 1873 1400 1928 quidem
1422 1888 1649 1917 commune
1672 1885 1736 1917 est

296 1929 486 1971 omnium
514 1928 884 1984 philosophorum,
906 1943 990 1969 non
1023 1943 1171 1969 eorum
1205 1929 1352 1980 modo,
1373 1930 1442 1985 qui
1474 1930 1598 1971 deum
1633 1932 1737 1974 nihil

294 1985 450 2028 habere
481 1986 621 2040 ipsum
655 1985 815 2040 negotii
846 1985 1007 2035 dieunt,
1039 1995 1081 2026 et
1115 1985 1220 2026 nihil
1249 1986 1446 2026 exhibere
1477 1986 1626 2028 alteri:
1659 1989 1734 2031 sed

297 2058 447 2084 eorum
476 2042 619 2092 etiam,
641 2042 714 2097 qui
744 2041 872 2082 deum
902 2056 1067 2096 semper
1093 2056 1220 2097 agere
1241 2042 1414 2097 aliquid,
1436 2051 1479 2083 et
1500 2044 1639 2086 moliri
1662 2060 1735 2087 vo-

295 2099 402 2150 lunt,
423 2113 655 2153 numquam
687 2113 763 2139 nec
795 2098 916 2139 irasci
945 2097 1087 2148 deum,
1113 2113 1190 2139 nec
1217 2113 1382 2139 nocere.
1442 2100 1559 2156 Quid
1591 2111 1734 2150 autem

296 2155 427 2198 iratus
450 2156 617 2210 Jupiter
646 2155 740 2210 plus
769 2169 921 2195 nocere
946 2154 1169 2209 potuisset,
1201 2169 1328 2210 quam
1358 2156 1505 2198 nocuit
1537 2157 1615 2198 sibi
1644 2158 1735 2214 ipse

297 2212 489 2267 Regulus
512 2213 524 2252 ?
559 2211 672 2252 nulla
699 2211 829 2266 igitur
850 2211 906 2252 vis
928 2211 1007 2252 fuit
1037 2211 1267 2266 religionis,
1288 2227 1382 2267 quae
1405 2219 1444 2244 36
1462 2222 1619 2255 tantam
1651 2217 1736 2257 uti-

296 2267 459 2309 litatem
483 2277 748 2323 perverteret.
776 2270 846 2309 An
868 2283 919 2309 ne
938 2268 1117 2323 turpiter
1137 2268 1317 2309 faceret?
1341 2269 1541 2320 Primum,
1560 2271 1736 2313 minima

297 2324 349 2365 de
379 2325 515 2366 malis.
575 2325 695 2366 Num
727 2325 858 2380 igitur
888 2333 1052 2365 tantum
1074 2324 1174 2365 mali
1195 2325 1415 2380 turpitudo
1437 2326 1516 2367 ista
1536 2327 1734 2381 habebat,

296 2390 502 2440 quantum
524 2381 594 2422 ille
616 2381 826 2423 cruciatus
844 2383 858 2423 ?
891 2381 1072 2437 denique
1092 2381 1198 2422 illud
1218 2382 1344 2422 etiam
1367 2382 1480 2438 apud
1500 2384 1687 2437 Attium,

338 2526 378 2549 534
402 2531 485 2562 quem
497 2518 613 2548 censes?
631 2517 798 2558 magnitudo
814 2516 889 2556 δια]
914 2518 992 2559 les,
1080 2524 1120 2549 85
1144 2529 1178 2547 ne
1194 2517 1311 2554 diceret,
1330 2517 1490 2558 recusavit]
1517 2520 1669 2551 Usitatius
1688 2521 1735 2551 fo-

294 2563 399 2606 plures
422 2571 452 2592 et
475 2564 543 2593 edd.
575 2561 670 2591 Rom.
695 2561 776 2590 Ven.
810 2568 902 2595 1471.
934 2562 992 2591 ἃς.
1037 2569 1082 2591 ret
1103 2561 1273 2591 sententiam
1291 2562 1385 2590 dicere
1407 2564 1564 2593 recusavit.
1587 2564 1736 2604 exempla

296 2606 414 2637 habent
435 2617 501 2647 quae
519 2616 623 2640 censes,
643 2613 686 2633 sc.
706 2603 808 2638 utilia,
825 2603 994 2643 magnitudo
1036 2604 1278 2634 constructionis
1309 2604 1394 2635 illius
1421 2615 1487 2635 non
1518 2607 1652 2637 memini
1680 2617 1734 2638 me

295 2649 528 2688 animi—negat.
544 2648 675 2687 quidam
694 2653 725 2676 et
746 2647 867 2676 addunt
883 2657 915 2675 ea
931 2657 993 2675 nm-
1037 2648 1177 2687 reperire.

292 2692 414 2731 gnitudo
431 2693 488 2721 stc.
504 2692 589 2731 quod
612 2697 642 2720 et
666 2690 792 2719 Pearcio
814 2689 946 2729 placuit,
963 2696 993 2719 et
1079 2694 1119 2720 36
1143 2696 1255 2719 tantam
1279 2689 1439 2719 utilitatem
1455 2691 1656 2731 perverteret]
1683 2693 1735 2723 Sic

294 2729 386 2765 nobis
403 2734 515 2774 placet.
560 2735 614 2764 Est
628 2740 737 2764 autern
753 2733 850 2762 oratio
867 2742 992 2772 respon·
1035 2733 1105 2762 edd.
1131 2743 1175 2772 pr.
1203 2740 1233 2762 et
1254 2733 1332 2762 Mss.
1361 2733 1476 2772 plures,
1500 2735 1596 2765 etiam
1620 2736 1736 2776 Duisbf

294 2778 396 2808 dentis
424 2777 637 2818 interroganti,
662 2775 725 2816 quis
748 2775 809 2806 liaec
831 2783 914 2815 neget
937 2787 992 2805 esse
1035 2775 1111 2806 Cur.
1128 2777 1161 2805 in
1178 2776 1276 2806 Goth.
1300 2777 1433 2806 verbum
1457 2777 1584 2807 excidit.
1629 2779 1735 2819 Vulgo

293 2820 382 2849 utilia
394 2821 411 2849 ‚5
433 2821 547 2857 immo,
564 2829 636 2860 quae
659 2826 693 2849 tu
718 2819 807 2849 utilia
830 2826 934 2858 putas,
955 2828 990 2849 ea
1033 2828 1073 2848 ex
1088 2820 1280 2849 correctione
1298 2819 1405 2859 Langii
1417 2825 1624 2860 pra-verteret,
1637 2823 1692 2854 sed
1707 2823 1736 2866 ei

295 2864 482 2904 magnitudo
496 2864 596 2895 animi
613 2868 707 2902 negat
721 2871 787 2893 esse
805 2861 902 2892 utilia.
1036 2871 1101 2893 non
1117 2863 1267 2904 convenit
1280 2861 1340 2892 vis.
