1844 3202
273 108 350 144 644
793 109 870 146 DE
907 109 1164 148 LEGIBUS

270 229 381 263 muS,
401 214 475 255 ubi
493 214 593 266 nati,
613 223 655 256 et
682 215 812 267 illam,
833 232 917 273 qua
936 218 1099 273 excepti
1129 233 1288 260 sumus.
1319 218 1391 260 sed
1421 232 1589 259 necesse
1616 225 1695 270 est,

270 270 443 311 caritate
479 285 573 312 eam
612 282 822 327 praestare,
856 280 892 304 ¹⁶
909 289 992 330 qua
1030 274 1271 329 reipublicae
1309 289 1463 316 nomen
1495 275 1697 316 universae

271 326 447 368 civitatis
468 336 531 368 est
549 345 557 367 :
589 343 665 384 pro
686 343 769 385 qua
787 330 908 380 mori,
930 340 972 371 et
992 331 1060 372 cui
1080 345 1154 370 nos
1175 339 1288 372 totos
1309 331 1474 381 dedere,
1493 338 1536 371 et
1555 331 1597 372 in
1617 346 1703 386 qua.

272 392 416 424 nostra
434 385 576 425 omnia
603 399 773 439 ponere,
795 395 838 427 et
857 386 975 441 quasi
1001 401 1244 427 consecrare
1273 386 1490 429 debemus.
1549 386 1700 428 Dulcis

272 449 414 481 autem
443 456 527 481 non
554 442 690 481 multo
721 455 841 483 secus
869 451 931 482 est
961 457 1023 493 ea,
1045 458 1138 498 quae
1167 444 1330 499 genuit,
1351 459 1477 499 quam
1502 443 1586 494 illa,
1607 457 1703 498 quae

272 496 450 552 excepit.
474 497 613 552 itaque
638 511 720 552 ego
746 497 852 539 banc
885 513 1022 540 meam
1048 513 1138 539 esse
1167 500 1341 555 patriam
1373 515 1542 555 prorsus
1576 514 1699 540 numa

275 566 403 608 quam
425 554 606 609 negabo,
628 553 728 594 dum
751 553 822 595 illa
842 554 895 595 sit
920 555 1069 610 major,
1093 563 1127 591 17
1146 566 1189 596 et
1220 556 1309 596 haec
1338 555 1379 596 in
1411 571 1460 596 ea
1489 557 1704 597 continea-

229 611 358 658 3tur.
417 610 509 651 Att.
551 611 679 650 Recte
707 610 838 665 igitur
877 613 1063 666 Magnus
1094 611 1162 651 ille
1199 621 1353 662 noster,
1384 627 1453 652 me
1491 612 1705 663 audiente,

237 665 416 721 §posuit
447 666 485 706 in
514 665 693 721 judiciO,
722 682 818 708 cum
854 676 889 698 ¹⁹
907 682 982 722 pro
1021 668 1156 709 Balbo
1194 677 1331 709 tecum
1373 669 1498 709 simul
1533 668 1705 719 diceret,

273 722 579 777 rempublicam
624 733 808 764 nostram
844 723 1099 780 justissimas
1141 724 1237 765 huic
1279 724 1508 780 municipio
1548 724 1704 780 gratias

273 793 397 833 agere
418 793 556 834 posse,
577 778 692 834 quod
713 794 761 820 ex
782 795 832 821 eo
858 790 893 815 19
905 780 990 822 duo
1011 781 1074 822 sui
1094 791 1406 822 conservatores
1427 781 1704 823 exstitissent:

272 845 320 875 ut
333 837 425 891 jam
449 834 587 876 videar
608 834 774 887 adduci,
796 837 902 878 hanc
934 852 1120 893 quoque,
1143 853 1238 893 quae
1265 847 1306 879 te
1336 838 1580 894 procreavit,
1613 851 1706 878 esse

269 891 448 946 patriam
472 900 602 932 tuam.
663 900 704 923 20
721 894 776 949 Q.
797 894 881 934 Sed
902 904 1068 935 ventum
1091 894 1131 935 in
1155 894 1330 935 insulam
1353 905 1430 936 est.
1491 895 1534 934 H
1539 909 1586 934 ac
1608 908 1705 935 vero

272 947 375 988 nihil
395 957 459 988 est
485 948 706 989 amoenius.
730 957 766 980 ⁴21
787 958 834 990 ut
862 949 974 990 enim
1006 948 1087 990 hoc
1118 950 1235 1006 quasi
1266 960 1403 991 rostro
1435 950 1604 992 finditur
1636 950 1705 991 Fi-

271 1003 439 1054 brenus,
461 1012 502 1044 et
522 1003 676 1046 divisus
697 1005 911 1060 aequaliter
933 1005 974 1046 in
1000 1006 1103 1047 duas
1132 1015 1268 1062 partes
1294 1006 1423 1048 latera
1451 1006 1542 1047 haec
1571 1006 1706 1057 alluit,

274 1059 501 1115 rapideque
528 1058 713 1115 dilapsus
744 1061 831 1102 cito
861 1060 903 1102 in
937 1077 1067 1102 unum
1099 1063 1288 1113 confluit,
1316 1071 1359 1103 et
1390 1071 1554 1103 tantum
1587 1077 1707 1104 com-

231 1129 262 1160 b.
275 1116 485 1172 plectitur,
512 1117 629 1172 quod
659 1117 757 1158 satis
784 1117 837 1159 sit
864 1117 1043 1159 modicae
1070 1118 1291 1174 palaestrae,
1313 1118 1410 1160 loci.
1433 1134 1518 1174 quo
1538 1119 1706 1170 effecto,

273 1182 491 1229 tamquam
521 1172 564 1214 id
595 1173 790 1215 habuerit
816 1173 954 1230 operis
987 1189 1034 1215 ac
1060 1176 1256 1226 muneris,
1277 1184 1326 1216 ut
1350 1175 1456 1216 hanc
1477 1176 1597 1216 nobis
1617 1175 1706 1216 effi·

273 1239 389 1270 ceret
418 1229 559 1270 sedem
600 1229 654 1270 ad
694 1229 1008 1286 disputandum,
1040 1231 1181 1273 statim
1213 1231 1447 1288 praecipitat
1477 1233 1517 1273 in
1549 1232 1707 1283 Lirem,

274 1295 331 1337 et,
360 1285 479 1341 quasi
506 1287 548 1327 in
578 1286 781 1327 familiam
817 1287 1034 1343 patriciam
1064 1288 1234 1338 venerit,
1262 1288 1418 1329 amittit
1448 1302 1602 1329 nomen
1628 1288 1707 1329 ob-

275 1343 450 1393 scurius,
482 1342 709 1398 Liremque
741 1344 877 1385 multo
905 1343 1155 1400 gelidiorem
1188 1345 1302 1386 facit.
1331 1359 1412 1391 nec.
1434 1345 1545 1385 enim
1573 1344 1707 1386 ullum

273 1399 355 1441 hoc
374 1399 569 1455 frigidius
590 1399 746 1440 flumen
767 1399 904 1456 attigi,
926 1415 1023 1442 cum
1050 1399 1103 1441 ad
1133 1401 1267 1442 multa
1296 1401 1555 1452 accesserim,
1576 1410 1624 1442 ut
1642 1401 1708 1442 vix

274 1453 380 1511 pede
402 1465 562 1497 tentare
588 1455 629 1497 id
659 1457 847 1512 possim:
879 1454 992 1513 quod
1017 1456 1058 1497 in
1094 1457 1271 1498 Phaedro
1300 1459 1484 1499 Platonis
1505 1458 1606 1499 facit
1626 1458 1707 1499 So-

239 1519 260 1559 7
274 1522 422 1553 crates.
463 1513 529 1553 M.
550 1514 626 1553 Est
645 1528 741 1554 vero
763 1513 845 1555 ita:
875 1514 948 1554 sed
970 1523 1110 1555 tamen
1132 1513 1229 1555 huic
1252 1514 1500 1562 amoenitati,
1522 1523 1560 1546 ‘22
1579 1529 1706 1570 quam

273 1584 325 1610 ex
355 1569 519 1611 Quinto
549 1584 660 1625 saepe
690 1570 831 1621 audio,
860 1570 1088 1612 Thebanus
1126 1571 1321 1626 Epirotes
1353 1580 1449 1612 tuus
1479 1571 1549 1611 ille
1587 1569 1707 1619 nihil,

274 1626 439 1681 opinor,
459 1627 728 1667 concesserit.
788 1627 843 1683 Q.
874 1628 951 1668 Est
980 1627 1053 1677 ita,
1084 1635 1132 1667 ut
1163 1627 1280 1668 dicis.
1312 1642 1411 1668 cave
1441 1628 1553 1668 enim
1584 1635 1708 1683 putes

273 1682 409 1724 Attici
444 1681 575 1724 nostri
612 1690 650 1715 23
667 1682 915 1735 Amaltheo,
949 1682 1212 1739 platanisque
1242 1683 1323 1724 illis
1356 1683 1585 1740 quidquam
1617 1697 1709 1725 esse

319 1812 356 1838 16
380 1818 438 1847 qua
455 1806 525 1847 reip.
548 1818 645 1837 nomen
667 1806 752 1837 unt'v,
777 1819 801 1838 c.
827 1806 879 1846 est]
906 1808 970 1838 Hic

275 1850 363 1880 locus
380 1854 462 1879 certe
477 1851 608 1880 vitiosus
629 1858 684 1880 est.
708 1860 767 1880 nec
788 1852 884 1890 reperi
903 1861 971 1881 cor·

276 1894 460 1928 rectionem,
477 1903 549 1932 quae
564 1894 637 1923 satis
653 1894 766 1924 faceret
783 1894 874 1924 mihi.

321 1942 356 1970 17
382 1942 409 1964 e!
429 1935 490 1964 Izaec
510 1936 540 1964 in
562 1947 595 1964 ea
617 1936 810 1975 contineatur]
839 1937 900 1967 Hic
924 1936 969 1966 lo-

275 1987 332 2009 cus
358 1979 441 2008 varie
467 1979 671 2019 interpolatus
698 1986 743 2010 est
773 1981 805 2010 in
836 1980 915 2009 Mss.
940 1986 971 2010 et

276 2022 344 2051 edd.
362 2031 405 2060 pr.
425 2028 455 2051 et
469 2031 588 2058 vereor,
605 2033 644 2052 ne
660 2032 787 2062 quoque
803 2023 841 2053 sit
860 2023 900 2053 ab
923 2023 970 2052 in—

276 2065 471 2100 terpolatore.

321 2114 358 2137 18
376 2113 430 2146 pro
452 2106 578 2145 Avidio]
604 2107 734 2138 Variant
761 2107 831 2138 libri
861 2113 891 2137 et
912 2107 968 2137 viri

275 2150 358 2180 docti
382 2150 413 2179 in
438 2151 499 2180 hoc
522 2151 665 2180 nomine.
689 2151 733 2180 illi
758 2151 875 2180 habent
891 2151 969 2180 Am-

275 2194 341 2230 bio,
357 2193 462 2222 Albio.
508 2193 570 2223 Ms.
588 2193 696 2223 Maffei
714 2194 849 2223 habebat
865 2192 968 2228 Balbo,

276 2246 332 2275 pro
365 2245 429 2273 quo
459 2245 535 2265 cum
566 2243 689 2265 constet
719 2236 905 2266 Ciceronem
940 2242 970 2265 et

277 2279 466 2318 Pompeium
482 2278 608 2313 dixisse,
626 2279 657 2308 P.
677 2279 855 2315 Manutius,
880 2280 971 2309 Lam-

275 2322 384 2356 binus,
408 2321 555 2351 Davisius
573 2329 602 2350 et
618 2321 819 2352 Alemannus
837 2331 908 2351 eam
927 2321 971 2351 le-

277 2365 417 2395 ctionem
438 2371 632 2403 receperunt,
649 2375 727 2403 quos
742 2371 870 2395 secutus
885 2373 971 2395 sum.

324 2415 361 2440 19
383 2407 436 2436 duo
462 2407 506 2435 sui
535 2407 757 2446 conservatores]
792 2408 911 2437 Marius
941 2414 972 2437 et

277 2451 411 2480 Cicero:
451 2449 503 2479 ille
532 2457 655 2489 propter
683 2451 780 2480 victos
812 2450 969 2487 Cimbros,

278 2494 330 2523 hic
351 2493 393 2523 ob
422 2502 603 2532 oppressam
633 2494 887 2532 conjurationem
911 2493 971 2524 Ca-

278 2536 458 2566 tilinariam.

321 2587 362 2609 20
384 2578 443 2608 Sed
462 2584 582 2607 ventum
605 2577 635 2606 in
661 2576 784 2607 insulam
814 2576 866 2616 est]
900 2577 971 2608 Hoc

280 2622 403 2651 Quinto
417 2630 483 2651 esse
498 2622 703 2651 tribuendum
719 2627 800 2650 recte
815 2621 891 2650 vidit
914 2621 972 2650 Be-

278 2666 384 2695 hotius
404 2664 562 2703 Apophor.
581 2664 640 2699 111,
661 2671 708 2694 1⁵.
726 2672 801 2692 nam
823 2671 895 2702 quae
919 2664 972 2694 hic

276 2709 439 2743 dicuntur,
468 2716 533 2737 non
563 2714 635 2745 apta
663 2713 737 2735 sunt
767 2706 884 2742 Attico,
914 2707 968 2745 qui

276 2757 347 2780 tum
370 2751 510 2790 primum
534 2750 566 2779 in
590 2749 678 2779 illam
699 2749 808 2778 villam
832 2756 968 2779 venerat.

278 2793 386 2832 ltaque
403 2793 653 2832 praeponendum
664 2791 767 2822 Quinti
779 2801 897 2822 nomen
910 2802 970 2831 pu-

275 2842 331 2866 tat.
346 2836 421 2875 quia
435 2842 505 2876 post
520 2836 649 2866 Marcus
663 2835 791 2874 subjicit
805 2847 811 2865 :
830 2835 885 2865 Est
899 2845 970 2864 ‘vero

1013 1808 1070 1845 ira,
1086 1814 1117 1838 et
1132 1808 1159 1838 ei
1177 1809 1339 1848 respondet
1357 1807 1482 1838 Quintus
1499 1809 1558 1838 &c-

1057 1859 1093 1882 ‘21
1119 1858 1151 1880 ue
1167 1852 1240 1880 enim
1259 1852 1285 1881 h.
1303 1864 1331 1893 q.
1349 1851 1388 1890 r.]
1413 1851 1560 1881 Davisius
1583 1850 1710 1889 corrigit

1013 1894 1129 1930 etenim,
1154 1895 1246 1930 bene,
1277 1895 1399 1933 opinor.
1431 1894 1478 1923 hoc
1507 1894 1581 1924 dicit
1610 1893 1708 1931 digito

1012 1938 1241 1967 demonstrans.
1272 1938 1308 1967 In
1326 1938 1373 1967 ed.
1390 1937 1471 1967 Ven.
1490 1944 1581 1968 1494.
1598 1944 1709 1965 exem·

1013 1980 1065 2019 plo
1087 1990 1159 2010 meo
1183 1990 1297 2010 manus
1319 1981 1410 2010 docta
1432 1980 1566 2009 correxit
1583 1978 1647 2015 lmc,
1661 1988 1708 2008 sc.

1013 2030 1109 2062 parte.

1057 2073 1096 2095 ‘22
1127 2076 1213 2106 quam
1243 2076 1279 2094 ex
1301 2063 1533 2094 Q-—Thebanus
1558 2061 1703 2102 Epirotes]

1014 2108 1094 2138 Haec
1108 2109 1218 2138 vitiosa
1233 2118 1298 2137 esse
1313 2108 1434 2137 dudum
1453 2107 1555 2136 videre
1572 2107 1627 2136 viri
1650 2107 1705 2136 do-

1014 2152 1065 2180 cti.
1091 2151 1124 2180 P.
1141 2151 1305 2180 Manutius
1314 2150 1437 2179 volebat
1451 2149 1509 2187 legi
1525 2149 1707 2190 quemadmo-

1013 2194 1092 2229 dum,
1105 2195 1189 2232 quod
1205 2201 1235 2223 et
1251 2203 1390 2232 recepere
1410 2193 1595 2227 Lambinus,
1607 2191 1708 2222 Aldus

1015 2246 1124 2275 nepoS‚
1149 2246 1249 2274 nuper
1272 2236 1482 2265 Alemannus.
1506 2241 1574 2264 tum
1600 2244 1616 2264 e
1637 2234 1707 2263 The-

1014 2279 1101 2308 banus
1121 2280 1290 2309 Turnebus
1311 2279 1383 2308 fecit
1401 2277 1545 2318 Thyamis,
1565 2277 1706 2316 (Advers.

1013 2320 1073 2358 XI,
1101 2321 1162 2359 16.)
1190 2323 1244 2361 qui
1269 2331 1313 2351 est
1338 2321 1419 2360 Epiri
1443 2321 1570 2350 fluvius.
1594 2321 1709 2359 recepit

1014 2366 1126 2404 pariter
1154 2365 1363 2394 Alemannus.
1395 2363 1540 2393 Davisius
1571 2363 1710 2392 malebat

1014 2408 1246 2449 quem-fundus
1261 2408 1298 2437 E.
1316 2408 1336 2436 i.
1353 2414 1374 2436 t.
1391 2407 1443 2436 cui
1460 2406 1562 2445 aptius
1577 2412 1622 2435 est
1636 2405 1710 2445 Epi-

1015 2457 1097 2487 rotes,
1124 2451 1209 2489 quod
1241 2459 1305 2480 non
1327 2450 1451 2479 videtur
1479 2449 1607 2479 flumini
1635 2448 1708 2479 satis

1014 2494 1197 2529 convenire,
1210 2500 1252 2529 et,
1270 2500 1304 2523 ut
1319 2493 1481 2531 sequentia
1497 2492 1623 2527 docent,
1641 2500 1709 2521 ma-

1013 2537 1059 2575 gis
1087 2537 1203 2566 fundus
1229 2544 1306 2566 cum
1332 2535 1445 2571 fundo,
1469 2543 1567 2574 quam
1590 2534 1708 2564 fluvius

1014 2588 1089 2609 cum
1107 2579 1204 2609 fluvio
1220 2585 1429 2618 comparatur.

1058 2628 1096 2652 28
1122 2621 1290 2658 Amaltheo]
1316 2621 1391 2650 Non
1414 2619 1551 2650 dubitavi
1576 2619 1637 2649 hoc
1662 2627 1707 2648 re-

1014 2665 1116 2703 cipere
1138 2674 1193 2703 pro
1214 2664 1360 2701 Emathio,
1381 2673 1398 2693 e
1421 2663 1609 2693 correctione
1627 2662 1708 2691 Tur-

1013 2707 1100 2743 nebi,
1117 2716 1192 2737 cnm
1213 2707 1382 2742 Lambino,
1398 2706 1478 2736 Aldo
1493 2705 1564 2742 jun.
1581 2711 1611 2734 et
1626 2704 1706 2734 aliis.

1013 2750 1098 2780 Nam
1116 2750 1209 2779 Attici
1223 2749 1432 2780 Amaltheum
1449 2755 1479 2779 et
1494 2747 1565 2778 alibi
1583 2754 1707 2777 memo—

1013 2800 1097 2823 ratur
1111 2802 1130 2822 a
1145 2792 1308 2824 Cicerone.
