1844 3202
588 130 768 170 L1BER
805 128 1045 167 PR1MUs.
1455 129 1531 176 697

104 241 247 299 paullo
277 249 384 298 post,
421 239 528 298 quod
565 253 606 280 se
645 238 815 279 oblitum
853 235 982 277 nescio
1021 234 1121 291 quid
1154 234 1315 275 diceret.
1376 235 1536 278 Deinde

107 314 298 357 egressus
320 315 340 340 e
372 296 527 347 castris,
549 293 821 350 jurejurando
853 307 894 334 se
926 291 1103 334 solutum
1129 290 1306 346 putabat
1326 309 1338 332 .-
1381 300 1417 332 et
1448 301 1536 334 erat

107 355 249 407 verbis,
269 371 313 397 re
332 369 410 395 non
427 359 530 393 erat.
591 352 756 406 Semper
781 358 915 391 autem
946 349 988 389 in
1006 346 1113 403 fide,
1136 347 1236 403 quid
1254 348 1436 398 senseris,
1458 363 1536 389 non

108 412 210 468 quid
241 410 406 460 dixeris,
441 407 716 465 cogitandum.
776 406 1016 447 Maximum
1046 411 1182 445 autem
1212 403 1441 459 exemplum
1478 412 1537 446 est

95 467 282 524 justitiae
311 466 353 507 in
384 465 536 506 hostem
566 480 591 506 a
620 463 840 519 ‘majoribus
864 462 1013 503 nostris
1037 461 1316 502 constitutum.
1380 461 1481 501 Cum
1513 475 1539 501 α

109 522 268 579 Pyrrho
294 521 474 578 perfuga
498 521 657 563 senatui
685 528 743 562 est
769 518 999 575 pollicitus,
1019 533 1060 559 se
1088 531 1281 558 venenum
1306 516 1394 573 regi
1415 516 1539 557 datu-

106 594 213 630 rum,
250 585 288 620 et
320 594 409 619 eum
440 585 676 619 necaturum
695 594 707 618 .·
739 584 917 626 senatus,
937 582 976 616 et
1010 575 1054 616 C.
1088 573 1292 615 Fabricius
1316 573 1540 629 perfugam

110 637 148 678 P
179 635 270 676 rr'lzo
303 634 426 677 dedit.
486 635 554 676 Ita
587 650 637 675 ne
671 633 796 674 hostis
829 631 1006 689 quidem,
1034 637 1073 672 et
1098 630 1291 686 potentis,
1322 637 1361 672 et
1390 628 1541 671 bellum

109 707 135 733 u
157 700 216 733 tro
252 690 480 749 inferentis,
516 690 729 732 interitum
765 704 854 731 cum
894 687 1040 729 scelere
1073 686 1328 743 approbavit.
1387 687 1454 727 Ac
1489 685 1598 726 de41

110 748 464 804 bellicis-quidem
486 748 632 789 officiis
653 746 752 788 satis
772 746 934 787 dictum
957 753 1034 785 est.

181 804 504 846 Meminerimus
538 812 695 855 autem,
727 802 854 844 etiam
895 801 1091 842 adversus
1132 800 1298 842 infimos
1330 798 1542 856 justitiam

110 875 203 903 esse
231 861 488 903 servandam.
547 862 624 901 Est
650 869 793 901 autem
826 859 971 900 infima
998 856 1186 898 conditio
1207 865 1250 897 et
1268 857 1437 898 fortuna
1458 869 1544 897 ser-

111 932 286 960 vorum:
318 918 486 973 quibus,
506 932 590 959 non
618 917 727 958 male
754 915 1017 972 praecipiunt,
1039 914 1112 970 qui
1136 914 1195 954 ita
1217 913 1371 969 jubent
1397 913 1475 963 uti,
1497 921 1546 953 ut

112 975 404 1026 mercenariis3
435 988 608 1030 operam
628 972 894 1028 exigendam,
907 971 1026 1027 justa
1045 969 1285 1026 praebenda.
1338 969 1449 1010 Cum
1470 984 1545 1010 au-

113 1039 202 1072 tem
233 1030 400 1073 duobus
431 1030 583 1082 modis,
614 1029 657 1071 id
686 1038 764 1080 est,
794 1038 868 1070 aut
898 1028 949 1078 vi,
981 1036 1053 1068 aut
1084 1026 1231 1069 fraude
1262 1026 1333 1068 fiat
1366 1025 1546 1082 injuria:

115 1087 244 1137 fraus,
261 1087 381 1143 quasi
400 1087 647 1143 vulpeculae,
668 1087 742 1137 vis,
761 1085 893 1127 leonis
914 1084 1077 1126 videtur
1096 1101 1104 1124 :
1125 1093 1354 1139 utrumque
1374 1082 1549 1124 homine

114 1143 444 1186 alienissimum:
476 1143 548 1185 sed
576 1144 689 1185 fraus
716 1142 816 1184 odio
846 1141 975 1196 digna
1001 1141 1174 1196 majore.
1233 1140 1383 1181 Totius
1405 1147 1549 1180 autem

115 1199 332 1256 injustitiae
353 1199 467 1241 nulla
487 1199 705 1255 capitalior
725 1206 802 1248 est,
821 1212 946 1254 quam
969 1211 1132 1247 eorum,
1153 1204 1167 1233 7
1174 1205 1193 1228 0
1203 1196 1276 1251 qui
1296 1210 1393 1237 cum
1417 1195 1550 1236 maxi—

116 1270 184 1297 me
203 1256 369 1308 fallunt,
386 1256 428 1297 id
449 1263 667 1311 agunt,·ut
686 1255 758 1296 viri
779 1254 881 1295 boni
901 1267 991 1294 esse
1011 1253 1242 1294 videantur.
1301 1253 1370 1294 De
1385 1252 1552 1309 justitia

118 1312 218 1354 satis
237 1312 398 1355 dictum
419 1321 495 1353 est.
1563 1314 1596 1346 b.

175 1369 387 1425 Deinceps
417 1372 483 1424 (ut
501 1376 591 1410 erat
608 1367 892 1424 propositum)
916 1367 968 1408 de
990 1365 1279 1407 beneficientia
1298 1380 1346 1406 ac
1367 1365 1551 1406 liberali·
1570 1363 1637 1412 14·-

119 1434 206 1467 tate
227 1425 416 1467 dicatur:
447 1440 531 1482 qua
557 1424 729 1481 quidem
761 1423 865 1465 nihil
894 1432 960 1465 est
991 1433 1151 1465 naturae
1179 1422 1362 1463 hominis
1385 1436 1616 1469 accom-42

119 1481 346 1524 modatius.
377 1483 450 1524 sed
472 1482 599 1523 habet
623 1481 778 1522 multas
799 1480 1030 1522 cautiones.
1086 1478 1333 1521 Videndum
1354 1488 1419 1520 est
1440 1479 1554 1519 enim

120 1538 322 1594 primum,
346 1553 399 1580 ne
423 1539 537 1581 obsit
563 1538 817 1593 benignitas,
839 1546 881 1578 et
911 1537 960 1578 iis
987 1536 1104 1592 ipsis,
1132 1543 1170 1573 71
1188 1535 1342 1591 quibus
1373 1536 1557 1591 benigne

120 1594 329 1638 videbitur
359 1596 459 1647 fieri,
489 1604 534 1637 et
562 1595 738 1637 ceteris:
775 1593 940 1644 deinde,
972 1607 1025 1634 ne
1055 1592 1191 1649 major
1221 1592 1459 1648 benignitas
1490 1593 1558 1641 sit,

122 1666 250 1708 quam
270 1652 492 1695 facultates
509 1669 519 1693 ε
553 1661 661 1703 tum,
678 1660 727 1692 ut
747 1665 825 1706 pro
846 1649 1053 1706 dignitate
1072 1651 1226 1705 cuique
1246 1649 1469 1690 tribuatur.
1509 1649 1560 1689 Id

121 1708 236 1750 enim
256 1718 320 1751 est
332 1709 511 1767 justitiae
530 1708 868 1757 fundamentum,
889 1706 943 1748 ad
962 1721 1088 1761 quam
1116 1706 1208 1748 haec
1229 1705 1445 1747 referenda
1464 1714 1562 1746 sunt

125 1765 282 1807 omnia.
340 1768 465 1808 Nam
486 1775 530 1807 et
559 1766 631 1821 qui
661 1764 951 1820 gratificantur
980 1762 1179 1817 cuipiam,
1199 1761 1315 1818 quod
1344 1762 1457 1803 obsit
1484 1761 1561 1812 illi,

125 1822 198 1870 cui
225 1822 424 1878 prodesse
456 1822 561 1864 velle
592 1820 822 1871 videantur,
854 1835 937 1861 non
966 1819 1160 1870 benefici,
1186 1833 1323 1876 neque
1353 1818 1562 1869 liberales,

125 1878 202 1920 sed
228 1878 452 1934 perniciosi
481 1886 760 1920 assentatores
784 1875 1004 1933 judicandi
1034 1884 1160 1918 sunt:
1191 1885 1235 1917 et
1263 1876 1337 1932 qui
1364 1876 1455 1916 aliis
1484 1890 1562 1916 no-

127 1945 240 1985 cent,
266 1944 315 1977 ut
341 1936 384 1976 in
413 1935 518 1977 alios
547 1934 738 1977 liberales
766 1934 863 1984 sint,
892 1934 934 1974 in
963 1932 1109 1973 eadem
1141 1941 1238 1974 sunt
1267 1932 1486 1988 injustitia,
1517 1943 1564 1972 ut

128 1999 168 2029 72
187 1992 221 2033 si
241 1991 283 2032 in
305 2006 425 2033 suam
446 2007 533 2033 rem
554 1991 733 2032 alienam
755 1998 1012 2032 convertant.
1072 1986 1179 2030 Sunt
1201 1999 1342 2030 autem
1362 1988 1500 2038 multi,
1521 1997 1563 2029 et
1574 1996 1627 2029 43

129 2048 301 2105 quidem
331 2048 476 2105 cupidi
507 2047 739 2104 splendoris
768 2056 812 2089 et
840 2046 1006 2102 gloriae,
1027 2045 1100 2102 qui
1120 2045 1302 2101 eripiunt
1322 2045 1428 2095 aliis,
1450 2043 1566 2101 quod

131 2105 222 2146 aliis
243 2105 504 2161 largiantur:
534 2105 664 2161 hique
694 2104 947 2145 arbitrantur
975 2117 1020 2144 se
1048 2102 1256 2144 beneficos
1277 2102 1318 2143 in
1340 2116 1438 2143 suos
1461 2101 1568 2142 ami-

131 2175 206 2204 cos
222 2161 357 2204 visum
376 2161 440 2214 iri,
454 2162 490 2204 si
505 2161 766 2217 locupletent
781 2174 853 2202 eos
870 2173 1139 2216 quacumque
1152 2159 1328 2200 ratione.
1359 2158 1409 2200 Id
1426 2167 1567 2200 autem

132 2227 299 2261 tantum
321 2219 442 2261 abest
466 2219 619 2269 officio,
638 2227 687 2260 ut
714 2217 819 2258 nihil
847 2217 984 2273 magis
1014 2216 1154 2257 officio
1184 2216 1319 2271 possit
1346 2229 1438 2256 esse
1466 2229 1569 2256 con-

135 2275 325 2317 trarium.
361 2275 606 2318 Videndum
628 2285 692 2316 est
713 2274 859 2330 igitur,
874 2284 924 2315 ut
942 2288 991 2314 ea
1006 2272 1254 2314 liberalitate
1275 2282 1460 2323 utamur,
1475 2286 1569 2328 quae

136 2332 268 2388 prosit
286 2331 450 2384 amicis,
471 2339 622 2374 noceat
648 2331 819 2372 nemini.
878 2331 1025 2373 Quare
1046 2331 1096 2371 L.
1117 2328 1261 2380 Sullae,
1282 2338 1325 2370 et
1349 2328 1400 2370 C.
1425 2328 1569 2370 Caesa-

137 2386 195 2428 ris
214 2388 487 2444 pecuniarum
508 2387 726 2430 translatio
748 2402 772 2428 a
787 2387 916 2444 justis
934 2386 1118 2428 dominis
1139 2385 1193 2427 ad
1213 2386 1370 2428 alienos
1393 2400 1476 2426 non
1498 2384 1572 2426 de-

138 2443 212 2486 bet
241 2443 422 2488 liberalis
449 2445 593 2487 videri.
651 2444 774 2486 Nihil
791 2454 856 2486 est
874 2444 988 2485 enim
1015 2441 1200 2493 liberale,
1220 2442 1337 2499 quod
1356 2457 1440 2484 non
1460 2441 1571 2483 idem

133 2498 317 2557 justum.
389 2502 511 2544 Alter
539 2510 628 2544 erat
660 2501 780 2542 locus
815 2500 1041 2553 cautionis2
1073 2514 1125 2541 ne
1160 2499 1398 2556 benignitas
1438 2497 1634 2554 major&

140 2565 265 2608 esset,
296 2571 422 2614 quam
451 2558 700 2601 facultates:
734 2557 865 2615 quod,
895 2557 968 2614 qui
997 2556 1266 2613 benigniores
1295 2555 1441 2597 volunt
1470 2569 1572 2604 esse,

188 2703 229 2733 7ο
251 2698 302 2739 qui
326 2705 386 2728 tum
411 2709 473 2728 cum
502 2709 541 2729 m.
561 2699 611 2740 f.]
639 2699 751 2730 Delevi
778 2706 839 2728 rum
883 2698 997 2736 deutur,
1013 2699 1100 2739 quod
1115 2707 1181 2728 non
1195 2706 1355 2738 spernam.

144 2748 223 2773 cum
239 2741 375 2772 Graevio.
411 2741 467 2771 Ed.
492 2741 561 2772 Col.
587 2743 684 2773 habet
705 2742 755 2784 qui
780 2749 840 2771 tum
927 2748 965 2776 72
990 2742 1014 2771 si
1037 2742 1067 2771 in
1091 2753 1170 2771 suam
1198 2752 1255 2770 rem
1277 2739 1373 2769 aliena
1393 2735 1575 2775 convertant]

145 2782 284 2820 maxime,
300 2783 500 2825 cumfallunt,
518 2784 550 2813 id
561 2792 662 2824 agunt.
885 2783 1011 2814 alienam
1027 2785 1147 2815 habent
1163 2784 1241 2814 Mss.
1257 2783 1388 2821 quidam
1402 2788 1434 2812 et
1446 2781 1516 2811 edd.
1531 2790 1578 2820 pr.

191 2832 228 2861 71
254 2826 354 2867 quibus
371 2827 487 2866 beru'gne
509 2827 657 2857 videbitur
668 2826 759 2867 fieri]
778 2827 842 2858 MS.
885 2837 1010 2859 omnes.
1039 2828 1076 2857 In
1094 2827 1157 2858 MS.
1173 2827 1271 2858 Goth.
1286 2825 1399 2855 ultima
1413 2824 1500 2854 litera
1514 2833 1580 2854 era-

149 2867 225 2899 Cur.
243 2868 390 2899 videntur.
414 2871 492 2901 forte
515 2870 616 2900 voluit
637 2870 769 2903 scribere
793 2869 843 2900 τι·-
885 2879 920 2901 sa
935 2878 990 2901 est.
1035 2870 1145 2909 Itaque
1161 2878 1240 2902 cum
1254 2868 1378 2898 Pearcio
1395 2866 1552 2898 revocavi.-
