1844 3202
581 79 770 118 LIBER
808 79 1050 122 PRIMUS.
1455 82 1531 128 627

108 185 219 229 enim
249 185 291 228 id
321 185 546 243 quaerimus
576 187 659 231 hoc
685 201 893 237 sermone,
921 185 1141 242 Pomponi,
1173 187 1532 242 quemadmodum

105 256 323 284 caveamus
343 244 384 284 in
398 243 509 299 jure,
529 253 602 287 aut
626 243 728 300 quid
757 243 810 284 de
837 257 1004 299 quaque
1031 241 1339 284 consultatione
1360 259 1533 299 respon-

104 298 291 340 deamus.
351 300 413 341 Sit
450 300 529 340 ista
565 315 628 341 res
661 314 831 356 magna,
861 299 970 341 sicut
1006 308 1098 341 est:
1130 313 1225 354 quae
1265 299 1475 354 quondam
1507 315 1533 344 a

105 353 251 397 multis
270 355 391 397 claris
412 355 518 406 viris,
540 371 650 398 nunc
671 356 724 398 ab
750 370 836 398 uno
856 370 1023 397 summa
1042 355 1305 406 auctoritate,
1326 363 1368 396 et
1398 356 1532 397 scien-

104 409 164 452 tia
194 412 444 453 sustinetur:
474 412 546 454 sed
577 412 698 454 nobis
727 412 784 454 ita
814 411 1135 468 complectenda
1166 412 1208 452 in
1236 411 1313 452 hac
1342 411 1532 466 disputa-

104 467 220 508 tione
243 476 336 510 tota
364 483 489 510 causa
519 469 698 511 universi
714 469 822 525 juris
850 478 914 510 est
944 483 992 510 ac
1024 468 1184 524 legum,
1214 478 1261 508 ut
1288 467 1384 519 hoe,
1414 467 1533 508 civile

100 523 219 577 quod
247 524 438 576 dicimus,
469 534 507 558 2⁵
528 526 571 566 in
600 540 774 581 parvum
805 524 1030 580 quendam,
1060 534 1103 566 et
1131 533 1359 580 angustum
1389 524 1532 565 locum

97 579 379 623 concludatur
405 590 578 624 naturae.
601 589 747 623 natura
767 583 878 622 enim
899 581 1008 637 juris
1034 580 1278 636 explicanda
1305 589 1369 622 est
1398 579 1534 630 nobis,

98 647 234 699 eaque
267 638 321 678 ab
360 637 540 679 hominis
575 638 801 693 repetenda
836 648 1011 679 natura:
1057 636 1369 678 considerandae
1399 636 1531 692 leges,

99 692 253 746 qulbus
270 693 457 736 civitates
477 695 565 750 regi
585 695 789 736 debeant:
819 704 910 736 tum
933 694 1024 735 haec
1044 694 1274 744 tractanda,
1295 709 1390 749 quae
1411 707 1529 734 com·
1542 697 1574 732 b.

98 748 236 802 posita
255 760 353 792 sunt
372 760 414 792 et
443 751 666 807 descripta,
697 751 788 792 ‘ura
808 761 851 792 et
871 751 992 806 jussa
1015 751 1285 806 populorum,
1308 751 1351 791 in
1374 749 1529 806 quibus

99 817 153 845 ne
172 807 301 848 nostri
327 806 497 862 quidem
524 807 671 863 populi
689 767 895 858 latebunt,
916 822 1010 863 quae
1033 814 1234 848 vocantur
1257 807 1356 863 jura
1380 806 1528 848 civilia.

100 861 155 916 Ω.
184 861 286 904 Alte
314 878 425 917 vero,
453 873 510 914 et,
538 874 586 907 ut
615 872 796 920 oportet,
827 878 852 905 a
880 864 1033 920 capite,
1061 864 1203 915 frater,
1233 863 1385 920 repetis
1415 859 1576 928 quod6

97 918 353 972 quaerimus:
384 929 427 961 et
445 922 520 977 qui
539 920 659 962 aliter
678 921 747 976 jus
765 921 885 962 civile
910 920 1094 971 tradunt,
1115 935 1199 961 non
1221 919 1310 976 jam
1336 920 1528 976 justitiae,
1546 939 1591 971 18

97 987 226 1028 quam
256 975 449 1032 litigandi
477 977 649 1019 tradunt
672 977 771 1019 vias.
832 978 897 1018 Μ.
929 978 1032 1018 Non
1065 986 1130 1018 est
1160 977 1232 1028 ita,
1265 978 1448 1034 Quinte:
1481 991 1529 1018 ac

97 1030 240 1084 potius
258 1032 469 1089 ignoratio
488 1034 597 1089 juris
616 1034 801 1089 litigiosa
821 1042 898 1084 est,
922 1048 1049 1089 quam
1077 1033 1264 1075 scientia.
1325 1033 1407 1075 Sed
1438 1033 1530 1075 haec

97 1088 320 1141 posterius.
368 1090 496 1131 Nunc
509 1090 617 1146 juris
638 1090 841 1146 principia
861 1089 1087 1131 videamus.

156 1144 293 1198 Igitur
324 1145 578 1187 doctissimis
604 1147 699 1187 viris
729 1153 769 1178 96
785 1146 993 1201 proficisci
1024 1145 1183 1200 placuit
1210 1160 1234 1185 a
1263 1145 1385 1200 lege:
1417 1145 1532 1188 haud

96 1198 185 1239 scio
217 1214 271 1240 an
301 1209 428 1252 recte,
459 1203 494 1242 si
527 1202 675 1252 modo,
709 1211 757 1243 ut
790 1201 919 1242 iidem
953 1201 1170 1251 definiunt,
1210 1202 1299 1242 Lex
1330 1211 1396 1243 est
1424 1203 1533 1244 ratio

97 1268 277 1307 summa,
311 1258 432 1299 insita
457 1258 499 1298 in
531 1268 693 1310 natura,
720 1274 813 1314 quae
839 1258 966 1314 jubet
999 1272 1061 1308 ea,
1092 1273 1186 1313 quae
1220 1257 1410 1299 facienda
1436 1267 1533 1303 sunt

98 1312 377 1370 prohibetque
412 1315 633 1356 contraria.
690 1315 851 1356 Eadem
884 1314 992 1355 ratio
1026 1329 1125 1355 cum
1164 1323 1229 1355 est
1266 1314 1309 1354 in
1348 1314 1532 1356 hominis

97 1379 239 1410 mente
267 1370 515 1412 confirmata
542 1379 585 1412 et
614 1371 823 1422 confecta,
851 1370 919 1412 lex
947 1380 1026 1412 est.
1086 1372 1234 1426 Itaque
1263 1371 1532 1424 arbitrantur,
1548 1380 1596 1421 19

95 1425 360 1480 prudentiam
389 1441 478 1468 esse
506 1427 662 1483 legem,
690 1427 810 1484 cujus
838 1442 888 1468 ea
908 1427 964 1468 vis
991 1427 1059 1476 sit,
1091 1437 1139 1468 ut
1163 1434 1277 1468 recte
1302 1428 1437 1469 facere
1459 1429 1533 1484 ju-

96 1481 210 1533 beat,
235 1492 346 1525 vetet
375 1483 641 1540 delinquere:
673 1498 850 1540 eamque
886 1498 974 1525 rem
1006 1483 1065 1524 illi
1094 1484 1248 1524 Graeco
1274 1493 1425 1539 putant
1454 1500 1531 1526 no-

96 1538 224 1590 mine,
255 1554 280 1580 a
313 1555 437 1582 suum
471 1541 626 1596 cuique
654 1540 878 1582 tribuendo
904 1540 1184 1596 appellatam:
1214 1553 1298 1595 ego
1331 1550 1476 1582 nostro
1507 1556 1532 1582 a

96 1593 296 1651 legendo.
316 1611 414 1638 nam
439 1607 487 1639 ut
513 1597 574 1638 illi
605 1598 830 1654 aequitatis,
851 1597 910 1638 sic
938 1611 1015 1637 nos
1043 1596 1233 1638 delectus
1253 1596 1337 1637 vim
1362 1597 1405 1638 in
1435 1598 1531 1655 lege

94 1651 307 1706 ponimus,
327 1664 371 1694 et
399 1655 617 1710 proprium
644 1663 787 1695 tamen
820 1663 1049 1708 utrumque
1068 1652 1177 1708 legis
1198 1661 1275 1694 est.
1335 1654 1465 1710 Quod
1494 1655 1530 1696 si

95 1707 154 1750 ita
185 1718 298 1751 recte
330 1709 497 1761 dicitur,
529 1719 578 1752 ut
607 1710 713 1757 mihi
744 1710 914 1767 quidem
949 1710 1198 1765 plerumque
1232 1709 1359 1751 videri
1392 1710 1526 1753 soletz

93 1778 119 1804 a
137 1765 232 1820 lege
253 1766 492 1813 ducendum
514 1777 579 1808 est
592 1767 700 1823 juris
720 1767 953 1808 exordium.
975 1781 1023 1808 ea
1045 1776 1110 1807 est
1126 1766 1240 1808 enim
1261 1776 1421 1808 naturae
1440 1768 1500 1809 vis
1514 1783 1527 1810 ε

93 1836 144 1863 ea
162 1837 295 1873 mens,
316 1824 506 1879 ratioque
526 1823 770 1878 prudentis:
803 1838 852 1864 ea
879 1823 988 1879 juris
1015 1832 1142 1878 atque
1171 1822 1334 1879 injuriae
1362 1825 1525 1880 regula.

84 1876 177 1925 Sed
206 1879 407 1934 quoniam
436 1880 478 1920 in
508 1880 698 1935 populari
726 1880 886 1920 ratione
907 1878 1044 1920 omnis
1065 1888 1207 1920 nostra
1227 1889 1410 1921 versatur
1431 1895 1526 1922 ora-

92 1935 169 1991 tio,
189 1935 449 1991 populariter
467 1936 678 1976 interdum
708 1936 824 1991 loqui
856 1950 1025 1976 necesse
1054 1935 1147 1986 erit,
1171 1945 1214 1976 et
1244 1950 1337 1977 eam
1367 1937 1525 1992 legem,

91 2007 190 2048 quae
217 1991 374 2047 scripto
406 1992 539 2033 sancit
572 1992 689 2047 quod
707 1993 809 2043 vult,
836 2000 911 2033 aut
936 1991 1143 2047 jubendo,
1164 2000 1239 2032 aut
1259 1993 1452 2044 vetando,
1477 2002 1528 2035 ut

89 2048 255 2104 vulgus,
286 2049 509 2104 appellare.
572 2048 868 2090 Constituendi
898 2063 993 2089 vero
1026 2048 1135 2104 juris
1169 2048 1222 2088 ab
1256 2048 1328 2101 illa
1358 2064 1526 2101 summa

87 2104 185 2161 lege
205 2104 420 2161 capiamus
442 2105 674 2157 exordium,
697 2121 791 2161 quae
814 2105 977 2146 saeculis
997 2104 1193 2146 omnibus
1213 2114 1310 2146 ante
1328 2114 1426 2147 nata
1445 2116 1523 2158 est,

89 2177 220 2218 quam
246 2161 401 2217 scripta
424 2163 492 2203 lex
520 2162 620 2214 ulla,
639 2170 712 2204 aut
744 2177 871 2218 quam
902 2162 1075 2203 omnino
1100 2162 1245 2202 civitas
1275 2162 1520 2206 constituta.

89 2220 146 2275 Q.
177 2218 460 2260 Commodius
484 2233 595 2270 vem,
624 2228 666 2260 et
695 2219 748 2260 ad
778 2219 982 2260 rationem
1013 2218 1195 2273 instituti
1220 2219 1423 2260 sermonis
1453 2234 1518 2261 sa-
1533 2226 1585 2258 20

87 2275 283 2330 pientius.
342 2276 409 2316 M.
429 2276 559 2318 Visne
579 2289 698 2331 ergo,
720 2276 847 2331 ipsius
860 2275 967 2332 juris
988 2285 1131 2316 ortum
1158 2289 1184 2315 a
1210 2274 1327 2315 fonte
1355 2285 1519 2332 repeta-
1533 2283 1563 2312 Ρ·
1583 2278 1652 2305 160‘

86 2346 182 2373 mus
200 2333 214 2372 ?
247 2347 332 2388 quo
353 2332 534 2384 invento,
555 2347 639 2373 non
657 2332 735 2386 erit
755 2332 947 2382 dubium,
968 2346 1054 2387 quo
1075 2331 1158 2372 sint
1178 2330 1269 2372 haec
1286 2327 1562 2385 referenda‚²‘

81 2400 181 2443 ‘quae
216 2388 457 2444 quaerimUS.
515 2390 571 2446 Ω.
608 2390 703 2444 Ego
735 2403 830 2430 vero
864 2389 923 2429 ita
952 2387 1195 2429 faciendum
1224 2402 1315 2429 esse
1349 2403 1517 2431 censeo.

86 2445 181 2487 Att.
211 2445 288 2495 Me
315 2460 486 2502 quoque
513 2445 741 2487 adscribito
764 2445 902 2487 fratris
926 2444 1157 2496 sententiae.
1217 2445 1283 2485 M.
1305 2445 1519 2502 Quoniam

130 2598 169 2625 25
194 2590 224 2620 in
244 2597 377 2631 parvum
422 2613 430 2622 .
457 2599 485 2622 et
514 2598 666 2631 angustum
692 2590 782 2622 locum
825 2597 892 2621 tura
908 2590 982 2620 enim
999 2592 1057 2623 dcc.
1081 2600 1159 2621 mox
1175 2589 1351 2631 cxplicanda
1373 2591 1519 2622 dedimus

87 2632 272 2663 concludatur
287 2640 401 2664 nature
437 2641 551 2667 naturae
571 2635 650 2666 afuit
677 2644 696 2664 a
718 2635 782 2664 MS.
823 2643 879 2673 pro
897 2633 1026 2673 vulgato
1040 2633 1200 2674 explicata,
1227 2643 1267 2665 ex
1292 2635 1370 2664 Mss-
1392 2641 1425 2664 et
1448 2635 1517 2666 edd.

88 2675 240 2714 Manun'i,
276 2677 454 2716 delevitque
481 2678 650 2714 Victorius,
681 2686 783 2716 nuper
823 2683 898 2708 vett.

86 2718 245 2750 Davisius.
262 2720 354 2750 nobis
374 2729 464 2750 secus
479 2721 610 2759 videtur.
634 2730 711 2750 nam
734 2720 780 2750 lo·
867 2724 907 2750 26
926 2718 1070 2758 prqficisci
1088 2718 1205 2759 placui!
1220 2731 1237 2748 a
1255 2717 1327 2758 lege]
1348 2719 1371 2748 Ι.
1388 2719 1517 2750 initium

87 2770 166 2791 curn
181 2761 275 2793 illurn
290 2769 464 2803 angustum
479 2763 615 2800 definiri,
627 2763 704 2802 quid
721 2764 782 2793 im·
824 2763 1044 2803 disputationis
1066 2763 1163 2801 hujus
1185 2763 1285 2792 facere
1312 2770 1330 2790 a
1347 2761 1426 2800 lege.
1440 2762 1521 2792 haud

88 2804 194 2845 pedit?
219 2812 251 2837 et
271 2807 348 2838 ratio
368 2805 510 2846 subjecta
526 2806 559 2838 id
580 2806 706 2839 firmat:
729 2816 782 2836 na-
825 2805 880 2836 scio
894 2816 933 2835 an
949 2808 1044 2835 rede.-
1068 2805 1154 2846 quod
1168 2804 1266 2845 probo
1282 2804 1441 2844 equidem„

830 2859 941 2899 ss4
