1844 3202
268 106 346 154 692
792 107 870 147 DE
906 110 1168 149 OFFICIIS

271 212 423 277 ficatio,
445 214 600 256 nemini
620 230 790 267 nocens,
813 218 1108 274 vituperanda:
1141 219 1212 260 sed
1233 218 1435 274 fugienda
1454 233 1617 275 semper
1636 219 1699 261 in-

204 272 378 334 26Jur1a
396 281 473 312 est.
531 272 722 314 Maxime
741 282 881 314 autem
904 275 1173 316 adducuntur
1192 275 1394 331 plerique,
1415 284 1462 317 ut
1482 291 1555 316 eos
1574 275 1701 332 justi-

270 335 341 368 tiae
373 328 511 383 capiat
544 328 715 380 oblivio,
745 338 784 361 4⁵
799 344 896 371 cum
925 331 967 371 in
998 331 1286 386 imperiorum,
1311 333 1536 382 honorum,
1557 332 1705 388 gloriae

269 383 545 439 cupiditatem
568 385 804 426 inciderint.
863 387 993 442 Quod
1015 388 1125 428 enirn
1147 396 1210 428 est
1230 388 1342 444 apud
1359 389 1556 440 Ennium,

376 463 488 500 Nulla
506 473 626 501 sancta
645 466 795 509 societas,
816 465 969 511 necfidas
988 467 1083 516 regni
1100 476 1148 503 est
1166 482 1178 503 :
1838 462 1842 512 3

267 547 312 590 id
339 549 463 590 latius
495 556 627 604 patet.
658 564 770 600 nam,
792 549 999 606 quidquid
1030 550 1239 606 ejusmodi
1268 561 1346 603 est,
1372 560 1411 585 46
1429 554 1469 594 in
1502 568 1586 609 quo
1618 568 1703 595 non
1839 558 1844 594 'f

267 605 430 660 possint
451 605 592 660 plures
613 606 830 657 excellere,
853 607 895 647 in
915 621 965 648 eo
988 607 1033 648 fit
1054 607 1303 664 plerumque
1332 618 1448 651 tanta
1468 610 1703 660 contentio,
1840 605 1844 628 '¹

267 670 315 702 ut
343 661 636 703 difficillimum
669 663 736 713 sit,
759 672 945 704 sanctam
967 677 1126 704 servare
1148 665 1405 706 societatem.
1463 665 1705 707 Declaravit

266 718 310 759 id
330 718 462 760 modo
483 719 697 761 temeritas
719 719 769 761 C.
793 720 987 771 Caesaris,
1013 721 1084 776 qui
1116 721 1258 762 onmia
1283 720 1382 776 jura
1411 721 1548 763 divina
1576 732 1705 778 atque

266 774 453 816 humana
482 776 694 831 pervertit,
725 786 896 832 propter
925 792 1037 828 eum,
1060 786 1096 814 47
1114 792 1240 833 quem
1271 779 1348 819 sibi
1378 779 1466 835 ipse
1496 779 1705 834 opinionis

267 845 408 873 errore
428 831 614 883 finxerat,
635 833 931 889 principatum.
992 836 1069 876 Est
1090 843 1233 876 autem
1263 835 1304 875 in
1334 835 1415 876 hoc
1435 849 1588 890 genere
1610 849 1704 876 mo-

265 888 437 939 lestum,
458 887 574 944 quod
594 889 636 929 in
658 890 850 930 maximis
877 891 1042 941 animis,
1065 890 1496 947 splendidissimisque
1526 891 1706 947 ingeniis

266 944 519 1000 plerumque
546 945 732 986 existunt
763 945 949 996 honoris,
970 947 1150 1002 imperii,
1172 948 1386 1002 potentiae,
1406 948 1556 1004 gloriae
1585 947 1705 1004 cupi-

267 1000 433 1041 ditates.
465 1015 553 1055 quo
579 1002 715 1056 magis
741 1003 972 1042 cavendum
995 1014 1073 1054 est,
1096 1018 1148 1044 ne
1168 1003 1269 1058 quid
1292 1004 1332 1044 in
1355 1019 1406 1044 eo
1428 1018 1582 1060 genere
1604 1019 1704 1059 pec-

206 1067 254 1106 27
268 1066 402 1098 cetur.
462 1057 544 1097 Sed
576 1058 617 1098 in
655 1059 771 1099 omni
805 1058 1010 1115 injustitia
1043 1059 1300 1115 permultum
1338 1060 1524 1111 interest,
1561 1070 1704 1102 utrum

268 1113 585 1169 perturbatione
612 1114 753 1170 aliqua
777 1115 920 1166 animi,
941 1131 1035 1171 quae
1068 1116 1318 1172 plerumque
1339 1117 1472 1157 brevis
1494 1126 1571 1168 est,
1591 1126 1632 1158 et
1651 1117 1704 1158 ad

267 1180 452 1226 tempus,
490 1179 527 1202 48
554 1186 606 1212 an
642 1171 838 1213 consulto
873 1181 917 1214 et
951 1173 1142 1227 cogitato
1181 1173 1251 1213 fiat
1288 1172 1451 1228 injuria.
1529 1173 1707 1214 Leviora

265 1227 378 1268 enim
407 1235 519 1278 sunt,
548 1243 642 1284 quae
676 1230 893 1284 repentino
923 1229 1065 1285 aliquo
1097 1240 1218 1271 motu
1249 1229 1458 1280 accidunt,
1485 1245 1612 1285 quam
1641 1243 1705 1280 ea,

267 1299 363 1339 quae
384 1283 586 1325 meditata
606 1294 648 1325 et
668 1296 903 1341 praeparata
924 1285 1174 1327 inferuntur.
1216 1286 1283 1327 Ac
1304 1286 1356 1326 ‹le
1377 1286 1592 1328 inferenda
1612 1287 1706 1341 qui·

219 1341 363 1399 9de1n
387 1339 540 1396 injuria
560 1341 658 1382 satis
680 1341 840 1383 dictum
862 1351 939 1383 est.
1002 1342 1375 1384 Praetermittendae
1396 1352 1540 1384 autem
1561 1343 1707 1384 defen-

204 1420 254 1452 23
268 1397 410 1448 sionis,
432 1397 736 1454 deserendique
756 1399 896 1449 officii,
918 1399 1058 1454 plures
1081 1398 1220 1440 solent
1246 1414 1336 1441 esse
1364 1414 1516 1441 causae.
1575 1400 1707 1451 Nam,

224 1463 342 1499 b.aut
370 1454 625 1505 inimicitias,
656 1465 729 1496 aut
757 1455 960 1506 laborem,
986 1464 1059 1496 aut
1089 1464 1253 1497 sumtus
1284 1456 1495 1511 suscipere
1525 1456 1706 1497 nolunt:

266 1520 341 1552 aut
360 1511 487 1552 etiam
510 1512 783 1567 negligentia,
805 1512 989 1568 pigritia,
1010 1512 1184 1563 inertia3
1216 1522 1290 1554 aut
1319 1513 1405 1554 suis
1436 1512 1584 1554 studiis
1610 1513 1706 1568 qui-

264 1567 444 1609 busdam
463 1568 864 1624 occupationibusve
887 1569 945 1610 sic
966 1569 1265 1625 impediuntur,
1282 1578 1330 1610 ut
1349 1584 1436 1620 eOS,
1453 1584 1559 1625 quos
1579 1568 1708 1610 tutari

265 1624 462 1674 debeant,
490 1624 679 1666 desertos
709 1639 799 1666 esse
829 1626 1056 1680 patiantur.
1116 1626 1266 1681 Itaque
1295 1625 1522 1667 videndum
1553 1635 1632 1677 est,
1654 1639 1707 1666 ne

266 1696 351 1722 non
382 1682 481 1722 satis
513 1682 567 1723 sit
596 1681 654 1732 id,
675 1681 789 1737 quod
810 1681 921 1738 apud
949 1682 1168 1723 Platonem
1190 1691 1254 1724 est
1273 1682 1316 1723 in
1337 1682 1619 1739 philosophos
1642 1682 1707 1724 di-

266 1747 384 1779 ctum
404 1755 413 1779 z
446 1738 561 1794 quod
592 1738 635 1779 in
664 1739 745 1779 veri
778 1738 1098 1795 investigatione
1120 1748 1347 1790 versentur,
1368 1739 1568 1795 quodque
1588 1748 1628 1773 49
1643 1752 1707 1790 ea,

267 1810 363 1850 quae
382 1795 574 1850 plerique
593 1794 862 1836 vehementer
882 1804 1096 1851 expetant,
1117 1795 1169 1836 de
1191 1796 1343 1852 quibus
1364 1796 1472 1838 inter
1499 1810 1543 1836 se
1570 1794 1708 1851 digla-

266 1851 372 1893 diari
405 1851 582 1903 soleant,
614 1861 903 1903 contemnant,
937 1860 980 1893 et
1011 1867 1087 1908 pro
1122 1852 1255 1894 nihilo
1285 1852 1457 1903 ducant,
1485 1862 1711 1909 propterea

260 1908 403 1964 justos
432 1923 536 1949 esse.
596 1910 712 1950 Nam
733 1909 912 1950 alterum
927 1909 1104 1965 justitiae
1130 1924 1266 1964 genus
1287 1918 1580 1966 assequuntur,
1601 1908 1708 1949 infe-

265 1964 396 2006 renda
417 1980 467 2006 ne
488 1966 558 2006 cui
579 1974 760 2007 noceant
779 1965 932 2022 injuria
951 1982 960 2006 ι
992 1965 1033 2006 in
1054 1965 1232 2007 alterum
1255 1965 1457 2007 incidunt.
1502 1965 1708 2006 Discendi

267 2022 380 2063 enim
415 2021 557 2063 studio
587 2021 794 2077 impediti,
820 2037 927 2078 quos
956 2021 1065 2063 tueri
1093 2021 1263 2074 debent,
1283 2022 1498 2064 deserunt.
1558 2022 1709 2077 Itaque

269 2093 343 2120 eos
375 2079 428 2120 ad
456 2079 763 2134 rempublicam
793 2093 844 2119 ne
868 2093 1110 2120 accessuros
1145 2079 1316 2135 quidem
1347 2088 1514 2135 putant,
1534 2078 1612 2119 nisi
1633 2092 1709 2120 co-

269 2144 404 2177 actos.
434 2135 596 2191 aequius
616 2144 759 2176 autem
781 2145 870 2177 erat
890 2135 934 2176 id
956 2136 1169 2176 voluntate
1198 2135 1297 2176 fieri.
1329 2151 1425 2176 nam
1456 2135 1538 2176 hoc
1566 2135 1708 2190 ipsum

208 2199 260 2241 29
270 2191 329 2234 ita
340 2192 509 2249 justum
530 2200 609 2243 est,
630 2191 746 2249 quod
767 2200 879 2233 recte
899 2192 960 2243 fit,
979 2193 1013 2234 si
1034 2201 1098 2233 est
1113 2191 1410 2233 voluntarium.
1441 2193 1549 2233 Sunt
1564 2191 1708 2242 etiam,

313 2335 353 2359 45
377 2326 652 2366 cum—inciderint]
673 2328 724 2357 Sic
744 2327 822 2357 MSS.
845 2333 875 2356 et
898 2327 968 2356 edd.

269 2378 344 2402 vett.
375 2372 518 2401 Graevius
548 2372 632 2401 dedit
669 2371 761 2401 tacite
794 2369 968 2406 inciderunt,

1014 2327 1071 2357 fert
1095 2334 1125 2356 et
1147 2326 1257 2356 Cicero
1279 2327 1402 2357 videtur
1423 2327 1468 2356 sic
1490 2326 1618 2363 dixisse,
1634 2326 1711 2366 quia

1013 2369 1135 2399 consulto
1151 2376 1358 2409 praecesserat.

269 2415 355 2454 quod
370 2423 483 2444 verum
501 2420 591 2453 puto.

314 2463 354 2488 46
378 2457 408 2486 in
431 2456 500 2498 quo]
523 2457 579 2486 Pro
602 2463 635 2485 ut
658 2456 687 2485 in
710 2468 751 2491 co,
768 2456 967 2495 exquisitius.

271 2508 301 2530 et
316 2507 391 2530 sunt
407 2500 497 2540 plura
513 2499 610 2537 hujus
628 2500 738 2528 formae
754 2498 912 2538 exempla.

314 2549 351 2579 47
377 2553 461 2584 quem
488 2543 542 2572 sibi
565 2541 806 2581 ipse-—finxeratJ
834 2542 892 2581 ipse
914 2548 969 2572 aut

271 2586 459 2622 delendum,
475 2593 531 2616 aut
545 2586 767 2625 corrigendum
784 2584 843 2616 ille.

315 2636 355 2659 48
379 2640 417 2658 an
432 2628 554 2658 consulto
573 2635 599 2658 et
621 2628 743 2666 cogitato
756 2627 822 2667 fiat
844 2625 965 2666 injuria]

275 2671 410 2711 Cogitato
439 2672 558 2702 habent
586 2672 656 2701 edd.
687 2681 730 2710 pr.
775 2670 834 2700 Sed
864 2670 968 2709 plures

271 2715 351 2745 Mss.
369 2716 401 2744 in
419 2715 467 2745 his
484 2715 582 2745 Goth.
598 2715 717 2743 habent
734 2713 873 2753 cogitata,
884 2715 969 2752 quod

270 2758 415 2788 Graevius
440 2759 528 2788 edere
551 2757 665 2793 voluit,
684 2757 714 2786 in
733 2758 780 2786 ed.
797 2766 858 2785 sce.
875 2757 971 2786 edidit

269 2801 424 2830 Pearcius.
472 2802 572 2831 Latini
595 2800 671 2830 alias
694 2800 805 2829 dicunt
824 2799 967 2837 cogitate.-

269 2844 323 2874 scd
354 2843 477 2883 cogitate
506 2845 603 2874 etiam
633 2842 778 2882 analogia
806 2842 969 2876 latinitatis

1057 2420 1097 2445 49
1120 2424 1165 2447 ea,
1183 2409 1594 2454 quae—expetant—soleant]
1610 2412 1662 2442 Sic
1677 2421 1710 2442 e-

1012 2456 1074 2486 didi
1092 2465 1147 2494 pro
1164 2455 1293 2493 vulgato
1315 2461 1451 2494 expetunt
1474 2461 1505 2484 et
1527 2454 1625 2486 solent.
1648 2455 1710 2494 pri-

1014 2508 1068 2528 mo
1093 2499 1253 2528 latinitatis
1277 2498 1352 2528 ratio
1378 2498 1458 2527 mihi
1483 2499 1710 2528 correctionem

1012 2541 1159 2578 subjecit,
1184 2541 1348 2572 firmavere
1369 2541 1483 2571 deinde
1505 2541 1573 2571 libri
1596 2550 1656 2571 scr.
1679 2547 1711 2570 et

1012 2585 1082 2614 edd.
1122 2585 1160 2614 In
1176 2585 1240 2614 Ms.
1257 2584 1354 2614 Goth.
1371 2591 1415 2614 est
1431 2590 1606 2623 exspectant,
1624 2584 1711 2622 quod

1014 2628 1135 2657 factum
1151 2634 1196 2657 est
1219 2637 1259 2657 ex
1282 2634 1417 2667 expetant
1432 2626 1544 2657 deinde
1561 2626 1624 2656 ΜΞ.
1643 2627 1710 2657 Erf.

1013 2670 1126 2700 Duisb.
1142 2678 1173 2700 et
1189 2670 1257 2700 Col.
1274 2672 1322 2701 ed.
1344 2671 1438 2700 Rom.
1455 2679 1519 2699 non
1536 2670 1631 2700 modo
1647 2670 1709 2699 hoc

1014 2713 1144 2749 habent,
1161 2715 1214 2743 sed
1230 2714 1325 2744 etiam
1346 2713 1463 2742 soleant.
1487 2712 1624 2751 denique
1639 2712 1710 2742 edd.

1015 2756 1103 2794 Mog.
1131 2757 1261 2786 Mediol.
1286 2756 1380 2795 plane
1403 2756 1497 2785 habet
1524 2761 1658 2794 expetant
1680 2761 1710 2784 et

1012 2798 1129 2828 soleant.
1152 2800 1330 2838 Vulgatum
1342 2807 1450 2830 ortum
1462 2804 1508 2828 cst
1523 2807 1541 2829 a
1555 2804 1710 2830 correcto-

1013 2842 1099 2873 ribus
1114 2843 1315 2882 germanicis.
