1844 3202
633 120 1037 161 FRAGMENTA.
1082 108 1085 111 ’
1474 124 1550 165 931·

393 279 470 332 Μ.
509 275 790 329 TULLII
841 271 1297 327 CICERONIS

581 399 939 471 TIMAE
965 398 1098 468 U'S

802 542 874 566 SEU

167 624 287 689 DE
340 625 802 698 UNIVERSO‚
854 623 1498 689 FRAGMENTUM.

727 801 952 826 ..ss-

121 901 372 973 MULTA
401 938 499 972 sunt
527 946 551 972 a
579 930 699 972 nobis
729 940 770 973 et
793 931 834 972 in
856 929 1122 972 Academicis
1143 929 1380 985 conscripta
1400 937 1577 978 contra1

119 988 334 1044 physicos,
354 996 396 1028 et
418 1002 528 1043 saepe
549 1002 646 1029 cum
670 988 712 1029 P.
734 987 926 1043 Nigidio,
947 986 1192 1029 Carneadeo
1214 1001 1332 1027 more
1352 995 1394 1027 et
1414 987 1546 1028 modo

120 1045 344 1099 disputata.
365 1044 445 1085 fuit
465 1059 574 1084 emm
596 1044 654 1085 vir
675 1043 745 1086 ille
771 1059 867 1085 cum
893 1044 1040 1085 ceteris
1062 1043 1237 1093 artibus,
1258 1058 1351 1098 quae
1373 1043 1548 1107 quidem

120 1100 259 1155 dignae
280 1100 412 1141 libero
434 1109 586 1151 essent,
607 1111 778 1142 ornatus
798 1100 1008 1151 omnibus,
1026 1109 1118 1141 tum
1146 1113 1239 1140 acer
1258 1100 1548 1154 investigator,

119 1166 161 1196 et
164 1135 368 1210 C>diligens
401 1171 542 1197 earum
577 1171 729 1207 rerum,
761 1172 854 1213 quae
883 1171 907 1198 a
934 1166 1082 1198 natura
1112 1155 1310 1196 involutae
1338 1155 1548 1197 videntur.

118 1213 315 1268 Denique
335 1213 393 1253 sic
414 1212 578 1268 judico,
601 1223 696 1268 post
724 1213 817 1254 illos
849 1213 1010 1254 nobiles
1039 1211 1342 1268 Pythagoreos,
1363 1225 1547 1276 quorum

118 1269 338 1324 disciplina
357 1269 560 1309 exstincta
576 1279 640 1310 est
664 1269 997 1334 quodammodo,
1017 1284 1115 1311 cum
1137 1268 1301 1323 aliquot
1322 1268 1513 1309 saeeula
1501 1283 1547 1309 m

120 1325 255 1376 Italia,
278 1325 501 1381 Siciliaque
538 1334 548 1356 1
569 1326 794 1381 viguisset3
825 1326 937 1367 hunc
958 1325 1176 1375 exstitisse,
1195 1325 1267 1380 qui
1281 1324 1401 1365 illam
1421 1339 1546 1366 reno-

116 1391 240 1423 ¹:.aret
299 1383 385 1423 Oui
417 1396 512 1423 cum
541 1396 610 1423 me
634 1383 675 1423 in
707 1382 898 1423 Ciliciam
925 1382 1275 1437 proficiscentem,
1296 1381 1453 1436 Ephesi
1474 1396 1547 1422 ex-

115 1426 395 1493 spectavisset,
415 1439 594 1479 Romam
612 1453 662 1480 ex
681 1438 923 1494 legatione
913 1453 1000 1492 ipse
1018 1437 1250 1479 decedens:
1281 1437 1546 1493 venissetque
1579 1463 1581 1465 -

113 1494 265 1536 eodem
296 1494 517 1551 Mytilenis
548 1495 631 1536 mei
661 1494 870 1536 salutandi
899 1503 942 1535 et
970 1493 1126 1536 visendi
1153 1508 1279 1534 causa
1301 1492 1545 1549 Cratippus,

114 1550 485 1614 Peripateticorum
517 1551 723 1602 omnium,
745 1566 852 1606 quos
882 1551 1050 1607 quidem
1079 1564 1161 1605 ego
1182 1549 1425 1600 audiverim,
1444 1564 1544 1591 meo

106 1606 271 1670 judicio
291 1606 412 1648 facile
433 1622 647 1671 prlnceps·
674 1608 926 1662 perlibenter
945 1616 1027 1648 eti
1007 1607 1235 1662 Nigidium
1255 1606 1352 1656 vidi,
1370 1616 1414 1647 et
1437 1606 1544 1647 Cra-

111 1664 278 1718 tippum
299 1663 492 1718 cognovi.
538 1664 603 1704 Ac
621 1664 805 1719 primum
821 1664 992 1728 quidem
1013 1673 1180 1720 tempus
1204 1662 1548 1714 salutationibus,

112 1719 320 1776 reliquum
341 1720 685 1775 percunctatione
706 1720 1030 1762 consumsimus.

662 1799 823 1840 Desunt
842 1797 990 1840 multa.

111 1865 228 1910 Ouid
248 1874 325 1918 est,
345 1866 461 1923 quod
488 1879 652 1922 semper
672 1866 739 1916 sit,
778 1876 946 1922 ‘mleque
975 1866 1109 1908 ullum
1139 1866 1292 1908 habeat
1321 1874 1476 1917 ortum,
1499 1876 1578 1912 etz

112 1911 225 1987 quod
255 1923 469 1987 gignatur,
496 1937 572 1964 nec
603 1938 803 1979 umquam
835 1923 919 1964 sit?
952 1924 1148 1965 Ouorum
1177 1924 1355 1965 alterum
1385 1923 1542 1965 intelli-

108 1979 254 2035 gentia
284 1991 327 2021 et
360 1980 519 2021 ratione
546 1979 928 2043 comprehenditur.
955 1966 1073 2044 quod
1104 1995 1233 2021 unum
1268 1994 1446 2035 semper,
1476 1987 1543 2022 at-'

109 2050 190 2091 que
219 2035 330 2077 idem
361 2044 453 2078 est:
484 2029 679 2087 alterum,
709 2036 825 2092 quod
854 2035 972 2077 aflert
1001 2035 1243 2092 opinionem
1272 2051 1348 2092 per
1377 2050 1538 2087 sensus,

108 2092 280 2134 rationis
315 2107 490 2149 expers3
522 2092 636 2149 quod
670 2101 808 2134 totum
841 2092 1052 2147 opinabile
1083 2102 1160 2144 est,
1188 2093 1230 2134 id
1263 2093 1469 2148 gignitur,
1497 2101 1541 2134 et

109 2149 266 2200 interit,
296 2164 373 2190 nec
402 2163 602 2213 umquam
633 2163 725 2190 esse
753 2159 845 2190 vere
875 2157 1029 2204 potest.
1089 2149 1227 2191 Omne
1256 2159 1398 2190 autem
1422 2149 1540 2214 quod

109 2205 314 2261 gignitur,
335 2220 385 2247 ex
404 2205 544 2261 aliqua
570 2220 696 2247 causa
722 2205 842 2261 gigni
869 2220 1038 2246 necesse
1058 2214 1134 2246 est.
1157 2205 1311 2247 nullius
1330 2206 1440 2246 enim
1463 2206 1538 2257 rei,

108 2275 235 2302 causa
254 2271 431 2313 remota,
452 2262 624 2318 reperiri
643 2262 764 2317 origo
784 2269 938 2318 potest.
995 2262 1206 2319 Ouocirca
1226 2262 1260 2302 si
1289 2262 1338 2312 is,
1360 2263 1433 2317 qui
1461 2260 1542 2304 ali-'

111 2317 226 2373 quod
253 2332 405 2360 munus
429 2318 592 2360 efficere
618 2318 805 2369 molitur,
827 2333 919 2359 eam
948 2319 1145 2374 speciem,
1165 2334 1259 2375 quae
1287 2333 1453 2375 semper
1472 2323 1542 2361 est'

107 2373 269 2424 eadem,
297 2375 541 2426 intuebitur,
570 2383 698 2431 atque
728 2390 819 2416 eam
851 2374 929 2416 sibi
948 2384 1155 2430 proponet
1173 2375 1399 2430 exemplar,
1430 2390 1538 2430 prae-

107 2430 266 2471 clarum
288 2445 394 2486 opus
421 2432 572 2473 efficiat
600 2446 767 2473 necesse
787 2440 864 2473 est.
885 2431 948 2473 sin
966 2441 1107 2473 autem
1127 2431 1256 2481 illam,
1279 2447 1421 2487 quaeg
1395 2432 1536 2487 ‹rigni-

110 2495 205 2527 tur.
237 2501 467 2542 numquam
496 2488 626 2540 illam,
655 2503 781 2544 quam
812 2496 993 2552 expetet,
1022 2488 1346 2543 pulcritudinem
1385 2503 1535 2528 conse-

110 2551 275 2598 quetur.
335 2543 473 2585 Omne
491 2544 623 2600 igitur
653 2545 825 2595 coelum,
847 2545 930 2585 sive
956 2544 1151 2595 mundus,
1173 2545 1256 2585 sive
1284 2544 1429 2598 quovis
1451 2544 1534 2584 alio

108 2599 314 2641 vocabulo
342 2578 536 2655 gaudet,
544 2601 627 2642 hoc
656 2615 682 2643 a
710 2601 832 2642 nobis
863 2611 1126 2666 nuncupatus
1157 2601 1225 2643 sit.
1284 2602 1353 2641 De
1384 2615 1470 2655 quo
1490 2599 1535 2641 id

110 2655 295 2711 primum
332 2655 657 2709 consideremus,
692 2657 808 2714 quod
844 2657 1050 2713 principio
1086 2667 1149 2699 est
1183 2657 1226 2698 in
1266 2656 1382 2698 omni
1417 2671 1534 2712 qure-

151 2795 165 2818 1
183 2787 341 2830 viguisset]
374 2791 425 2820 Sic
448 2790 512 2822 MS.
541 2791 691 2824 Gronovii
717 2799 799 2824 recte
884 2798 903 2821 2
926 2801 1015 2832 neque
1043 2789 1133 2821 ullum
1163 2788 1278 2829 habeat]
1307 2788 1414 2829 Vulgo
1450 2786 1544 2821 malev

107 2841 163 2872 pro
178 2832 305 2872 vulgato
319 2832 490 2875 viguissent.
840 2833 935 2863 habet.

875 2887 1000 2929 304
