1844 3202
270 117 349 162 964
639 115 699 153 M.
729 113 944 153 TULLII
983 115 1323 154 CICERONIS

271 230 409 278 pertes
439 222 518 278 ipsi
549 230 701 273 essent,
733 222 836 263 alios
867 223 1087 274 consolari,
1118 233 1159 266 et
1191 240 1215 266 a
1244 239 1424 266 moerore
1455 225 1689 267 abducere:

272 294 347 320 nos
380 288 517 320 autem
553 279 699 320 dolore
732 278 887 329 afflicti,
920 280 1250 322 consolationem
1282 296 1306 322 a
1338 280 1457 322 nobis
1490 290 1691 336 petentes,

272 336 550 400 nosmetipsos
580 336 622 376 in
652 335 797 376 dolore
827 336 1050 386 vincemus,
1080 351 1128 377 ac
1150 348 1309 379 naturae
1339 337 1547 393 quandam
1574 337 1691 402 quasi

272 392 353 432 vim
383 392 615 433 afferemus.
648 408 740 447 quae
771 392 931 432 utinam
962 392 1065 433 tanti
1097 392 1163 443 sit,
1184 403 1231 434 ut
1260 403 1421 435 ceteros
1452 408 1620 457 quoque
1649 393 1691 434 in

271 448 360 504 pari
389 449 555 489 fortuna
583 448 733 488 doceat
756 448 948 489 adversos
970 463 1090 490 casus
1120 449 1324 504 patienter
1349 450 1482 491 ferre·
1515 465 1587 505 qul
1607 463 1691 505 quo

271 505 423 568 saepius
452 506 716 568 contingunt,
751 519 800 544 00
839 505 1054 559 propiores
1096 504 1336 547 hominibus
1371 506 1544 561 putandi
1579 514 1690 556 sunt,

270 576 472 617 quamque
500 562 540 601 in
570 562 658 616 ipsa
690 561 872 601 bumana
900 571 1046 601 natura
1067 561 1194 602 innati
1215 571 1339 617 atque
1367 562 1492 612 insiti,
1507 561 1690 617 ,ideoque

269 618 398 659 levius
423 617 594 658 ferendi.
619 617 691 672 qui
712 617 820 656 enim
841 617 1055 657 hominem
1087 633 1131 658 se
1151 632 1239 658 esse
1260 619 1467 672 agnoscit,
1486 618 1691 659 hominis-

268 689 350 730 que
368 689 518 714 nomen
541 674 619 714 sibi
649 673 841 723 vindieat,
873 688 946 713 cur
969 688 1030 723 ea,
1051 689 1143 729 qnae
1174 674 1353 714 hominis
1384 675 1563 716 maxime
1592 689 1690 729 pro-

269 731 358 784 pria
378 739 488 780 sunt,
511 743 713 778 recusare,
734 744 780 769 ac
812 729 979 785 rejicere
1010 730 1189 771 audeat?
1223 730 1338 785 quod
1359 730 1484 771 simul
1504 741 1550 772 ut
1570 731 1691 771 fecis-

268 796 344 836 set,
367 796 407 826 et
433 786 688 840 imprudens,
709 796 750 825 et
777 785 956 840 injustus
986 787 1136 828 merito
1166 786 1400 827 baberetur.
1459 787 1601 842 Atque
1623 787 1690 828 hic

268 841 385 883 locus
420 857 444 883 a
476 843 771 897 Theophrasto
803 843 975 898 egregie
1012 852 1226 893 tractatus,
1260 853 1302 884 et
1338 843 1569 898 perpolitus
1601 844 1691 885 est:

267 899 453 955 itemque
482 914 506 940 a
536 900 796 939 Xenocrate.
828 914 1007 953 quorum
1040 910 1214 963 uterque
1242 913 1329 949 005,
1352 901 1421 954 qui
1447 913 1692 940 communes

267 970 386 996 casus
422 964 626 1005 recusant,
662 954 967 1020 imprudentiae‚
1001 964 1126 1011 atque
1161 955 1374 1011 injustitiae
1411 956 1690 997 condemnat.

266 1012 371 1052 alte1
401 1012 525 1052 etiam
557 1010 673 1052 diis'
664 1026 763 1075 {psls
795 1010 985 1052 adversos
1017 1027 1097 1053 11011
1131 1013 1295 1053 dubitat
1324 1013 1546 1067 appellare.
1578 1012 1692 1067 quod

266 1068 391 1109 etiam
423 1068 591 1132 gravius
622 1068 778 1108 crimen
808 1077 885 1118 est,
907 1083 954 1109 ac
985 1068 1049 1109 vix
1080 1069 1119 1109 in
1142 1069 1312 1109 1101111110
1332 1069 1572 1110 tolerabile:
1604 1068 1690 1124 qui,

265 1140 363 1165 cum
382 1140 523 1166 omma
544 1124 621 1166 diis
643 1124 948 1165 immortalibus
969 1135 1141 1180 accepta
1156 1126 1307 1166 referre
1327 1126 1490 1175 debeat,
1509 1138 1689 1180 quorum

267 1196 346 1236 ope
371 1181 481 1231 vivit,
502 1181 713 1236 intelligit,
735 1180 851 1236 agit3
884 1182 918 1221 si
945 1196 1091 1222 corum
1120 1182 1323 1223 voluntati
1353 1191 1571 1237 repugnet,
1593 1195 1687 1222 cum

265 1237 358 1288 diis,
380 1239 605 1293 gigantum
631 1253 763 1288 more,
795 1237 949 1278 bellare
979 1238 1197 1279 videbitur.
1257 1239 1362 1279 Haec
1383 1248 1520 1279 autem
1546 1238 1691 1293 perite,

266 1303 312 1335 ut
341 1294 441 1345 dixi,
464 1310 488 1336 a
507 1294 650 1335 multis
676 1297 851 1335 tractata
880 1304 988 1335 sunt.
1012 1294 1083 1334 sed
1114 1309 1196 1350 ego
1229 1294 1476 1336 Crantorem
1509 1309 1690 1350 sequor:

264 1350 386 1407 cujus
408 1351 493 1406 legi
515 1352 678 1392 brevem
702 1350 819 1391 illum
845 1351 1028 1406 quidem,
1049 1352 1122 1392 sed
1151 1367 1242 1392 vere
1261 1366 1450 1401 aureum,
1470 1360 1526 1401 et,
1547 1360 1594 1392 ut
1615 1351 1690 1392 Pa-

264 1408 391 1448 naetio
422 1407 593 1463 placuit,
615 1407 666 1448 ad
696 1407 867 1448 verbnm
896 1407 1165 1449 ediscendum
1190 1408 1242 1448 de
1272 1407 1390 1449 luctu
1417 1407 1585 1457 librum,
1606 1421 1691 1463 quo

264 1473 386 1505 acute
409 1465 638 1505 universam
666 1463 821 1504 doloris
854 1464 1106 1505 medicinam
1136 1464 1381 1520 complexus
1399 1473 1476 1504 est.
1508 1464 1581 1505 sed
1612 1464 1690 1504 hu-

263 1535 396 1561 manae
427 1530 547 1561 natur
552 1537 585 1561 10
619 1520 887 1561 incommoda
916 1521 974 1561 ita
995 1520 1230 1575 diligenter,
1251 1530 1293 1561 et
1312 1530 1504 1562 accurate
1526 1534 1692 1576 expres-

264 1577 332 1626 sit,
354 1586 401 1618 ut
423 1577 542 1633 quasi
564 1577 814 1618 luendorum
834 1578 1037 1617 scelerum
1064 1591 1189 1618 causa
1212 1577 1323 1617 nasci
1356 1577 1560 1640 homines,
1582 1586 1621 1618 et
1649 1577 1691 1617 111

264 1609 371 1675 haiic
402 1634 538 1676 lucem
570 1632 749 1688 ingredi,
769 1633 902 1687 possis
932 1647 1175 1697 agnoscere.
1236 1635 1315 1673 Fac
1341 1633 1452 1675 enim
1481 1633 1593 1673 nasci
1614 1633 1692 1673 ho-

264 1691 434 1739 minem,
456 1700 498 1730 et
520 1689 559 1730 in
590 1689 731 1730 lucem
760 1689 841 1729 edi.
862 1690 1063 1730 continuo
1090 1690 1255 1740 senties,
1277 1705 1359 1731 non
1385 1703 1522 1730 rerum
1543 1689 1694 1730 huma-

264 1762 408 1787 narum
432 1746 667 1797 dominum,
688 1755 731 1786 et
745 1746 1068 1800 gubernatorem
1088 1755 1296 1796 exortum,
1317 1746 1390 1786 sed
1411 1746 1545 1787 verius
1566 1745 1693 1787 mise-

262 1803 414 1844 riarum
455 1817 634 1852 servum,
670 1811 796 1857 atque
836 1801 1218 1844 incommodorum.
1250 1817 1347 1842 nam
1381 1802 1613 1853 infantiam,
1649 1810 1692 1843 et

262 1860 484 1913 pueritiam
506 1859 684 1914 vagitus,
704 1859 916 1914 lacrymae,
939 1859 1220 1910 imbecillitas,
1242 1859 1381 1900 nullus
1408 1873 1484 1899 nec
1505 1858 1690 1910 rationis,

262 1931 338 1957 nec
369 1931 517 1971 corpor
524 1930 556 1957 15
586 1930 702 1965 usus,
733 1915 914 1965 dolores,
941 1916 1229 1971 molestiaeque
1251 1915 1571 1971 quamplurimae
1602 1929 1692 1955 am·

261 1974 516 2027 plectuntur.
573 1971 915 2012 Adolescentiam
939 1972 1060 2012 ardor
1079 1972 1179 2028 quid
1183 1987 1248 2012 am
1277 1972 1428 2026 excipit
1451 1972 1597 2021 aetatis,
1618 1986 1693 2012 1100

261 2029 511 2083 prudentiae,
543 2044 618 2069 nec
643 2028 792 2084 judicii
824 2043 1023 2084 compos:
1056 2044 1195 2068 rerum
1226 2028 1408 2078 utilium,
1429 2043 1476 2069 ac
1505 2027 1696 2069 laudabi-

260 2085 363 2126 lium
396 2085 653 2126 contemtio:
685 2084 923 2139 voluptatis,
949 2095 991 2125 et
1021 2099 1130 2140 saepe
1160 2059 1430 2148 turpitudinis
1459 2084 1691 2139 appetitio·

262 2142 345 2182 xeri
366 2142 466 2182 boni
492 2140 728 2196 ignoratio:
760 2156 802 2180 111
828 2155 948 2195 pares
970 2141 1167 2190 ferocia,'
1160 2156 1199 2182 111
1225 2141 1460 2195 superiores
1485 2154 1607 2194 super
1610 2140 1694 2190 bia,

262 2198 301 2237 in
324 2198 490 2238 infimos
512 2197 764 2252 arrogantia.
786 2212 835 2237 ex
860 2197 924 2238 his
947 2198 1252 2247 contentiones,
1275 2197 1388 2247 rixae,
1409 2196 1691 2247 contumeliae,

261 2254 453 2295 assiduus
483 2253 668 2317 denique
694 2252 982 2294 molestiarum
1012 2268 1241 2294 concursus
1271 2253 1460 2294 exsistit.
1489 2267 1538 2293 ex
1567 2253 1693 2293 rebus

261 2310 448 2352 honestis
469 2309 693 2351 contemtis
720 2309 954 2361 infelicitas,
972 2320 1014 2351 et
1035 2310 1226 2351 infamia:
1248 2325 1297 2350 ex
1319 2309 1510 2364 turpibus
1530 2308 1693 2350 curiose

262 2367 453 2421 arreptis,
470 2376 510 2406 et
531 2366 793 2421 conquisitiS,
813 2366 968 2416 luctus,
990 2367 1141 2415 morbi,
1161 2375 1409 2421 perpetuum
1430 2365 1610 2420 denique
1629 2365 1694 2406 sui

261 2423 392 2478 ipsius
414 2423 574 2472 odium,
595 2437 645 2462 ex
666 2423 839 2486 cognita
860 2437 995 2464 rerum
1024 2423 1210 2477 turpium
1233 2420 1424 2462 mercede
1451 2422 1692 2463 conflatum

262 2479 415 2520 Adde
407 2493 569 2520 lusanas
592 2479 861 2533 pecuniarum
885 2479 1142 2533 largitiones,
1163 2478 1317 2519 nullam
1342 2478 1472 2518 futuri
1492 2478 1693 2532 temporis

261 2550 420 2585 curam,
442 2550 526 2576 non
555 2534 679 2589 inopi
674 2551 721 2585 0,
742 2550 826 2576 11011
848 2535 1091 2584 liberorum,
1112 2549 1195 2575 non
1224 2534 1379 2582 uxoris,
1401 2549 1484 2575 non
1504 2544 1693 2589 postero-

262 2607 371 2641 rum,
404 2607 485 2632 11011
518 2591 700 2632 familia.
721 2607 813 2646 quae
845 2591 973 2646 siquis
1004 2591 1136 2632 oetatis
1164 2591 1307 2645 potius
1337 2591 1450 2655 vitia,
1471 2605 1594 2646 quam
1618 2606 1693 2631 na·-

262 2657 343 2689 tur:
346 2665 367 2688 e
389 2648 590 2698 miserias,
611 2648 708 2689 velit
739 2647 972 2702 appellare:
1004 2661 1260 2703 quamquam
1294 2647 1474 2688 nominis
1494 2647 1695 2711 quaestio·

263 2720 357 2745 nem
386 2704 572 2754 inducat,
592 2719 674 2745 non
708 2712 850 2745 tamen
876 2704 985 2759 ipsas
1005 2704 1057 2744 ab
1076 2703 1247 2744 homine
1266 2703 1467 2754 miserias,
1485 2713 1611 2757 atque
1632 2703 1694 2744 in—

262 2760 488 2802 commoda
516 2736 759 2802 reinovebin
817 2762 911 2802 Nec
942 2775 1038 2801 vero
1067 2759 1300 2801 audiendus
1325 2760 1417 2810 erit,
1438 2760 1511 2815 qui
1532 2759 1622 2800 haec
1639 2759 1693 2800 ab

263 2816 457 2860 humanae
489 2828 647 2861 naturae
678 2816 854 2859 miseriis
883 2816 1114 2873 separanda
1134 2824 1269 2873 putet,
1291 2816 1407 2873 quod
1437 2831 1519 2859 non
1550 2815 1590 2857 in
1621 2830 1695 2856 na-
