1844 3202
541 106 720 143 LIBER
757 104 1088 145 SECUNDUS.
1449 109 1524 148 661

104 224 245 259 nostra
263 213 493 263 deduxerit,
513 213 717 262 tractabo,
739 211 878 268 quoad
907 221 1069 267 potero,
1088 212 1179 268 ejus
1207 212 1337 267 ipsius
1365 217 1529 271 generis

98 273 169 330 jus
199 272 314 314 civile
347 279 562 311 nostrum:
593 269 666 310 sed
695 269 766 320 ita,
786 269 905 310 locus
933 269 1022 324 ipse
1051 277 1099 308 ut
1130 278 1255 309 notus
1282 270 1350 321 sit,
1372 286 1422 313 ex
1443 288 1530 328 quo

105 330 283 370 ducatur
311 340 487 382 quaeque
515 340 608 380 pars
631 325 753 381 juris,
773 335 821 366 ut
852 340 936 367 non
964 324 1131 366 difficile
1157 325 1224 375 sit,
1247 326 1318 380 qui
1340 328 1529 381 paullum

101 386 228 426 mode
253 394 288 416 4¹
306 383 475 438 ingenio
504 383 637 437 possit
662 381 831 431 moa-cri,
853 395 1132 437 quaecumque
1157 395 1263 422 nova
1283 396 1410 424 causa
1427 399 1529 425 con-

101 441 320 483 sultatiove
348 439 560 488 acciderit,
590 438 681 494 ejus
712 448 850 479 tencre
875 439 973 494 jus,
1004 448 1043 470 4⁵
1061 452 1157 479 cum
1188 438 1292 479 sciat
1316 453 1340 479 a
1369 454 1454 494 quo
1477 441 1530 481 sit

100 497 237 552 capite
267 495 555 552 repetendum.
614 494 695 535 Sed
719 495 1013 550 jureconsulti,
1034 496 1116 536 sive
1137 494 1285 535 erroris
1303 496 1530 552 objiciendi
1547 500 1613 552 19

100 567 240 603 causa,
263 567 347 608 quo
369 551 487 607 plura
510 561 552 592 et
573 550 805 592 difficiliora
825 551 930 592 scire
949 551 1192 592 videantur:
1221 552 1320 602 sive,
1337 552 1452 608 quod
1472 553 1527 593 si·
1539 572 1589 613 47

100 610 242 650 milius
270 609 354 650 veri
380 617 457 657 est,
485 608 748 663 ignoratione
779 607 972 658 docendi,
997 611 1106 661 (nam
1140 623 1224 648 non
1254 609 1393 649 solum
1424 609 1529 650 scire

99 665 273 722 aliquid,
292 665 390 706 artis
412 673 488 714 est,
506 664 577 705 sed
600 664 793 720 quaedam
815 680 878 705 ars
898 665 1026 707 etiam
1048 664 1245 717 docendi)
1271 680 1395 720 saepe,
1414 666 1530 721 quod

99 723 284 778 positum
317 731 380 762 est
411 721 451 761 in
483 736 566 761 una
595 721 851 776 cognitione,
872 720 915 761 id
945 722 986 762 in
1016 721 1176 761 infinita
1199 721 1529 776 dispartiuntur:

98 779 214 820 velut
240 779 282 818 in
312 778 392 818 hoc
413 777 506 832 ipso
526 792 693 833 genere,
712 791 838 833 quam
859 791 1060 832 magnum
1084 777 1187 818 illud
1207 778 1404 819 Scaevolae
1427 779 1530 820 faci-

100 844 193 884 unt,
223 835 440 888 pontifices
471 835 612 884 ambo,
643 843 684 875 et
714 833 840 875 iidem
865 834 974 890 juris
1004 834 1271 890 peritissimi?
1308 835 1444 890 Saepe,
1465 836 1529 877 in-

100 891 192 947 quit
220 891 355 932 Publii
386 890 508 941 filius,
538 905 587 931 ex
616 900 733 946 patre
765 890 917 941 audivi,
937 891 1177 946 pontificem
1210 892 1419 932 neminem
1450 893 1528 933 bo-

99 959 200 988 num
223 962 325 998 esse,
347 947 424 988 nisi
446 948 518 1002 qui
539 949 611 1003 jus
640 947 758 988 civile
784 956 1023 1002 cognosset.
1055 950 1277 988 totumne?
1311 948 1413 1003 quid
1443 949 1528 990 ita?

99 1004 201 1060 quid
221 1005 332 1045 enim
353 1003 407 1045 ad
426 1004 681 1059 pontificem,
703 1004 754 1044 de
770 1003 866 1059 jure
886 1004 1107 1059 parietum,
1128 1014 1200 1045 aut
1219 1019 1437 1060 aquarum,
1459 1016 1532 1048 aut

100 1061 191 1102 ullo
211 1061 413 1102 omniuo?
443 1067 482 1092 46
497 1075 615 1116 ergo,
642 1060 756 1116 quod
785 1075 883 1100 cum
914 1060 1117 1116 religione
1146 1062 1419 1116 conjunctum
1452 1073 1530 1104 est.

100 1117 142 1158 id
166 1127 306 1158 autern
330 1117 581 1172 quantulum
603 1119 690 1158 est?
714 1116 766 1157 de
788 1116 929 1166 sacris,
950 1117 1092 1167 credo,
1114 1117 1165 1157 de
1188 1118 1307 1166 votis,
1328 1117 1379 1158 de
1400 1119 1529 1169 feriis,

100 1173 154 1214 de
177 1174 394 1228 sepulcriS,
415 1184 457 1214 et
477 1174 509 1214 si
534 1173 634 1228 quid
655 1173 862 1228 ejusmodi
883 1182 959 1214 est.
1022 1173 1111 1213 Cur
1142 1173 1270 1228 igitur
1299 1174 1390 1215 haec
1415 1184 1533 1216 tanta

99 1229 291 1280 facimus,
311 1244 408 1271 cum
430 1238 569 1271 cetera
589 1243 790 1284 perparva
809 1229 918 1269 sint?
958 1230 1027 1270 De
1048 1230 1173 1270 sacris
1195 1239 1352 1280 autem,
1374 1231 1445 1286 qui
1464 1231 1532 1272 lo-

97 1301 172 1328 cus
193 1296 310 1341 patet
331 1286 470 1336 latius,
490 1286 581 1326 haec
601 1286 655 1326 sit
674 1299 758 1326 una
787 1285 1006 1336 sententia,
1027 1295 1075 1327 ut
1102 1296 1399 1328 conserventur
1422 1302 1532 1329 sem-

97 1357 186 1398 per,
206 1352 247 1384 et
267 1343 464 1398 deinceps
484 1342 651 1383 familiis
669 1341 916 1397 prodantur,
937 1351 994 1393 et,
1015 1351 1063 1383 ut
1095 1342 1137 1383 in
1165 1342 1261 1398 lege
1282 1344 1416 1398 posui,
1436 1359 1532 1400 per-

97 1408 227 1454 petua
245 1399 327 1440 sint
347 1414 475 1441 sacra.
536 1400 634 1440 Hoc
654 1413 739 1439 uno
760 1398 914 1454 posito,
934 1397 1026 1439 haec
1049 1398 1148 1455 jura
1178 1400 1423 1454 pontificum
1454 1416 1527 1442 au·
1540 1411 1594 1444 48

97 1456 293 1497 ctoritate
310 1464 536 1497 consecuta
555 1465 667 1506 sunt,
686 1464 733 1497 ut
750 1469 800 1496 ne
814 1464 953 1497 morte
973 1456 1101 1511 patris
1121 1456 1298 1497 familias
1315 1471 1528 1499 sacrorum

96 1513 303 1554 memoria
321 1512 532 1554 occideret
549 1529 559 1554 z
589 1512 639 1553 iis
660 1521 799 1553 essent
820 1526 868 1553 ea
888 1511 1101 1568 adjuncta,
1122 1512 1175 1553 ad
1205 1528 1311 1569 quos
1339 1513 1531 1570 ejusdem

98 1578 236 1610 morte
254 1570 434 1625 pecunia
453 1569 624 1611 venerit.
686 1570 784 1609 Hoc
807 1583 891 1609 uno
911 1569 1068 1624 posito,
1090 1569 1206 1625 quod
1226 1579 1288 1610 est
1309 1570 1361 1611 ad
1380 1571 1531 1626 cogni-

96 1626 257 1667 tionem
279 1626 509 1681 disciplinae
536 1626 650 1677 satis,
670 1625 989 1666 innumerabilia
1012 1634 1254 1676 nascuntur,
1276 1627 1429 1682 quibus
1449 1629 1530 1668 im-

95 1682 264 1738 plentur
286 1682 687 1739 jurisconsultorum
719 1681 837 1722 libri:
869 1690 905 1718 47
926 1691 1171 1738 quaeruntur
1198 1683 1324 1734 enim,
1352 1684 1424 1739 qui
1454 1684 1529 1726 ad-

96 1739 356 1795 stringantur
373 1739 513 1780 sacris.
575 1739 794 1780 Heredum
823 1753 949 1780 causa
970 1739 1206 1795 justissima
1223 1748 1300 1781 est.
1332 1740 1446 1781 nulla
1466 1750 1530 1783 est
1542 1759 1572 1788 p.
1589 1757 1661 1783 iso.

97 1796 207 1836 enim
231 1810 424 1851 persona,
438 1811 533 1851 quae
550 1795 602 1836 ad
619 1796 750 1837 vicem
772 1796 878 1851 ejuS,
895 1796 968 1851 qui
989 1810 1012 1836 e
1034 1796 1117 1837 vita
1135 1796 1413 1852 emigraverit,
1430 1812 1528 1853 pro·
1541 1802 1571 1824 a.

97 1852 193 1907 pius
214 1852 401 1894 accedat.
460 1852 641 1903 Deinde,
663 1852 735 1908 qui
755 1861 891 1892 morte
910 1861 1215 1894 testamentove
1234 1853 1324 1909 ejus
1345 1863 1532 1896 tantum-

96 1907 194 1950 dem
215 1909 367 1964 capiat,
387 1917 588 1964 quantum
619 1923 766 1950 omnes
794 1908 983 1950 heredes.
1015 1909 1057 1950 id
1087 1924 1258 1965 quoque
1277 1910 1437 1952 ordine.
1469 1922 1534 1954 est

96 1965 209 2006 enim
241 1965 294 2006 ad
322 1964 379 2015 id,
403 1965 519 2021 quod
546 1965 810 2021 propositum
843 1974 921 2015 est,
944 1967 1329 2008 accommodatum.
1387 1968 1532 2009 Tertio

95 2021 209 2074 loco,
237 2022 271 2063 si
299 2036 424 2062 nemo
451 2022 508 2062 sit
531 2022 665 2071 heres,
693 2022 742 2072 is,
764 2021 835 2078 qui
866 2021 918 2062 de
948 2022 1085 2072 bonis,
1117 2038 1211 2078 quae
1241 2023 1331 2079 ejus
1363 2024 1531 2075 fuerint,

96 2091 193 2120 cum
216 2078 411 2129 moritur,
433 2093 514 2119 usu
532 2079 690 2134 ceperit
715 2077 943 2134 plurimum
965 2078 1236 2133 possidendo.
1295 2080 1478 2131 Quarm,
1498 2082 1532 2122 si

96 2149 223 2176 nemo
253 2135 321 2186 sit,
352 2135 426 2190 qui
457 2134 587 2176 ullam
617 2149 704 2176 rem
735 2134 908 2190 ceperit,
939 2134 992 2177 de
1022 2135 1301 2177 creditoribus
1331 2137 1437 2193 ejus,
1459 2137 1531 2193 qui

95 2191 325 2247 plurimum
348 2201 495 2232 servet.
553 2193 752 2233 Extrema
770 2191 842 2233 illa
859 2194 1135 2247 persona'est,
1158 2202 1208 2234 ut
1225 2193 1274 2243 is,
1295 2195 1368 2249 qui
1387 2194 1439 2245 ei,
1458 2195 1529 2250 qui
1542 2205 1594 2248 49

95 2256 288 2290 mortuus
306 2249 373 2299 sit,
392 2248 611 2304 pecuniam
636 2248 843 2298 debuerit,
862 2249 1100 2304 neminique
1120 2264 1212 2290 eam
1234 2250 1414 2302 solverit,
1435 2265 1530 2306 per—

95 2304 193 2350 inde
213 2305 430 2355 habeatur,
451 2306 569 2362 quasi
588 2320 682 2346 eam
702 2305 925 2360 pecuniam
944 2306 1116 2361 ceperit.
1147 2307 1255 2347 Haec
1276 2322 1352 2348 nos
1371 2322 1395 2348 a
1416 2308 1531 2349 Scae-
1546 2307 1616 2356 20

96 2360 190 2402 vola
207 2361 452 2413 didicimus3
476 2377 560 2403 non
580 2362 640 2403 ita
659 2361 869 2417 descripta
890 2362 944 2403 ab
965 2363 1160 2418 antiquis.
1219 2365 1334 2404 Nam
1354 2364 1415 2405 illi
1436 2365 1531 2420 qui-

95 2416 194 2458 dem
217 2417 282 2459 his
300 2419 433 2460 verbis
454 2418 678 2470 docebant,
699 2419 833 2460 tribus
854 2419 990 2460 modis
1011 2420 1136 2460 sacris
1157 2419 1362 2476 adstringi
1380 2438 1390 2462 :
1409 2420 1530 2462 here-

96 2472 229 2516 ditate
248 2491 258 2516 ε
288 2475 415 2516 aut-si
435 2475 639 2532 majorem
660 2486 823 2531 partem
844 2477 1034 2531 pecuniae
1055 2476 1191 2532 capiat
1209 2493 1218 2518 z
1250 2486 1322 2518 aut
1343 2478 1377 2518 si
1397 2477 1533 2534 major

94 2543 192 2586 pars
209 2531 398 2587 pecuniae
418 2531 560 2588 legata
578 2541 656 2583 est,
674 2532 708 2573 si
728 2531 826 2574 inde
848 2533 1063 2589 quippiam
1088 2534 1274 2590 ceperit:
1322 2534 1406 2575 Sed
1425 2549 1533 2591 pon-

139 2673 178 2699 44
203 2667 314 2707 ingenio
331 2666 422 2707 possi!
443 2667 566 2707 moveri]
585 2668 688 2707 Cujus
703 2669 791 2708 inge-
833 2675 907 2698 ante
928 2669 1012 2710 quod.
1036 2679 1101 2700 non
1125 2679 1205 2709 opus
1228 2678 1303 2701 erat.
1340 2671 1457 2701 Sensus
1473 2678 1531 2708 est,

97 2708 189 2739 nium
210 2710 325 2740 habeat
347 2720 478 2741 sensum
497 2712 574 2749 veri,
591 2720 622 2742 et
637 2718 722 2742 amet
738 2721 791 2742 co·
836 2723 912 2751 ergo,
930 2722 974 2742 sc-
993 2722 1031 2742 eo
1045 2719 1186 2750 tantum,
1203 2714 1278 2755 quod
1292 2715 1351 2744 διε.

96 2752 272 2792 gnitionem
290 2763 408 2784 rerum.
877 2761 914 2790 47
949 2763 1120 2796 quaeruntur
1148 2756 1235 2796 enim]
1270 2756 1414 2786 Quaerunt
1451 2756 1532 2788 bene

139 2802 180 2827 45
203 2806 266 2824 cum
280 2795 366 2835 sciat]
386 2796 492 2836 Vulgo
504 2796 588 2826 scias.
610 2796 707 2828 male.
833 2799 959 2838 corrigit
974 2799 1134 2830 Davisius.

130 2842 180 2872 ,45
202 2848 279 2879 ergo,
293 2839 370 2881 quod
382 2839 457 2881 δια]
475 2840 620 2872 Pearcius
634 2841 721 2873 addit
734 2839 792 2870 nisi
