1844 3202
253 100 334 143 932
627 92 687 131 M.
722 92 931 131 TULLII
968 92 1306 132 elcERONis

255 202 392 244 stione
412 201 774 267 considerandum,
792 216 1008 258 semperne
1029 201 1168 254 fuerit,
1185 202 1304 244 nullo
1320 208 1542 258 generatus
1562 209 1680 245 ortu.

255 273 310 300 an
337 267 454 300 ortus
486 259 555 310 sit,
586 274 638 300 an
669 259 723 300 ab
757 258 899 315 aliquo
930 260 1130 322 temporis
1157 259 1411 315 principatu
1414 265 1440 291 8
1458 269 1574 301 ortus
1603 268 1683 310 est,

256 315 602 371 quandoquidem
631 315 827 365 cernitur,
853 323 896 356 et
923 314 1123 368 tangitur,
1154 324 1196 356 et
1225 325 1288 356 est
1317 312 1503 371 undique
1531 330 1681 370 corpo-

256 379 386 413 ratus.
446 372 601 413 Omnia
630 380 771 417 autem
804 371 903 412 talia
928 385 1094 411 sensum
1114 380 1311 413 moxent:
1343 386 1570 427 sensusque
1591 385 1685 412 mo-

257 428 395 469 ventia
424 443 518 484 quae
549 437 660 478 511111,
690 428 834 468 eadem
866 427 908 467 in
938 426 1134 481 opinione
1164 427 1402 479 considunt,
1423 444 1517 484 quae
1543 436 1684 469 ortum

257 484 428 535 habere,
449 484 652 539 gignique
673 483 879 524 diximus·
911 481 1013 522 nihil
1033 493 1174 523 autem
1194 483 1315 538 gigni
1335 499 1457 539 posse
1478 486 1564 525 sine
1586 499 1685 524 cau-

259 540 329 581 sis.
384 541 531 604 Atque
553 540 671 580 illum
693 539 863 594 quidem
885 539 1004 603 quasi
1014 547 1237 602 parentem
1262 539 1386 594 hujus
1410 540 1687 581 unixersitatis

259 596 456 647 invenire,
482 596 676 637 difficile.
708 605 751 636 et
771 609 866 636 cum
892 595 982 651 jam
1012 594 1226 645 inveneris,
1252 595 1471 637 indicare
1459 612 1501 637 111
1523 596 1689 660 vulgus,

261 653 391 693 nefas.
451 654 610 693 Rursus
639 650 768 707 igitur
796 651 1034 701 videndum,
1066 651 1135 692 ille
1163 651 1387 692 fabricator
1415 653 1520 694 tanti
1549 653 1689 707 operis

260 717 403 750 utrum
438 708 492 749 sit
524 708 712 749 imitatus
744 707 969 763 exemplar,
999 707 1111 758 idne,
1138 707 1253 762 quod
1289 722 1452 763 semper
1481 724 1611 750 unum
1645 718 1690 749 et

261 764 391 816 idem,
421 774 463 806 et
492 765 556 805 sui
586 764 736 814 simile,
755 779 808 804 an
838 764 894 814 id,
914 763 1029 819 quod
1056 771 1317 819 generatum,
1339 774 1563 828 ortumque
1585 764 1690 806 dici-

261 836 372 862 111115.
429 821 566 876 Atqui
594 821 627 861 si
657 821 802 876 pulcer
832 830 897 861 est
928 821 995 860 hie
1024 820 1221 870 mundus,
1254 821 1288 860 si
1315 820 1473 875 probus
1504 820 1594 876 ejus
1623 836 1688 862 ar-

262 878 395 919 tifex:
432 878 622 932 profecto
653 877 835 931 speciem
868 877 1110 917 aeternitatis
1139 876 1293 917 imitari
1323 877 1500 918 maluit:
1533 892 1595 918 sm
1625 892 1691 918 sea

262 948 353 984 cus,
385 933 502 989 quod
531 947 583 973 ne
613 932 730 973 dictu
759 932 927 988 quidem
959 933 1021 973 fas
1051 941 1142 983 est3
1173 939 1418 987 generatum
1451 933 1693 988 exemplum

262 998 327 1030 est
346 1004 421 1045 pro
452 991 608 1030 aeterno
637 996 817 1030 secutus.
877 990 978 1029 Non
1000 989 1129 1044 igitur
1149 988 1341 1039 dubium,
1362 990 1462 1044 quin
1484 990 1693 1030 aeternita-

262 1054 351 1087 tem
381 1046 577 1086 maluerit
604 1046 787 1101 exsequi,
818 1045 1160 1100 quandoquidem
1197 1059 1333 1100 neque
1371 1044 1531 1086 mundo
1570 1045 1694 1101 quid-

263 1117 394 1158 quam
427 1102 628 1158 pulcrius,
663 1116 798 1157 neque
829 1116 919 1157 ejus
953 1102 1203 1142 aedifieatore
1238 1101 1519 1159 praestantius.
1588 1102 1694 1144 4Sic

264 1173 368 1214 ergo
389 1168 629 1214 generatus,
651 1158 703 1200 ad
724 1158 766 1199 id
787 1167 851 1198 est
871 1158 1058 1208 effeetus,
1081 1157 1195 1213 quod
1217 1158 1389 1208 ratione,
1411 1158 1696 1214 sapientiaque

264 1214 652 1270 comprehenditur,
673 1224 798 1271 atque
819 1214 1072 1255 immutabili
1093 1214 1322 1255 :eternitate
1343 1215 1593 1255 continetur.
1632 1216 1696 1256 Ex

264 1279 352 1327 quo
373 1271 564 1322 efficitur,
587 1280 635 1312 ut
656 1272 708 1312 sit
729 1285 913 1321 necesse,
935 1271 1061 1321 hune,
1083 1285 1207 1326 quem
1229 1271 1451 1321 cernimus,
1473 1270 1696 1323 mundum,

265 1329 537 1369 simulacrum
561 1338 766 1369 aeternum
785 1342 875 1368 esse
895 1327 1072 1383 alicujus
1095 1327 1252 1368 aeterni.
1296 1327 1602 1368 Difficillimum
1623 1342 1698 1368 au-

265 1393 353 1425 tem
387 1393 450 1425 est
483 1385 527 1425 in
558 1384 674 1425 omni
703 1384 1021 1447 conquisitione
1041 1384 1227 1433 rationis,
1259 1384 1490 1424 exordium.
1548 1384 1617 1424 De
1648 1384 1697 1425 iis

229 1451 253 1483 3
268 1441 412 1506 igitur,
432 1456 532 1505 quae.
540 1441 743 1505 diximus,
765 1441 855 1481 haec
889 1440 941 1481 sit
962 1440 1096 1496 prima
1115 1440 1341 1481 distinctio.
1402 1441 1449 1480 In
1472 1440 1585 1481 omni
1605 1455 1699 1482 ora-

266 1498 382 1539 tione
402 1512 498 1538 cum
523 1497 572 1538 iis
593 1498 730 1548 rebus,
750 1497 802 1537 de
831 1497 982 1553 quibus
1003 1496 1313 1552 explicandum,
1334 1496 1497 1537 videtur
1516 1511 1605 1538 esse
1627 1512 1698 1539 co-

266 1554 418 1609 gnitio.
480 1555 628 1617 Itaque
657 1568 755 1594 cum
785 1553 837 1594 de
867 1567 910 1593 re
940 1553 1077 1594 stabili
1098 1562 1140 1594 et
1160 1552 1413 1593 immutabili
1433 1553 1697 1608 disputatur.

270 1611 407 1651 oratio
437 1610 531 1651 talis
562 1610 629 1661 sit,
660 1610 792 1665 qualis
824 1610 878 1650 sit
906 1609 991 1659 illa,
1017 1619 1032 1641 ⁵
1050 1624 1144 1664 quae
1177 1623 1312 1664 neque
1332 1609 1543 1664 redargui,
1564 1624 1699 1665 neque

268 1666 459 1708 convinci
490 1675 644 1722 potest.
705 1666 817 1707 Cum
848 1674 989 1706 autem
1018 1665 1205 1720 ingressa
1225 1674 1288 1706 est
1308 1665 1483 1714 imitata,
1504 1674 1546 1706 et
1565 1666 1700 1706 efficta

268 1723 520 1764 simulacra:
552 1723 660 1764 bene
680 1723 750 1786 agi
779 1729 914 1778 putat,
946 1722 979 1762 si
1009 1721 1325 1763 similitudinem
1355 1721 1437 1762 veri
1466 1736 1700 1785 consequa-

269 1790 353 1822 tur.
411 1781 630 1822 Ouantum
651 1779 762 1820 enim
784 1779 835 1819 ad
857 1778 913 1828 id,
936 1778 1050 1833 quod
1072 1786 1212 1819 01111111
1234 1786 1312 1828 651,
1334 1778 1541 1819 aeternitas
1563 1779 1698 1820 vzalet

251 1823 450 1880 ,tanturn
468 1836 521 1877 ad
552 1836 574 1876 f
581 1836 675 1877 dem
706 1835 868 1876 veritas.
928 1835 1141 1878 Quocirca
1171 1834 1204 1875 si
1230 1835 1337 1875 10116
1358 1834 1410 1875 de
1431 1834 1603 1876 deorum
1626 1850 1700 1877 na-

244 1898 381 1944 'tura,
411 1902 591 1948 ortuque
620 1891 768 1933 mundi
797 1891 1061 1941 disserentes,
1092 1891 1229 1932 minus
1259 1889 1315 1941 id,
1338 1891 1451 1946 quod
1481 1891 1706 1947 habemus,

272 1950 414 1990 animo
436 1949 748 2006 consequimur,
769 1957 816 1989 ut
845 1957 935 1989 tota
955 1948 1150 1998 dilucide,
1172 1957 1215 1989 et
1241 1948 1362 2003 plane
1383 1957 1580 1989 exornata
1607 1962 1700 1990 ora-

271 2006 334 2047 tio
366 2006 445 2047 sibi
480 2015 659 2055 constet,
691 2014 733 2046 et
766 2019 815 2045 ex
845 2005 961 2046 omni
992 2013 1110 2060 parte
1142 2019 1284 2045 seeum
1319 2004 1408 2059 ipsa
1440 2004 1699 2068 consentiat.

272 2062 388 2104 haud
420 2077 518 2103 sane
539 2063 618 2103 erit
637 2062 817 2111 mir;um
848 2061 1116 2116 contentique
1135 2075 1224 2103 esse
1252 2059 1472 2119 debebitis,
1494 2060 1703 2125 511110116-

272 2119 375 2160 bilia
396 2119 601 2160 dicentur
622 2133 789 2174 aequum
819 2127 883 2158 est
907 2118 1017 2158 enim
1040 2117 1294 2166 meminisse,
1314 2128 1357 2169 et
1376 2132 1458 2168 1116,
1479 2117 1550 2172 qui
1572 2117 1701 2159 disse-

274 2190 379 2226 ram,
401 2175 615 2216 hominem
636 2189 739 2225 6556,
761 2183 803 2215 61
823 2189 908 2238 ios,
940 2181 958 2205 6
976 2174 1048 2229 qui
1072 2174 1301 2238 judicetis:
1332 2181 1393 2223 ut,
1415 2174 1447 2215 si
1469 2173 1704 2228 probabilia

275 2231 482 2282 dicentur,
503 2231 561 2272 nil
581 2231 691 2273 ultra
709 2231 941 2286 requiratis.
981 2232 1231 2273 Quaeramus
1253 2230 1382 2285 igitur
1403 2244 1585 2280 causam,
1606 2246 1713 2286 quae¹

276 2302 374 2329 eum
405 2287 633 2343 impulerit,
656 2288 728 2344 qui
759 2287 850 2328 haec
880 2287 1142 2328 machinatus
1173 2288 1239 2337 sit,
1259 2296 1306 2327 111
1324 2286 1527 2341 originem
1548 2302 1702 2338 rerum,

274 2354 318 2385 et
348 2345 610 2386 molitionem
639 2359 786 2386 novam
808 2354 1027 2399 quaereret.
1089 2318 1297 2385 Probitate
1320 2342 1508 2383 videlicet
1527 2353 1702 2398 praesta-

275 2401 373 2442 bat:
402 2401 559 2456 probus
588 2410 729 2442 autem
759 2400 915 2444 invidet
942 2400 1109 2440 nemini.
1142 2400 1281 2454 itaque
1306 2399 1447 2441 omnia
1467 2400 1529 2440 sui
1552 2399 1704 2442 similia

274 2457 500 2514 generaxit.
560 2458 667 2498 Haec
699 2457 895 2498 nimirum
927 2456 1127 2512 gignendi
1150 2455 1297 2499 mundi
1316 2470 1440 2497 661156
1452 2455 1702 2520 justissima.

320 2606 337 2630 3
360 2606 437 2629 ortus
453 2597 505 2637 est]
530 2599 713 2629 Delendum
730 2600 855 2629 estsine
871 2599 968 2629 dubio
1011 2599 1100 2634 VIII,
1119 2606 1169 2629 20.

275 2650 336 2682 esf:
375 2642 682 2682 intelligendumque
712 2643 750 2671 sit
778 2652 817 2672 ex
844 2649 968 2672 antece·
1056 2650 1070 2672 5
1097 2652 1161 2682 qua·
1176 2639 1451 2682 mquer.—potest]
1477 2642 1627 2672 Latinitas
1647 2651 1702 2681 po-

274 2688 379 2716 dente.
1009 2685 1105 2714 stulat
1116 2684 1213 2722 possit.

319 2736 337 2759 4
360 2728 411 2758 Sic
431 2741 454 2758 e.
469 2727 514 2767 g]
542 2727 620 2757 Dedi
644 2726 684 2756 sic
706 2737 760 2767 pro
782 2727 910 2766 vulgato
932 2728 1073 2757 5126
1096 2727 1145 2768 qui
1160 2726 1320 2768 judicatis]
1350 2728 1424 2758 Non
1448 2727 1586 2757 dubitavi
1609 2728 1704 2757 corri-

276 2782 352 2805 nam
390 2772 474 2811 apud
498 2771 661 2801 Platonem
692 2777 738 2801 est
763 2768 835 2799 οὕτω
861 2769 891 2801 δὴ
919 2781 968 2808 '7⁵-
1010 2779 1080 2809 gere
1098 2770 1250 2809 judicetis,
1279 2771 1444 2812 respondet
1465 2772 1552 2802 enim
1577 2769 1634 2808 illi,
1657 2781 1702 2800 me

275 2813 430 2853 γενημὲνες.
475 2814 560 2845 Vidit
596 2814 772 2854 Leopardus
801 2813 966 2846 Emendat.
1011 2813 1060 2855 qui
1075 2812 1221 2844 disseram.
