1844 3202
284 77 364 122 766
805 75 845 114 D
861 77 892 114 E
929 76 1106 116 OFFIC
1116 78 1194 116 IIS

283 183 473 240 postulo,
494 183 554 225 mi
575 184 742 236 Cicero,
764 191 811 226 ut
841 185 946 226 mihi
977 185 1198 237 concedas,
1220 185 1255 227 si
1274 194 1410 242 poteS,
1431 185 1550 237 nihil,
1571 193 1725 242 pra-ter

284 240 342 291 id,
363 241 479 297 quod
500 241 725 283 honestum
747 242 814 292 sit,
836 252 1009 298 propter
1030 258 1074 284 se
1107 257 1198 284 esse
1224 241 1523 298 expetendum.
1546 244 1609 283 sin
1641 242 1725 285 hoe

286 312 371 338 non
400 297 498 339 licet
528 313 603 354 per
637 298 914 354 Cratippum:
947 309 991 340 at
1023 299 1127 340 illud
1158 309 1270 341 certe
1301 299 1433 350 dabis,
1457 299 1573 355 quod
1593 299 1727 340 hone-

285 363 400 396 stum
440 355 507 406 sit,
544 355 589 396 id
625 369 717 396 esse
756 356 938 396 maxime
972 365 1146 411 propter
1178 371 1221 397 se
1254 356 1552 412 expetendum.
1612 355 1727 397 Mihi

285 412 490 452 utrumvis
513 412 610 453 satis
638 422 729 453 est:
758 420 801 452 et
822 420 861 444 ³0
878 421 968 453 tum
999 412 1096 463 hoc,
1124 421 1215 453 tum
1245 413 1350 454 illud
1378 412 1639 468 probabilius
1665 413 1727 453 vi·-

220 469 272 503 34
286 467 423 520 detur,
454 483 531 508 nec
562 478 765 524 praeterea
795 468 1027 524 quidquam
1059 469 1292 524 probabile.
1350 471 1415 511 Ac
1443 470 1626 526 primum
1650 470 1730 510 Pa-

285 526 436 566 naetius
457 526 499 566 in
522 525 603 566 hoc
625 525 912 566 defendendus
933 534 1010 575 cst,
1033 526 1148 581 quod
1171 541 1253 567 non
1275 526 1393 567 utilia
1413 542 1511 568 cum
1537 525 1729 568 honestis

282 595 475 637 pugnare
499 581 725 637 aliquando
748 596 871 637 posse
893 581 1044 623 dixerit
1067 585 1221 638 (neque
1241 583 1353 624 enim
1375 583 1413 624 ei
1439 584 1500 624 sas
1522 586 1627 635 erat)
1651 582 1728 624 sed

284 647 321 670 ²³1
339 654 401 689 ea,
423 654 518 695 quae
539 638 775 680 viderentur
796 638 929 680 utilia.
977 639 1096 680 Nihil
1119 654 1215 680 vero
1237 639 1352 690 utile,
1373 639 1488 696 quod
1508 655 1592 681 non
1613 639 1726 680 idem

283 696 542 737 honestum:
575 695 679 736 nihil
709 695 950 746 honestum,
981 696 1096 751 quod
1127 711 1211 737 non
1243 696 1352 737 idem
1385 697 1487 737 utile
1517 697 1585 749 sit,
1616 710 1729 750 saepo

282 762 492 794 testatur:
525 761 751 808 negatque,
780 752 910 794 ullam
941 763 1102 808 pestem
1132 753 1336 809 majorem
1367 753 1408 795 in
1428 752 1553 796 vitam
1586 752 1728 794 homi-

283 825 387 851 num
419 809 631 859 invasisse,
654 824 780 865 quam
803 824 950 851 eorum
973 810 1232 864 opinionem,
1254 810 1325 866 qui
1346 809 1427 851 ista
1447 808 1726 851 distraxerint.

284 866 435 922 Itaque
465 881 565 917 non,
586 876 634 907 ut
667 865 892 920 aliquando
918 875 1271 921 anteponeremus
1292 867 1410 907 utilia
1429 865 1632 917 honestis,
1653 864 1728 907 sed

281 934 331 964 ut
353 938 402 963 cu
422 924 509 963 sine
540 937 680 963 errore
711 921 1055 978 dijudicaren‘uis,
1078 924 1112 963 si
1133 923 1302 979 quaudo
1325 922 1582 974 incidissent,
1602 922 1726 964 indu-

281 979 344 1021 xit
374 994 483 1029 eam,
506 993 600 1034 quae
631 979 841 1019 videretur
862 993 968 1029 esse,
1001 994 1084 1019 non
1115 995 1210 1034 quae
1240 979 1727 1034 esset,repugnantiam.

283 1037 409 1077 Hanc
430 1036 560 1090 igitur
579 1044 740 1090 partem
760 1035 948 1075 relictam
968 1035 1245 1090 explebimus,
1264 1044 1303 1067 ’ὀᾶ
1320 1035 1474 1076 nullius
1493 1035 1729 1076 adminicu-

282 1092 347 1144 lis,
379 1092 453 1133 sed
483 1094 547 1145 (ut
569 1093 739 1144 dicitur)
775 1093 917 1133 Marte
944 1102 1105 1133 nostro.
1127 1107 1262 1148 neque
1285 1091 1398 1133 enim
1420 1091 1652 1147 quidquam
1676 1091 1729 1132 de

282 1149 362 1190 hac
383 1159 500 1205 parte
522 1159 620 1205 post
640 1149 873 1190 Panaetium
902 1149 1160 1204 explicatum
1190 1158 1267 1199 est,
1288 1149 1403 1205 quod
1429 1148 1602 1205 quidem
1622 1148 1728 1191 mihi

284 1207 549 1263 probaretur,
571 1206 624 1247 de
645 1206 708 1257 iis,
730 1221 824 1262 quae
848 1205 888 1246 in
908 1221 1056 1247 manus
1080 1220 1194 1247 meas
1216 1215 1431 1247 venerunt.

236 1256 271 1306 8
343 1263 455 1304 Cum
478 1263 608 1318 igitur
629 1263 770 1319 aliqua
791 1263 952 1319 specics
973 1262 1166 1304 utilitatis
1186 1262 1354 1319 objecta
1373 1271 1451 1312 est,
1473 1261 1730 1303 commoveri

221 1333 270 1365 35
287 1335 456 1362 necesse
483 1329 562 1361 est.
583 1321 655 1362 sed
685 1321 733 1371 si,
763 1327 801 1352 33
823 1335 922 1361 cum
948 1320 1136 1361 animum
1158 1318 1401 1370 attenderis,
1421 1318 1730 1374 turpitudinem

285 1377 424 1419 videas
445 1377 690 1433 adjunctam
712 1377 749 1418 ei
770 1377 843 1428 rei,
865 1392 960 1432 quae
981 1377 1164 1432 speciem
1183 1376 1373 1417 utilitatis
1391 1376 1606 1427 attulerit3
1637 1384 1731 1417 tum

285 1448 372 1476 non
394 1443 433 1467 34
453 1434 610 1475 utilitas
644 1434 919 1490 relinquenda
944 1442 1021 1485 est,
1044 1433 1118 1475 sed
1143 1432 1482 1489 intelligendum,
1502 1433 1575 1474 ubi
1597 1432 1732 1488 turpi·

286 1490 392 1533 tudo
423 1491 491 1542 sit,
525 1491 582 1532 ibi
615 1491 843 1533 utilitatem
874 1505 964 1532 esse
996 1505 1080 1531 non
1113 1504 1249 1547 posse.
1309 1489 1441 1532 Quod
1470 1490 1505 1530 si
1536 1489 1639 1531 nihil
1667 1498 1731 1532 est

287 1558 376 1589 tam
407 1559 557 1589 contra
586 1557 795 1599 naturam,
816 1562 942 1603 quam
974 1546 1194 1603 turpitudo
1219 1549 1349 1600 (recta
1369 1546 1499 1598 enim,
1517 1554 1559 1587 et
1579 1560 1731 1587 conve·

178 1629 211 1659 p.
225 1626 275 1651 59-
289 1605 460 1655 nientia,
477 1613 520 1646 ct
539 1605 777 1645 constantia
796 1615 945 1646 natura
965 1603 1190 1655 desiderat,
1212 1612 1543 1659 aspernaturque
1562 1612 1731 1645 contra-

247 1662 364 1713 a-ria)
387 1661 575 1718 nihilque
598 1670 684 1702 tam
706 1661 940 1702 secundum
960 1669 1170 1711 naturam,
1192 1675 1319 1716 quam
1341 1659 1500 1701 utilitas
1519 1677 1529 1702 ε
1559 1669 1673 1701 certe
1692 1659 1734 1701 in

224 1720 229 1725 ”
287 1718 435 1760 eadem
457 1733 501 1759 re
522 1718 681 1759 utilitas
701 1728 745 1759 et
765 1717 987 1773 turpitudo
1007 1732 1098 1758 esse
1118 1731 1201 1758 non
1224 1726 1378 1773 potest.
1400 1716 1602 1773 itemque,
1623 1716 1657 1758 si
1678 1716 1733 1758 ad

285 1775 552 1816 honestatem
588 1775 675 1816 nati
706 1790 868 1826 sumus,
899 1788 1032 1830 caque
1063 1783 1137 1816 aut
1169 1774 1261 1815 sola
1292 1773 1527 1828 expetenda
1554 1781 1633 1824 est,
1669 1776 1733 1827 (ut

285 1833 451 1874 Zenoni
481 1832 615 1873 risum
648 1840 711 1872 est
722 1833 756 1884 3)
797 1840 870 1872 aut
900 1842 1014 1872 certe
1043 1839 1082 1863 2³5
1101 1831 1218 1872 omni
1247 1831 1433 1886 pondere
1462 1831 1628 1886 gravior
1658 1829 1735 1872 ha-

284 1889 439 1941 benda,
459 1904 584 1945 quam
609 1888 770 1944 reliqua
790 1888 948 1939 onmia,
969 1887 1083 1944 quod
1114 1887 1336 1929 Aristoteli
1367 1887 1529 1942 placet:
1562 1900 1733 1930 necesse

285 1955 364 1998 est,
387 1946 502 2002 quod
533 1946 761 1987 honestum
793 1945 862 1995 sit,
884 1944 926 1986 id
947 1959 1038 1986 esse
1056 1953 1130 1986 aut
1150 1944 1305 1995 solum,
1325 1952 1399 1986 aut
1418 1958 1633 1985 summum
1652 1943 1732 1985 bo-

287 2018 416 2045 num:
449 2002 566 2059 quod
594 2012 737 2044 autem
767 2003 943 2053 bonum,
964 2001 1006 2042 id
1039 2010 1152 2042 certe
1183 2001 1314 2042 utile:
1346 2001 1404 2043 ita
1426 1999 1633 2057 quidquid
1652 1999 1733 2042 ho-

223 2065 276 2103 36
288 2069 472 2112 nestum,
493 2059 537 2101 id
558 2059 676 2100 utile.
715 2060 861 2102 Quare
881 2073 997 2101 error
1018 2057 1239 2099 hominum
1261 2071 1344 2099 non
1363 2057 1614 2115 proborum,
1633 2071 1733 2099 cum

331 2180 372 2206 30
394 2184 458 2203 cum
481 2173 529 2203 hoc
548 2181 606 2203 tum
624 2172 889 2214 illudprobabilias
904 2172 990 2201 vide-

290 2216 350 2256 tur]
370 2217 488 2247 Sensus
511 2227 577 2247 esse
595 2218 728 2253 videtur,
747 2225 777 2247 et
792 2215 926 2246 alterum
944 2215 991 2244 al-

288 2269 354 2290 tero
371 2261 530 2290 interdum
554 2261 746 2300 probabilius
766 2261 902 2298 videtur,
920 2269 989 2289 mo·

288 2304 329 2334 do
346 2304 420 2341 hoc,
437 2304 533 2334 modo
550 2303 640 2334 illud.

332 2353 370 2377 31
396 2357 442 2383 ea,
461 2357 526 2388 quae
541 2346 712 2377 viderentur
727 2341 830 2383 utilia]
851 2345 902 2375 Sic
919 2344 989 2375 dedi

289 2399 330 2420 ex
359 2390 408 2420 ed.
439 2390 554 2419 Colon.
585 2399 640 2428 pro
669 2388 799 2427 vulgato
836 2388 989 2424 virli-ntur,

288 2434 376 2472 quod
409 2442 426 2463 e
463 2433 654 2472 compendio
689 2431 845 2462 scribendi
875 2438 989 2461 natum

290 2483 349 2509 ‘St-

334 2525 374 2550 82
399 2517 486 2548 nullis
510 2516 711 2558 adminiculis]
739 2516 882 2547 Graevius
909 2516 994 2546 dedit

289 2561 411 2600 nullius,
441 2562 528 2601 quod
565 2561 681 2591 melius
712 2561 877 2600 respondet
906 2559 993 2589 alteri

292 2605 396 2635 Βίαν-τε
418 2611 532 2634 nostro:
556 2614 614 2634 nec
639 2611 746 2634 tamen
778 2610 825 2633 cst
852 2612 994 2632 neccssa-

290 2650 391 2685 rium,
421 2649 498 2688 quia
520 2654 551 2677 et
578 2648 610 2677 in
637 2647 843 2686 sequentibus
868 2655 993 2685 semper

290 2693 334 2722 rei
361 2701 426 2721 non
456 2691 631 2721 hominum
663 2691 796 2726 mentio,
825 2696 879 2718 ut:
905 2700 993 2730 mque

290 2734 366 2766 enim
389 2733 543 2776 quicquam
566 2733 600 2763 de
622 2733 675 2762 hac
692 2739 780 2773 parte
797 2738 864 2772 post
889 2731 992 2761 Fame-

292 2778 365 2806 tium
388 2776 564 2816 explicatum
579 2782 632 2814 est,
649 2776 724 2818 quod
739 2777 798 2806 ἃς.
846 2775 931 2805 Quia
947 2782 992 2805 ta-

292 2829 369 2852 men
391 2821 436 2852 sic
459 2828 504 2852 ent
526 2821 561 2859 in
582 2820 632 2853 ed.
655 2820 746 2862 Mog.
765 2829 841 2851 cum
863 2824 993 2852 secutus

1032 2182 1118 2202 sum.

1076 2223 1115 2245 'aa
1140 2225 1204 2243 cun:
1233 2213 1362 2243 animum
1387 2213 1557 2254 attenderis]
1588 2215 1734 2246 Pearcius

1033 2267 1111 2288 cum
1128 2259 1248 2288 Gronox
1259 2258 1287 2288 io
1304 2257 1432 2286 animum
1447 2259 1591 2289 transfert
1607 2259 1645 2289 ad
1660 2269 1735 2288 com·

1033 2301 1154 2331 moveri.
1172 2311 1236 2330 non
1253 2300 1405 2339 displicet.

1078 2352 1117 2375 34
1140 2343 1253 2373 utilitas
1282 2341 1482 2385 relinquenda]
1514 2343 1597 2375 Libri
1628 2343 1735 2384 plures

1033 2387 1218 2428 requirenda,
1244 2387 1342 2416 Goth.
1367 2386 1545 2428 exquirenda
1569 2387 1622 2418 sed
1647 2387 1735 2417 relin-

1034 2430 1146 2472 quenda
1169 2429 1314 2460 meliores
1337 2435 1368 2460 et
1389 2429 1582 2469 antiquiores
1602 2431 1735 2469 habent,

1034 2475 1174 2513 itemque
1190 2473 1260 2503 cdd.
1277 2482 1323 2512 pr.

1079 2523 1118 2548 35
1143 2512 1360 2555 omnipondere]
1373 2515 1534 2546 Omnibus
1547 2514 1614 2557 aliis
1627 2514 1734 2553 rebus,

1036 2569 1110 2598 qua>
1125 2560 1164 2589 ad
1180 2558 1362 2589 felicitatem
1381 2558 1510 2598 aliquod
1527 2565 1734 2591 momentum

1037 2603 1166 2633 habent.
1190 2601 1304 2632 allusio
1328 2608 1373 2631 est
1395 2602 1434 2631 ad
1451 2601 1576 2632 Critolai
1594 2601 1706 2632 libram
1721 2613 1732 2634 z

1036 2646 1068 2675 in
1086 2646 1178 2685 cujus
1195 2645 1291 2675 altera
1308 2645 1398 2675 lance
1412 2645 1571 2681 honestas,
1589 2644 1621 2674 in
1637 2644 1734 2677 altera

1035 2695 1137 2719 cetera
1153 2689 1274 2725 omnia,
1292 2698 1365 2727 quae
1378 2688 1461 2718 bona
1477 2694 1640 2727 putentur,
1653 2688 1736 2727 posi·

1035 2739 1066 2762 ta
1078 2740 1155 2762 cum
1168 2739 1283 2768 essent,
1294 2732 1426 2773 deprimi
1439 2732 1509 2762 haec
1521 2730 1561 2762 ab
1571 2731 1735 2762 honestate

1033 2775 1114 2807 dixit
1129 2774 1297 2807 Critolaus-
