1844 3202
289 97 369 142 716
810 96 887 135 DE
923 96 1188 137 OFFICIIS

202 216 274 249 112
286 206 504 248 debemus.
561 205 706 262 Atque
741 205 833 248 haec
863 205 1095 249 differentia
1126 215 1369 250 naturarum
1400 216 1559 251 tantam
1589 209 1717 254 habet

285 263 384 315 vim,
404 271 451 304 ut
484 277 799 318 nonnumquam
825 274 1006 305 mortem
1029 265 1108 305 sibi
1127 265 1217 320 ipse
1237 266 1498 307 consciscere
1519 267 1624 309 alius
1644 267 1718 309 de-

286 320 396 371 beat,
417 320 522 361 alius
548 320 589 360 in
620 320 766 360 eadem
798 334 923 361 causa
953 336 1036 361 non
1064 321 1230 362 debeat.
1288 323 1405 364 Num
1436 324 1547 364 enirn
1576 324 1658 365 alia
1676 324 1720 366 in

285 390 412 417 causa
433 377 498 417 Μ.
522 376 631 417 Cato
652 377 745 427 fuit,
766 377 846 417 alia
865 377 1006 427 ceteri,
1029 377 1100 432 qui
1122 392 1165 418 se
1186 377 1226 418 in
1247 378 1391 420 Africa
1414 379 1571 421 Caesari
1591 380 1720 421 tradi-

285 432 462 474 derunt?
496 433 628 488 Atqui
661 432 808 473 ceteris
837 433 1009 474 forsitan
1037 433 1137 473 vitio
1157 433 1303 474 datum
1324 446 1446 486 esset,
1469 436 1502 477 si
1524 452 1567 478 se
1589 437 1717 477 inter-

285 490 499 539 emissent,
519 498 740 544 propterea
760 489 874 544 quod
896 503 1042 531 eorum
1064 489 1147 530 vita
1165 490 1310 541 lenior,
1332 501 1375 532 et
1394 507 1532 533 mores
1553 493 1719 534 fuerant

179 562 274 594 μω.
288 546 494 587 faciliores
513 562 522 587 :
555 544 709 586 Catoni
730 554 871 586 autem
901 560 996 587 cum
1028 545 1314 587 incredibilem
1336 549 1551 590 tribuisset
1571 559 1720 591 natura

246 609 279 630 ³·
285 603 549 658 gravitatem,
584 615 762 657 eamque
795 602 883 657 ipse
919 611 1119 658 perpetua
1154 604 1389 645 constantia
1424 606 1718 657 roboravisset,

285 673 534 714 semperque
561 660 604 699 in
630 659 863 714 proposito,
893 666 1173 714 susceptoque
1199 660 1376 701 consilio
1408 662 1718 716 permansisset,

283 716 552 756 moriundum
584 715 740 771 potius,
769 730 895 771 quam
928 715 1092 771 tyranni
1122 715 1261 756 vultus
1291 716 1584 772 adspiciendus
1623 718 1717 759 fuit.

198 786 268 817 113
283 773 424 828 Quam
462 771 598 813 multa
635 786 782 827 passus
819 781 885 813 est
928 773 1100 828 Ulysses
1138 772 1179 812 in
1215 772 1288 814 illo
1326 788 1465 814 errore
1502 774 1717 825 diuturno,

283 837 434 870 22cu1n
466 838 509 869 et
537 828 782 869 mulieribus
817 829 868 881 (si
900 828 1023 870 Circe
1052 837 1095 869 et
1127 827 1316 884 Calypso
1346 831 1542 871 mulieres
1573 831 1717 887 appel-

281 884 417 926 landae
439 888 552 935 sunt)
579 885 806 935 inserviret,
827 894 868 925 et
902 885 944 925 in
965 885 1080 926 omni
1114 899 1307 926 sermone
1329 887 1524 928 omnibus
1557 896 1595 920 23
1614 889 1714 929 affa-

279 942 409 982 bilem
442 955 484 981 se
514 955 603 981 esse
623 940 745 981 vellet
765 942 777 980 ?
810 940 928 981 domi
948 955 1043 982 vero
1059 941 1185 982 etiam
1206 943 1482 984 contumelias
1503 959 1715 986 servorum

279 997 610 1052 ancillarumque
639 996 825 1051 pertulit,
855 1006 904 1037 ut
933 998 985 1038 ad
1016 998 1058 1038 id
1088 998 1330 1053 aliquando,
1359 999 1474 1055 quod
1504 1000 1718 1055 cupiebat,

278 1053 525 1108 perveniret.
583 1053 645 1094 At
675 1052 799 1109 Ajax,
831 1068 916 1109 quo
947 1054 1088 1094 animo
1118 1053 1310 1105 traditur,
1335 1055 1485 1096 millies
1516 1066 1717 1111 oppetere

279 1120 477 1160 mortem,
499 1124 624 1166 quam
658 1109 730 1150 illa
755 1110 931 1166 perpeti,
959 1110 1190 1152 maluisset.
1250 1112 1360 1153 Quae
1381 1113 1716 1168 contemplantes

279 1166 515 1223 expendere
537 1167 765 1222 oportebit,
787 1176 827 1198 24
845 1166 946 1222 quid
967 1167 1144 1222 quisque
1177 1167 1330 1209 habeat
1348 1169 1409 1210 sui
1428 1185 1436 1209 :
1469 1183 1602 1225 eaque
1623 1184 1714 1211 mo·

280 1224 431 1275 derari,
458 1237 534 1265 nec
563 1223 665 1264 velle
693 1223 883 1279 experiri,
914 1238 1040 1279 quam
1073 1238 1117 1264 se
1145 1224 1279 1265 aliena
1308 1225 1499 1266 deceant.
1528 1226 1570 1267 id
1601 1227 1713 1267 enim

280 1280 463 1321 maxime
483 1294 696 1336 quemque
717 1279 854 1331 decet,
876 1280 990 1336 quod
1008 1289 1071 1321 est
1092 1280 1298 1337 cujusque
1320 1292 1357 1313 2⁵
1374 1282 1554 1323 maxime
1575 1298 1713 1324 suum.

196 1350 269 1385 114
281 1337 414 1378 Suum
436 1336 568 1393 igitur
586 1336 765 1393 quisque
785 1346 930 1378 noscat
951 1337 1183 1393 ingenium,
1204 1353 1427 1395 acremque
1449 1353 1492 1379 se
1514 1347 1556 1380 et
1577 1341 1714 1380 bono-

280 1408 374 1435 rum
403 1403 448 1435 et
478 1394 673 1435 vitiorum
703 1408 875 1435 suorum
895 1394 1085 1450 judicem
1114 1395 1326 1449 praebeat:
1360 1410 1410 1436 ne
1431 1396 1583 1437 scenici
1603 1396 1714 1452 plus,

276 1465 407 1506 quam
441 1465 531 1501 nos,
552 1450 768 1491 videantur
797 1450 950 1491 habere
981 1450 1227 1505 prudentiae.
1256 1452 1316 1492 illi
1346 1452 1456 1492 enim
1489 1467 1570 1493 non
1602 1452 1714 1508 opti-

277 1522 383 1558 mas,
414 1507 488 1547 sed
518 1507 597 1547 sibi
627 1507 1087 1548 accommodatissimas
1118 1507 1282 1549 fabulas
1313 1510 1489 1564 eligunt.
1511 1509 1582 1564 qui
1611 1523 1713 1550 voce

276 1564 372 1605 freti
401 1573 512 1614 sunt,
545 1563 780 1619 Epigonos,
812 1563 1106 1619 Medumque:
1138 1564 1210 1620 qui
1237 1574 1376 1620 gestu,
1403 1566 1711 1622 Menalippam,

278 1619 680 1676 Clytaemnestram:
712 1634 877 1675 semper
902 1620 1109 1675 Rupilius,
1140 1635 1267 1676 quem
1294 1635 1376 1676 ego
1402 1621 1589 1673 memini,
1620 1623 1712 1663 An-

276 1676 437 1732 tiopam
457 1693 466 1718 :
499 1691 583 1718 non
609 1691 720 1732 saepe
740 1677 929 1731 AEsopus
950 1677 1141 1732 Ajacem.
1191 1679 1307 1733 Ergo
1326 1678 1473 1719 histrio
1495 1677 1577 1719 hoc
1598 1677 1712 1720 vide-

275 1733 339 1774 bit
365 1734 406 1774 in
436 1747 574 1784 scena,
603 1739 643 1765 2⁶
661 1748 744 1774 non
765 1733 923 1774 videbit
941 1733 1000 1773 vir
1020 1734 1182 1788 sapiens
1205 1734 1245 1774 in
1268 1734 1350 1775 vita
1368 1736 1380 1775 ?
1414 1734 1484 1775 Ad
1506 1749 1610 1792 quas
1631 1735 1713 1791 igi-

275 1799 345 1831 tur
369 1804 433 1831 res
454 1790 659 1845 aptissimi
679 1790 848 1841 erimus,
870 1790 910 1830 in
938 1789 987 1830 iis
1011 1790 1277 1845 potissimum
1301 1791 1627 1833 elaborabimus.
1648 1792 1711 1833 sin

273 1846 504 1902 aliquando
523 1847 746 1888 necessitas
767 1861 843 1887 nos
864 1847 916 1887 ad
951 1860 1001 1886 ea
1028 1846 1263 1898 detruserit,
1285 1862 1379 1903 quae
1400 1848 1532 1890 nostri
1552 1848 1709 1904 ingenii

274 1917 360 1944 non
378 1913 528 1945 erunt:
559 1904 697 1945 omnis
727 1903 967 1944 adhibenda
987 1904 1064 1944 erit
1085 1918 1199 1954 cura,
1217 1900 1453 1956 meditatio,
1476 1904 1709 1960 diligentia,

273 1968 322 2000 ut
342 1974 405 2012 ea,
422 1960 455 2000 si
475 1975 560 2001 non
577 1960 742 2010 decore,
759 1969 802 2000 at
819 1974 944 2015 quam
966 1959 1186 2000 minimum
1206 1960 1401 2002 indecore
1417 1961 1552 2002 facere
1574 1962 1708 2017 possi-

272 2030 382 2058 mus·
441 2018 535 2058 Nec
557 2027 645 2058 tam
665 2026 728 2058 est
748 2016 1006 2066 enitendum,
1027 2025 1075 2057 ut
1099 2017 1225 2068 bona,
1247 2032 1340 2073 quae
1363 2015 1484 2058 nobis
1505 2016 1603 2058 data
1623 2032 1709 2059 non

188 2072 256 2119 32
274 2074 370 2123 sint,
392 2088 631 2129 sequamur,
653 2088 778 2129 quam
800 2081 848 2114 ut
867 2073 965 2114 vitia
984 2073 1212 2128 fugiamus.
1268 2074 1336 2114 Ac
1356 2073 1518 2115 duabus
1536 2074 1586 2115 iis
1611 2088 1708 2130 per-

187 2147 257 2178 115
274 2130 402 2180 sonis,
424 2144 528 2186 quas
558 2144 682 2186 supra
707 2129 805 2180 dixi,
829 2130 951 2170 tertia
981 2130 1241 2185 adjungitur,
1263 2144 1390 2185 quam
1416 2144 1537 2172 casus
1563 2130 1707 2187 aliqui,

228 2193 259 2224 b.
273 2195 346 2227 aut
367 2194 533 2242 tempus
553 2186 734 2242 imponit
752 2203 761 2227 :
794 2194 943 2241 quarta
962 2186 1104 2237 etiam,
1125 2194 1161 2223 27
1179 2201 1306 2242 quam
1329 2187 1620 2243 nobismetipsi
1633 2189 1706 2245 ju-

270 2242 382 2283 dicio
403 2253 548 2285 nostro
568 2243 954 2284 accommodamus.
973 2257 1069 2284 nam
1086 2257 1229 2299 regna,
1249 2243 1437 2299 imperia,
1454 2244 1707 2296 nobilitates,

270 2298 469 2351 honores,
489 2300 657 2352 divitiae,
676 2314 794 2356 opes,
813 2313 961 2356 eaque,
983 2315 1079 2356 quae
1102 2309 1199 2342 sunt
1219 2299 1284 2340 his
1303 2300 1524 2351 contraria,
1543 2301 1584 2342 in
1605 2316 1707 2343 casu

268 2355 363 2408 sita,
385 2357 647 2413 temporibus
664 2357 969 2413 gubernantur.
1030 2356 1115 2413 Ipsi
1135 2365 1277 2398 autem
1294 2370 1441 2412 gerere
1463 2372 1589 2413 quam
1609 2372 1707 2415 per·

308 2490 349 2513 22
373 2493 437 2512 cum
463 2489 492 2512 et
520 2481 911 2524 mulieribus—inserviret]
945 2483 965 2513 i.
1051 2487 1091 2512 96
1114 2482 1191 2524 quod
1209 2493 1262 2511 non
1284 2482 1398 2512 videbit
1412 2489 1473 2522 sap.
1489 2481 1519 2512 in
1534 2481 1615 2522 vita]
1633 2484 1711 2525 quod

265 2526 402 2563 serviret,
419 2533 454 2556 ut
469 2527 565 2556 habet
586 2527 635 2556 ed.
653 2525 724 2556 Col.
1007 2525 1093 2556 abest
1122 2526 1206 2555 libris
1237 2526 1432 2561 melioribus,
1468 2527 1706 2566 corrumpitque

309 2575 348 2600 23
367 2576 395 2597 et
398 2569 574 2608 jucundum]
586 2569 685 2599 Abest
696 2570 758 2599 hoc
772 2568 851 2598 Mss.
865 2568 963 2599 Goth.
1006 2568 1196 2608 elegantiam
1219 2569 1339 2608 figurae.
1364 2570 1468 2609 itaque
1491 2575 1521 2598 et
1544 2578 1601 2599 nos
1620 2569 1705 2600 dele-

266 2611 332 2644 Erf.
356 2612 433 2642 Cur.
455 2612 525 2642 edd.
547 2613 637 2652 Mog.
662 2611 731 2642 Col.
761 2611 856 2642 Rom.
885 2612 963 2642 Ven.
1007 2613 1123 2642 vimus.
1141 2620 1249 2641 contra
1273 2621 1349 2642 mox
1371 2612 1550 2642 addidimus
1567 2612 1619 2641 vir
1634 2621 1651 2642 e
1668 2612 1706 2643 li-

268 2661 361 2690 1470.
379 2655 466 2685 Med.
484 2656 542 2685 &c-
1007 2655 1069 2685 bris
1085 2655 1176 2685 bonis
1191 2662 1222 2684 et
1237 2656 1305 2684 edd.
1319 2662 1396 2685 vett.
1412 2662 1448 2685 ut
1463 2655 1575 2685 Colon.

307 2705 347 2728 24
371 2698 445 2739 quid
471 2698 589 2740 quisque
618 2697 722 2728 habeat
750 2695 807 2736 sui]
841 2697 962 2736 Immo,
1049 2703 1086 2732 27
1112 2709 1199 2738 quam
1211 2697 1346 2727 nobismet
1360 2698 1416 2738 ipsi
1420 2709 1450 2737 J
1467 2708 1495 2728 n.
1511 2697 1703 2728 accommoda-

263 2741 387 2780 opinor‚
404 2751 495 2770 suum.
1006 2740 1079 2779 mus]
1099 2741 1179 2770 Dedi
1196 2741 1387 2780 nobismetipsi
1397 2750 1451 2781 pro
1465 2740 1595 2780 vulgato
1611 2740 1703 2770 nabis-

307 2791 346 2814 25
371 2783 498 2813 maxime
508 2780 605 2824 suum]
622 2783 674 2814 Sic
688 2792 746 2814 ser.
760 2790 791 2814 et
805 2783 874 2814 edd.
888 2790 962 2814 vett.
1005 2784 1143 2823 metipsis.
1165 2793 1241 2814 nam
1269 2784 1311 2813 ita
1332 2784 1467 2814 latinitas
1490 2784 1648 2823 postulat:
1671 2789 1702 2815 et

263 2835 329 2856 non
341 2837 422 2856 suum
438 2826 573 2856 maxime.
1006 2828 1051 2858 sic
1067 2827 1163 2858 habet
1177 2827 1242 2858 Ms.
1259 2827 1322 2858 Erf.
1338 2827 1387 2858 ed.
1404 2827 1483 2858 ven.
1503 2833 1594 2862 1470.
