1844 3202
659 122 1062 164 FRAGMENTA.
1494 115 1572 176 92⁷

636 241 703 282 M.
723 241 773 282 T.
797 241 1081 283 Cmrznoms

460 336 462 338 ’
536 317 630 359 DE
667 318 894 360 NOTIS
933 319 1167 361 LIBER.

149 395 381 453 Adprobat.
617 395 848 437 modestus.
1084 397 1277 454 epistola.

141 454 406 508 comprobat.
615 451 908 494 immodestus.
1080 453 1233 495 littera.

140 509 370 563 improbus.
616 508 825 549 modicus.
1082 509 1249 552 litterae.

141 565 314 618 probus.
619 564 890 606 immodicus.
1083 566 1258 623 syllaba.

138 621 338 673 probitas.
618 621 886 662 commodus.
1083 632 1267 678 tempus.

136 676 398 732 improbitas.
619 676 930 718 incommodus.
1082 692 1158 734 per
1178 691 1358 736 tempus.

136 733 382 787 probabilis.
620 733 928 774 accommodat.
1081 748 1155 790 per
1173 736 1284 777 idem
1307 747 1488 794 tempus,

134 789 345 844 reprobat.
618 789 661 830 in
683 789 875 830 modum.
1080 792 1337 847 temporalis.

133 844 302 887 modus.
618 845 864 886 admodum.
1079 849 1389 905 extemporalis.

131 901 346 943 modulus.
622 901 998 958 quemadmodum.
1081 902 1227 946 homo.

550 993 615 1035 M.
635 994 821 1035 TULLII
852 993 1139 1036 CICERONIS

598 1071 1098 1114 CHOROGRAPHIA.

186 1146 350 1191 Pmsc.
373 1149 443 1192 lib.
460 1152 516 1203 6.)
563 1151 630 1192 Ibi
662 1166 915 1207 quercorum
942 1151 1049 1194 rami
1072 1153 1126 1194 ad
1153 1160 1308 1197 terram
1331 1156 1491 1214 jacent,
1511 1166 1558 1200 ut

129 1219 240 1257 sueS,
261 1207 378 1263 quasi
397 1221 533 1263 caprae
553 1221 604 1248 ex
625 1208 766 1260 ramis,
787 1209 942 1264 glande
960 1218 1198 1265 pascantur.

820 1313 871 1337 EX

546 1375 611 1416 M.
634 1375 819 1417 TULLII
850 1354 1158 1417 CICERONIS?

341 1452 427 1494 AD
458 1452 798 1495 VARRONEM
828 1452 1339 1497 ACADEMICORUM

752 1532 862 1571 L1B.
886 1531 921 1572 Ι,

178 1604 311 1647 ΝοΝ.
335 1605 589 1662 Digladiari.
617 1617 704 1663 cap.
728 1618 760 1649 1.
784 1610 823 1662 ξ.
840 1610 951 1662 331.)
997 1608 1114 1665 Quid
1143 1616 1286 1650 autem
1317 1609 1554 1652 stomache-

121 1668 190 1703 tur
219 1663 513 1715 Mnesarchus,
543 1663 646 1719 quid
674 1665 900 1720 Antipater
930 1665 1186 1721 digladietur
1210 1680 1308 1706 cum
1335 1665 1551 1710 Carneade

120 1726 186 1760 tot
205 1718 488 1761 voluminibus
506 1722 520 1761 ?

363 1795 438 1837 Ex
458 1795 527 1837 lib.
548 1796 606 1837 II.
628 1796 977 1849 Academicorum,
998 1798 1052 1839 ad
1077 1799 1307 1841 Varronem.

173 1865 306 1907 NON.
326 1864 575 1906 Adhamare.
593 1865 649 1905 II.
668 1866 723 1918 5.)
758 1865 847 1907 Qui
865 1865 977 1906 enim
998 1866 1126 1907 serius
1147 1865 1327 1907 honores
1347 1865 1550 1910 adhama-

115 1931 276 1973 verunt,
297 1920 362 1962 vix
387 1922 666 1963 admittuntur
686 1921 740 1962 ad
758 1936 845 1973 eos,
868 1936 944 1963 nec
966 1923 1064 1963 satis
1085 1922 1372 1964 commendati
1400 1925 1547 1966 multi-

117 1978 254 2021 tudini
275 1985 452 2034 possunt
472 1992 575 2019 esse.
1367 1999 1372 2007 ι

171 2036 304 2081 NON,
327 2030 554 2089 Exponere.
577 2035 634 2075 II.
653 2035 759 2088 275.)
803 2035 1011 2090 Frangere
1038 2035 1266 2085 avaritiam,
1289 2035 1445 2076 scelera
1464 2050 1544 2093 po-

115 2105 226 2142 nere,
247 2091 374 2132 vitam
394 2105 509 2131 suam
532 2105 740 2146 exponere
761 2090 815 2131 ad
835 2090 1086 2132 imitandum
1102 2091 1329 2147 juventuti.

171 2149 304 2190 NON.
325 2146 470 2188 Hebes.
491 2147 547 2188 II.
565 2150 674 2200 408.)
721 2146 865 2204 Quid?
896 2147 1008 2188 lunae
1038 2163 1132 2203 quae
1160 2147 1414 2188 lineamenta
1442 2147 1542 2200 sint,

112 2213 287 2261 potesne
317 2203 454 2244 dicere
472 2205 485 2244 ?
518 2218 594 2244 cur
612 2203 701 2260 ejus
722 2203 926 2246 nascentis
944 2204 1045 2245 alias
1066 2204 1297 2256 hebetiora,
1320 2204 1420 2245 alias
1440 2219 1543 2246 acu-

113 2261 222 2303 tiora
241 2260 457 2302 videantur
476 2262 663 2301 cornua?

169 2318 302 2358 NON.
342 2316 624 2371 Purpurascit.
659 2316 717 2357 II.
749 2316 858 2370 717.)
902 2315 1048 2373 Quid?
1083 2330 1198 2358 mare
1233 2329 1371 2358 nonne
1406 2331 1541 2359 caeru-

110 2372 257 2415 lcum?
289 2380 332 2413 at
360 2373 449 2430 ejus
479 2373 607 2424 unda,
632 2387 731 2417 cum
761 2381 825 2414 est
853 2373 974 2428 pulsa
1003 2372 1142 2424 remis,
1171 2373 1465 2429 purpurascit:
1495 2383 1539 2416 et

111 2429 281 2486 quidem
302 2443 410 2484 aqua
429 2429 609 2473 tinctum
630 2429 961 2486 quodammodO,
983 2437 1025 2470 et
1044 2429 1261 2470 infectum.

166 2486 298 2527 NON.
319 2485 495 2541 AEquor.
516 2486 550 2527 I.
566 2486 675 2539 332.)
718 2485 837 2542 Quid
869 2493 956 2527 tam
993 2485 1165 2541 planum
1200 2486 1376 2538 videtur,
1407 2499 1539 2542 quam

109 2556 225 2584 mare
242 2543 256 2583 ?
279 2556 331 2582 ex
351 2556 436 2596 quo
455 2542 580 2583 etiam
600 2557 747 2597 aequor
766 2541 870 2583 illud
889 2547 1028 2595 poetae
1049 2551 1212 2584 vocant.

165 2599 298 2640 NON.
320 2596 553 2639 Alabaster.
574 2598 668 2640 XV.
692 2599 771 2652 17.)
815 2598 982 2655 Quibus
1003 2598 1130 2640 etiam
1149 2599 1356 2640 alabaster
1385 2597 1536 2654 plenus

108 2654 315 2709 unguenti
337 2663 482 2708 putere
503 2653 702 2696 videatur.

164 2712 296 2752 NON}
320 2709 491 2752 Siccam.
513 2710 582 2752 IV.
598 2713 706 2763 426.)
753 2709 878 2752 Alius
898 2710 1069 2762 adultis,
1089 2711 1194 2753 alius
1215 2709 1404 2752 senibus:
1426 2710 1534 2752 alius

108 2766 247 2822 aegris,
266 2766 373 2808 alius
391 2767 501 2808 sanis
520 2783 530 2806 :
561 2766 667 2808 alius
688 2767 824 2818 siccis,
844 2767 951 2808 alius
970 2767 1204 2809 vinolentis.

161 2823 208 2865 N
211 2836 294 2865 ON.
318 2822 499 2866 Urinari.
521 2822 617 2866 VH.
634 2825 716 2877 57.)
760 2823 803 2865 Si
823 2822 993 2879 quando
1013 2823 1125 2866 enim
1145 2836 1222 2865 nos
1241 2821 1532 2874 demersimus,

850 2891 875 2934 3
898 2892 926 2920 o
949 2891 974 2923 2
