1844 3202
656 126 1010 167 PARADOXA.
1088 109 1090 112 ’
1471 138 1547 173 ess

122 240 251 282 nam?
282 252 427 281 meum
459 235 564 280 illud
599 235 680 277 iter
711 235 767 277 ob
797 234 1134 292 praeclarissimas
1162 249 1227 278 res
1257 251 1282 278 a
1311 253 1379 280 me
1407 247 1549 295 gestas

120 311 212 338 esse
240 295 512 352 susceptum?
545 292 705 335 Omnes
737 292 941 343 scelerati,
972 300 1100 348 atque
1126 292 1259 349 impii,
1288 308 1471 350 quorum
1500 306 1550 340 tu

120 362 163 394 te
190 352 342 395 ducem
372 365 461 393 esse
486 349 707 405 profiteris,
727 363 834 405 quos
862 349 978 404 leges
1007 348 1153 390 exsilio
1173 349 1279 391 affici
1298 351 1456 402 volunt,
1477 368 1549 394 ex-

121 409 233 451 sules
255 418 365 460 sunt,
385 407 512 448 etiam
540 406 574 447 si
601 406 741 447 solum
762 420 846 447 non
867 413 1098 447 mutarunt.
1129 420 1182 446 an
1202 420 1300 447 cum
1322 421 1470 448 omnes
1490 409 1550 450 le-

119 479 195 521 ges
216 474 258 507 te
278 463 466 505 exsulem
489 476 579 505 esse
592 462 785 518 jubeant,
804 477 889 504 non
911 462 991 503 eris
1009 470 1059 503 tu
1079 461 1225 504 exsul?
1263 464 1383 504 Num
1405 466 1550 519 appel-

118 521 229 563 latur
249 521 459 571 inimicus,
480 520 553 576 qui
587 533 685 561 cum
710 519 796 561 telo
824 519 978 560 fuerit?
1011 529 1108 560 ante
1139 526 1332 560 senatum
1362 528 1436 561 tua
1465 521 1551 563 sica

118 577 377 632 deprehensa
402 584 480 618 est.
511 576 583 632 qui
611 576 827 618 hominem
856 575 1088 617 occiderit?
1120 584 1169 617 tu
1200 576 1406 632 plurimos
1438 578 1552 618 occi-

119 633 231 675 disti.
262 634 335 690 qui
366 633 605 674 incendium
636 632 809 674 fecerit?
842 632 954 674 aedes
984 632 1287 688 Nympharum
1320 648 1450 674 manu
1477 643 1552 675 tua

118 689 375 746 deflagravit.
407 690 479 746 qui
498 689 659 745 templa
678 689 972 746 occupaverit?
1006 697 1043 724 27
1062 689 1104 729 in
1134 689 1225 730 foro
1257 700 1393 731 castra
1420 703 1550 746 posu-

117 746 201 788 isti.
241 746 324 787 Sed
345 747 448 803 quid
468 760 550 801 ego
573 760 820 787 communes
840 745 956 801 leges
977 745 1159 800 profero,
1179 746 1334 801 quibus
1352 746 1551 789 omnibus

119 817 163 844 es
183 803 330 844 exsul?
373 805 405 844 F
407 803 737 844 aniiliarissimus
758 811 857 844 tuus
877 803 930 843 de
951 810 992 842 te
1012 801 1278 858 privilegium
1300 803 1413 854 tulit,
1435 811 1496 854 ut,
1515 804 1550 846 si

115 859 159 900 in
186 869 379 916 opertum
412 860 543 901 Bonae
573 860 680 901 Deae
709 859 966 910 accessisses,
998 859 1221 900 exsulares.
1279 859 1340 900 At
1362 867 1404 900 te
1424 859 1466 900 id
1487 860 1550 901 fe-

115 915 237 967 cisse,
259 916 387 957 etiam
415 916 588 972 gloriari
615 915 738 958 soles.
797 915 1032 958 Quomodo
1062 915 1194 970 igitur
1223 924 1287 957 tot
1315 916 1481 972 legibus
1505 917 1551 959 in

115 972 306 1014 exsilium
340 973 514 1029 ejectus,
545 987 700 1014 nomen
737 973 892 1014 exsulis
925 987 1008 1014 non
1044 971 1355 1028 perhorrescis?
1400 974 1550 1015 Romae

115 1043 226 1080 sum,
258 1029 411 1085 inquis.
442 1039 484 1071 et
519 1029 694 1087 quidem
728 1030 770 1071 in
806 1038 954 1085 operto
986 1029 1116 1070 fuisti.
1175 1030 1277 1070 Non
1313 1029 1443 1084 igitur
1475 1030 1550 1072 ubi

116 1086 295 1142 quisque
320 1087 412 1136 erit,
432 1086 523 1143 ejus
552 1086 636 1128 loci
658 1087 730 1142 jus
760 1086 946 1137 tenebit3
977 1086 1011 1126 si
1040 1086 1100 1127 ibi
1129 1100 1229 1127 eum
1258 1085 1428 1143 legibus
1457 1101 1548 1129 esse

114 1156 198 1183 non
220 1143 445 1198 oportebit.

596 1255 972 1298 PARADOXON
1009 1256 1066 1297 V.
1560 1271 1589 1302 p.
1607 1269 1677 1295 122.

1558 1313 1589 1336 a·

219 1337 308 1383 “Ori
328 1341 431 1395 μόνος
449 1345 465 1382 ὁ
485 1343 592 1395 σοφὸς
613 1343 735 1383 {Aedes
760 1359 811 1394 ος,
832 1344 893 1383 καὶ
912 1347 980 1391 πᾶς
1003 1342 1126 1399 ἄφρων
1145 1345 1280 1391 δοῦλος.

230 1397 371 1439 Solum
390 1398 613 1454 sapientem
633 1414 716 1441 esse
735 1360 922 1451 iberum,
944 1406 981 1440 et
1002 1415 1157 1441 omnem
1178 1399 1353 1441 stultum
1375 1414 1548 1442 servum.

170 1487 388 1529 Laudetur
411 1502 508 1529 vero
538 1496 577 1520 28
593 1488 663 1541 hic
693 1489 936 1544 imperator,
958 1497 1032 1530 aut
1054 1489 1182 1530 etiam
1207 1489 1454 1545 appelletur,
1476 1498 1550 1532 aut
1566 1493 1592 1541 1

111 1543 196 1585 hoc
226 1545 396 1585 nomine
427 1544 581 1600 dignus
611 1554 796 1601 putetur.
827 1560 913 1601 quo
940 1545 1086 1596 mod0,
1105 1554 1179 1587 aut
1198 1547 1268 1587 cui
1286 1546 1459 1587 tandem
1479 1546 1550 1589 hic

110 1600 244 1642 libero
264 1601 501 1657 imperabit,
523 1602 595 1658 qui
614 1617 697 1643 non
717 1611 860 1658 potest
887 1602 1188 1658 cupiditatibus
1209 1602 1295 1644 suis
1314 1603 1548 1658 imperare?

114 1657 313 1698 Refrenet
345 1658 531 1713 primum
565 1658 774 1710 libidines,
805 1668 973 1714 spernat
1005 1658 1259 1715 voluptates,
1288 1660 1550 1702 iracundiam

113 1722 268 1764 teneat,
287 1719 480 1755 coerceat
501 1715 731 1766 avaritiam,
752 1723 911 1756 ceteras
936 1715 1065 1756 animi
1084 1715 1201 1757 labes
1218 1716 1393 1770 repellat
1412 1733 1421 1757 :
1455 1725 1550 1758 tum

113 1768 286 1825 incipiat
312 1770 403 1811 aliis
435 1771 654 1826 imperare,
676 1786 774 1813 cum
806 1772 894 1827 ipse
912 1771 1233 1827 improbissimis
1255 1772 1453 1823 dominis,
1475 1773 1550 1814 de-

115 1825 259 1868 decori
288 1841 336 1867 ac
364 1827 616 1882 turpitudini
644 1842 790 1884 parere
819 1828 1004 1869 desierit.
1034 1828 1138 1870 dum
1166 1829 1339 1885 quidem
1361 1829 1426 1870 his
1445 1829 1549 1871 obe-

113 1882 215 1933 diet,
235 1898 318 1924 non
347 1884 478 1925 modo
508 1884 751 1940 imperator,
780 1884 853 1925 sed
883 1885 988 1926 liber
1016 1884 1235 1927 habendus
1264 1886 1437 1927 omnino
1465 1901 1549 1928 non

113 1939 207 1980 erit.
237 1940 435 1995 praeclare
463 1940 576 1982 enim
608 1950 672 1981 est
698 1940 781 1982 hoc
807 1949 1058 1996 usurpatum
1089 1957 1114 1983 a
1141 1942 1414 1993 doctissimis,
1442 1957 1550 1999 quo-

111 2010 209 2037 rum
237 1997 488 2038 auctoritate
506 2012 603 2038 .non
636 2006 791 2048 uterer,
823 1997 856 2038 si
891 1998 995 2039 mihi
1026 1998 1138 2053 apud
1167 1998 1332 2054 aliquos
1359 2008 1549 2055 agrestes

113 2051 207 2093 haec
227 2052 422 2093 habenda
439 2063 550 2094 esset
569 2054 718 2094 oratio.
749 2068 845 2095 cum
864 2069 961 2095 vero
981 2055 1094 2110 apud
1114 2055 1464 2110 prudentissimos
1484 2055 1549 2097 lo-

113 2123 232 2164 quar,
256 2109 408 2165 quibus
434 2109 525 2150 haec
556 2110 744 2151 inaudita
770 2125 854 2151 non
875 2119 972 2152 sunt
991 2128 1000 2152 ε
1033 2126 1108 2152 cur
1129 2126 1212 2166 ego
1233 2111 1444 2163 simulem,
1465 2127 1550 2165 me,

115 2165 151 2206 si
165 2165 267 2220 quid
284 2166 325 2206 in
345 2165 410 2206 his
426 2166 575 2207 studiis
592 2181 732 2223 operae
750 2168 979 2222 posuerim,
997 2167 1225 2223 perdidisse
1242 2169 1254 2208 ?
1286 2169 1467 2210 Dictum
1486 2178 1551 2210 est

115 2220 246 2276 igitur
264 2222 317 2263 ab
336 2222 630 2264 eruditissimis
649 2223 761 2273 viris,
782 2224 859 2264 nisi
876 2222 1126 2280 sapientem,
1146 2225 1325 2266 liberum
1355 2239 1447 2267 esse
1476 2240 1550 2267 ne-

115 2278 289 2319 minem.
348 2279 467 2336 Quid
498 2288 561 2320 est
589 2279 701 2320 enim
726 2280 926 2321 libertas?
959 2290 1147 2336 potestas
1167 2281 1344 2332 vivendi,
1365 2289 1415 2323 ut
1433 2282 1548 2325 velis.

116 2334 225 2390 Quis
246 2334 375 2390 igitur
393 2335 505 2386 vivit,
525 2344 574 2377 ut
593 2336 697 2386 vult,
718 2336 798 2377 nisi
828 2338 900 2392 qui
928 2345 1042 2378 recta
1072 2338 1276 2393 sequitur,
1295 2338 1368 2394 qui
1386 2337 1551 2394 gaudet

117 2390 271 2441 officio,
287 2391 357 2433 cui
377 2391 537 2433 vivendi
557 2392 620 2433 via
639 2392 915 2444 considerata,
935 2402 1062 2449 atque
1080 2394 1246 2449 provisa
1264 2405 1328 2436 est
1346 2396 1358 2436 ?
1392 2395 1466 2451 qui
1490 2395 1550 2436 le-

113 2446 243 2502 gibus
276 2447 447 2502 quidem
476 2464 561 2490 non
591 2458 762 2504 propter
791 2458 953 2491 metum
985 2459 1118 2506 paret,
1149 2451 1224 2492 sed
1249 2466 1319 2492 eas
1343 2452 1548 2507 sequitur,

113 2512 243 2558 atque
263 2503 378 2554 colit,
399 2505 497 2560 quia
526 2505 570 2546 id
599 2505 780 2547 salutare
806 2507 988 2548 maxime
1012 2521 1103 2548 esse
1124 2507 1318 2563 judicat:
1350 2509 1423 2564 qui
1445 2507 1550 2549 nihil

114 2557 230 2610 dicit,
252 2559 358 2601 nihil
387 2560 501 2612 facit,
523 2561 628 2603 nihil
655 2562 817 2619 cogitat
844 2563 1039 2620 denique,
1062 2563 1140 2605 nisi
1159 2564 1353 2615 libenter,
1374 2579 1422 2606 ac
1442 2564 1549 2606 libe-

158 2688 195 2718 27
222 2682 252 2712 ἱη
267 2682 338 2723 foro
361 2688 457 2712 castra
477 2683 611 2723 posuisti]
629 2685 711 2724 Ergo
727 2691 808 2715 tem·
851 2686 890 2716 ad
909 2686 1060 2717 Clodium
1081 2687 1243 2726 pertinuit,
1259 2688 1304 2717 sie
1325 2687 1395 2717 haec
1417 2684 1550 2726 pertinet

113 2725 206 2766 plum
228 2726 422 2765 occupavisti
437 2738 443 2754 z
469 2735 546 2756 nam
561 2727 667 2758 forum
683 2735 747 2758 erat
762 2728 808 2758 lo·
852 2729 891 2759 ad
911 2729 1054 2768 aliquem
1077 2737 1200 2760 certum
1223 2730 1405 2765 hominem,
1420 2729 1475 2768 qui
1492 2739 1549 2759 no-

111 2777 169 2798 cus
190 2776 343 2808 augurato
364 2768 514 2799 definitus
535 2776 566 2799 et
587 2770 722 2809 publicis
745 2772 809 2802 usi·
851 2781 928 2802 men
943 2772 1136 2812 imperatoris
1152 2773 1259 2811 gessit,
1275 2782 1341 2803 non
1362 2773 1424 2804 fuit
1443 2782 1481 2803 eo
1503 2772 1547 2802 di-

112 2811 172 2842 bus
187 2812 371 2842 destinatus.
395 2822 425 2842 v.
442 2812 530 2843 Clav-
549 2813 582 2843 in
598 2813 745 2852 templum.
850 2824 945 2856 gnus,
960 2825 992 2846 v.
1004 2824 1033 2845 c.
1049 2815 1098 2847 M.
1113 2815 1284 2846 Antonius.

156 2861 196 2897 28
219 2853 279 2895 hic]
297 2854 437 2893 Scilicet,
454 2862 490 2886 ut
509 2864 528 2886 a
543 2856 694 2896 superiori
708 2857 807 2888 oratio
