1844 3202
566 127 744 165 LIBER
779 126 1057 165 TERTIUS.
1447 129 1526 177 679

109 236 265 293 aliquid
285 250 427 277 verum
447 242 490 276 et
511 243 670 275 rectum
688 247 778 274 esse
798 233 963 284 dicitur,
983 234 1054 275 sed
1075 234 1268 284 obtineri,
1286 235 1327 276 id
1348 245 1423 287 est,
1446 237 1524 278 ob-

109 294 196 334 sisti
227 307 347 348 posse
368 291 538 346 populo,
561 299 750 345 negatur.
811 291 992 330 Primum
1024 291 1135 331 enim
1165 291 1396 341 obsistitur,
1427 307 1523 333 cum

107 349 247 404 agitur
274 361 436 389 severe:
466 346 614 388 deinde
643 348 677 386 vi
707 347 886 402 opprimi
912 347 954 387 in
984 347 1094 388 bona
1119 360 1256 396 causa,
1279 356 1342 387 est
1361 349 1525 399 melius,

107 420 234 461 quam
270 404 388 444 inalae
419 403 579 444 cedere.
638 403 743 459 Quis
778 413 918 443 autem
950 417 1032 443 non
1066 403 1205 453 sentit,
1234 404 1524 445 auctoritatem

109 475 276 501 ornnem
299 459 564 514 optimatium
587 459 842 500 tabellariam
864 459 1001 514 legem
1024 459 1269 500 abstulisse?
1302 474 1428 515 quam
1451 475 1524 514 po-

106 516 230 571 pulus
250 515 354 556 liber
379 530 606 571 numquam
636 515 904 556 desideravit:
935 515 1043 556 idern
1066 530 1288 571 oppressus
1308 515 1527 558 dominatu

106 585 154 612 ac
181 572 365 627 potentia
384 572 633 626 principum,
652 572 865 627 flagitavit.
924 573 1072 627 Itaque
1091 572 1280 627 graviora
1294 571 1455 628 judicia
1476 573 1527 614 de

106 628 404 682 potentissimis
420 623 661 669 horninibus
677 637 840 669 exstant
858 643 994 680 voces,
1011 643 1136 683 quam
1154 628 1331 669 tabellae.
1363 630 1525 685 Quam-

107 684 252 725 obrem
274 685 528 739 suffragandi
548 685 674 725 nimia
691 684 822 725 libido
852 684 893 724 in
919 699 1002 725 non
1023 685 1297 725 bonis.causis
1317 685 1529 740 eripienda

107 740 186 781 fuit
206 741 463 795 potentibuS,
485 756 568 782 non
596 741 754 781 latebra
779 740 915 781 danda
946 741 1119 795 populo,
1139 741 1181 781 in
1203 755 1299 796 qua,
1321 741 1439 782 bonis
1461 742 1527 797 ig-

107 797 363 847 norantibus,
384 797 484 852 quid
505 798 680 853 quisque
702 797 887 847 sentiret,
907 797 1060 838 tabella
1084 797 1277 837 vitiosum
1300 799 1530 840 occultaret

106 853 365 908 suffragium.
427 854 574 909 Itaque
596 853 663 894 isti
682 853 832 894 rationi
859 868 993 909 neque
1015 853 1121 895 lator
1139 854 1359 909 quisquam
1381 864 1444 895 est
1463 855 1527 896 in-
1539 861 1587 893 35

106 919 266 960 ventus,
286 924 362 950 nec
383 920 530 950 auctor
548 924 748 965 umquam
777 910 925 951 bonus.
985 910 1091 951 Sunt
1116 911 1226 950 enim
1249 920 1448 966 quattuor
1468 911 1528 952 le·
1546 908 1610 961 16

105 978 180 1019 ges
201 966 424 1006 tabellariae
443 983 452 1006 ε
484 981 661 1022 quarum
680 967 814 1021 prima
841 967 892 1007 de
924 967 1238 1021 magistratibus
1257 967 1502 1009 mandandis
1521 985 1529 1009 :

106 1035 154 1062 ea
184 1032 247 1062 est
277 1022 469 1071 Gabinia,
490 1023 574 1063 lata
603 1023 656 1063 ab
687 1022 856 1063 homine
877 1023 1040 1077 ignoto,
1062 1033 1103 1063 et
1135 1022 1318 1063 sordido.
1377 1025 1531 1065 Secuta

107 1077 274 1119 biennio
304 1088 401 1133 post
432 1079 578 1120 Cassia
606 1088 683 1129 est,
705 1079 756 1120 de
787 1079 931 1134 populi
953 1079 1130 1134 judicio.
1161 1094 1209 1119 ea
1239 1094 1262 1119 a
1292 1080 1422 1121 nobili
1451 1081 1531 1122 ho-

108 1134 220 1174 mine
250 1134 335 1175 lata
364 1145 441 1185 est,
472 1136 522 1176 L.
548 1135 709 1186 Cassio,
741 1135 828 1185 secl,
859 1150 961 1191 pace
992 1135 1158 1176 familiae
1190 1135 1377 1185 dixerim,
1409 1136 1528 1177 dissi-

106 1189 229 1230 dente
250 1205 274 1230 a
293 1191 426 1240 bonis,
448 1200 572 1246 atque
601 1192 716 1232 omni
742 1191 1006 1232 rumusculos
1033 1191 1254 1246 populares
1275 1193 1434 1233 ratione
1455 1207 1530 1234 au-

107 1255 301 1301 cupante.
362 1247 568 1288 Carbonis
589 1257 653 1288 est
680 1248 801 1288 tertia
823 1247 874 1288 de
896 1247 1097 1303 jubendis
1118 1247 1298 1302 legibus,
1321 1263 1368 1289 ac
1389 1259 1530 1290 vetan-

107 1301 185 1353 dis,
206 1303 393 1344 seditiosi
419 1313 546 1359 atque
577 1304 757 1359 improbi
790 1304 913 1344 civis:
945 1305 1012 1344 cui
1039 1318 1089 1344 ne
1108 1304 1264 1345 reditus
1286 1305 1456 1360 quidem
1478 1306 1531 1347 ad

107 1358 257 1409 bonos,
288 1359 463 1400 salutem
495 1375 519 1400 a
547 1360 669 1401 bonis
698 1361 837 1415 potuit
867 1361 1024 1401 afferre.
1084 1361 1184 1401 Uno
1213 1361 1253 1401 in
1284 1375 1438 1416 genere
1465 1371 1594 1409 τεῇ-36

106 1414 240 1470 linqui
268 1415 484 1456 videbatur
512 1417 624 1458 vocis
655 1417 916 1471 suffragium,
946 1416 1061 1472 quod
1090 1417 1179 1471 ipse
1210 1416 1380 1458 Cassius
1410 1432 1530 1459 exce·
1542 1425 1575 1456 b.

107 1481 239 1526 perat,
260 1472 569 1528 perduellionis.
627 1473 757 1514 Dedit
784 1473 882 1514 huic
910 1487 1079 1529 quoque
1103 1473 1268 1529 judicio
1290 1473 1451 1515 Coelius
1470 1484 1534 1516 ta-

109 1528 279 1579 bellam,
300 1538 340 1561 44
357 1528 589 1585 doluitque,
619 1530 760 1585 quoad
790 1530 901 1580 vixit,
932 1545 990 1580 se,
1015 1539 1063 1570 ut
1092 1530 1347 1584 opprimeret
1378 1530 1428 1571 C.
1453 1532 1533 1573 Po-

104 1583 272 1640 pilium,
293 1586 487 1626 nocuisse
517 1596 559 1627 et
590 1586 844 1641 reipublicae.
903 1588 958 1627 Et
976 1601 1075 1627 avus
1097 1586 1268 1641 quidem
1290 1598 1432 1628 noster
1449 1588 1533 1629 sin-

109 1641 246 1696 gulari
266 1641 414 1683 virtute
435 1643 476 1682 in
505 1642 585 1683 hoc
611 1643 855 1698 municipio,
876 1643 1014 1698 quoad
1038 1642 1150 1692 vixit,
1169 1644 1319 1684 restitit
1340 1644 1405 1684 M.
1425 1645 1533 1685 Gra-

108 1697 227 1748 tidio,
248 1698 368 1754 cujus
397 1699 438 1739 in
457 1699 725 1740 matrimonio
745 1714 945 1749 sororem,
966 1699 1097 1739 aviam
1118 1708 1317 1750 nostram,
1337 1700 1533 1751 habebat,

110 1753 258 1794 ferenti
277 1754 416 1810 legem
437 1755 711 1796 tabellariam.
730 1755 936 1796 excitabat
958 1756 1069 1796 enim
1090 1756 1240 1796 fluctus
1262 1756 1303 1796 in
1337 1756 1534 1811 simpulo,

110 1819 159 1850 ut
179 1809 345 1861 dicitur,
367 1811 597 1859 Gratidius,
617 1827 723 1867 quos
753 1823 848 1866 post
876 1812 982 1852 filius
1010 1812 1100 1868 ejus
1132 1812 1294 1853 Marius
1316 1812 1358 1853 in
1378 1813 1534 1868 AEgaeo

111 1866 305 1907 excitavit
333 1869 451 1908 mari.
509 1877 547 1900 4⁵
564 1869 628 1909 Ac
660 1880 804 1909 nostro
834 1868 1019 1923 quidem,
1049 1883 1147 1908 cum
1177 1883 1241 1908 res
1270 1877 1379 1910 esset
1408 1870 1462 1910 ad
1491 1883 1534 1910 se

111 1922 262 1973 delata,
288 1924 468 1965 Scaurus
500 1925 662 1972 consul,
685 1925 873 1975 Utinam,
894 1924 1044 1979 inquit,
1067 1926 1132 1965 M.
1157 1924 1324 1976 Cicero,
1346 1926 1425 1966 isto
1445 1926 1535 1967 ani-

58 2002 62 2005 ·
111 1993 198 2030 me,
233 1988 359 2035 atque
392 1981 541 2021 virtute
580 1981 619 2021 in
661 1995 826 2022 summa
865 1980 1079 2036 republica
1116 1981 1336 2022 nobiscum
1370 1982 1533 2033 versari,

112 2050 239 2091 quam
266 2036 308 2076 in
340 2037 581 2092 municipali
607 2037 849 2078 maluisses!
882 2038 1188 2094 Quamobrem,
1218 2038 1416 2092 quoniam
1450 2053 1533 2079 non
1546 2047 1595 2088 37

112 2094 456 2147 recognoscimus
477 2108 587 2134 nunc
609 2094 722 2149 leges
741 2093 889 2149 populi
910 2094 1103 2143 Romani,
1124 2093 1197 2134 sed
1218 2104 1291 2135 aut
1310 2095 1536 2149 repetimus

111 2158 289 2204 ereptas,
320 2159 393 2190 aut
424 2165 547 2191 novas
577 2151 821 2191 scribimus:
853 2164 936 2191 non
968 2156 1008 2181 4⁶
1026 2150 1127 2206 quid
1157 2150 1239 2191 hoc
1270 2150 1429 2206 populo
1459 2151 1537 2192 ob-

111 2204 234 2246 tineri
271 2206 416 2260 possit,
452 2207 525 2247 sed
559 2207 659 2262 quid
695 2207 904 2262 optimum
940 2207 1006 2257 sit,
1044 2207 1121 2247 tibi
1159 2206 1385 2248 dicendum
1416 2217 1536 2263 puto.

112 2262 228 2302 Nam
260 2262 416 2303 Cassiae
440 2263 546 2319 legis
579 2263 748 2318 culpam
769 2263 910 2318 Scipio
930 2273 1029 2304 tuus
1050 2263 1241 2314 sustinet,
1261 2278 1346 2319 quo
1367 2272 1539 2305 auctore

112 2317 198 2358 lata
223 2332 312 2360 esse
340 2319 504 2360 dicitur.
563 2320 643 2370 Tu,
673 2321 707 2360 si
729 2320 986 2361 tabellariam
1018 2319 1176 2371 tuleris,
1197 2319 1285 2374 ipse
1305 2320 1537 2375 praestabis.

114 2388 191 2415 nec
220 2375 331 2416 enim
361 2376 466 2416 mihi
495 2377 647 2431 placet,
678 2391 754 2417 nec
784 2377 930 2417 Attico
960 2385 1118 2427 nostro,
1139 2384 1343 2432 quantum
1372 2391 1396 2418 e
1420 2377 1539 2418 vultu

114 2430 206 2486 ejus
225 2430 429 2488 intelligo.
487 2434 580 2474 Att.
602 2432 716 2474 Mihi
736 2447 831 2474 vero
853 2433 957 2474 nihil
982 2447 1183 2489 umquam
1212 2432 1414 2489 populare
1446 2434 1536 2489 pla·
1555 2436 1618 2489 17

160 2551 201 2576 44
223 2544 379 2586 doluitque,
405 2547 498 2589 quoad
521 2545 616 2585 vixit]
651 2547 729 2578 Haec
758 2553 804 2578 est
848 2547 938 2578 malit
961 2557 1038 2578 cum
1062 2548 1192 2578 Davisio
1217 2547 1368 2587 corrigere
1393 2546 1469 2584 huic,
1495 2546 1539 2576 fe-

116 2594 206 2619 vetus
235 2589 340 2619 lectio.
370 2591 552 2621 recentiores
582 2597 652 2630 post
677 2591 804 2620 Lambi-
846 2600 926 2621 ram.

119 2641 200 2661 num
215 2631 375 2673 docuitque,
392 2633 486 2663 male.
890 2638 930 2664 46
953 2632 1025 2674 quid
1038 2632 1086 2661 hoc
1095 2631 1200 2671 populo
1215 2631 1335 2661 obtineri
1351 2629 1454 2671 possit]
1473 2631 1538 2660 Da-

161 2681 200 2704 45
225 2675 270 2704 Ac
295 2683 385 2705 nostro
409 2676 533 2717 quidem,
561 2687 622 2705 cum
649 2688 691 2707 res
716 2676 801 2718 esset]
846 2677 942 2706 visius
958 2676 1074 2705 addidit
1089 2675 1136 2705 ab.
1149 2675 1244 2705 male.
1260 2674 1384 2704 obtinere
1395 2672 1539 2714 abaliquo

117 2716 224 2756 Vulgo
238 2729 272 2747 ac
286 2725 377 2747 nostro
390 2718 515 2760 quidem,
525 2719 670 2758 jungitur
684 2728 806 2750 antece-
850 2729 915 2749 non
929 2719 1054 2755 dicitur,
1071 2718 1157 2757 quod
1172 2718 1279 2748 sciam.
1299 2717 1348 2745 hoc
1364 2715 1468 2754 populo
1483 2716 1539 2745 eti-

119 2760 276 2790 dentibus.
319 2760 379 2791 Sed
401 2761 565 2800 explicatio
588 2769 634 2792 est
650 2771 806 2799 contorm,
850 2771 903 2792 am
925 2761 998 2791 alibi
1021 2762 1100 2791 dixit
1122 2761 1244 2796 Cicero,
1261 2769 1336 2789 curn
1352 2758 1486 2798 populus
1501 2758 1543 2789 sit

122 2811 237 2841 nempe
254 2803 434 2844 intelligunt
449 2814 547 2844 remp.
563 2805 657 2834 Rom.
674 2813 743 2836 tum
759 2816 807 2835 se—
850 2805 930 2841 talu,
947 2804 1000 2835 tali
1014 2813 1109 2834 sensu
1125 2810 1156 2834 et
1169 2804 1290 2839 animo,
1308 2807 1344 2832 ut
1358 2810 1446 2832 nunc
1462 2807 1518 2835 est,

119 2845 228 2885 quitur
240 2845 337 2886 vulgo
357 2848 434 2890 quoi,
458 2848 542 2889 quod
561 2846 672 2880 delevi.
689 2850 715 2880 si
735 2849 806 2889 quis
