1844 3202
583 131 995 174 CONSOLATIO.
1412 131 1509 172 1007

90 246 332 291 informatio
370 243 538 301 pendet,
570 241 849 296 educatioque
878 240 1003 280 vitae:
1045 253 1138 294 quae
1170 252 1267 279 cum
1306 243 1417 277 recte
1449 234 1512 275 in-

88 305 290 355 stituitur,
329 310 454 358 atque
497 299 714 347 excolitur,
759 296 999 338 incredibile
1043 295 1159 336 dictu
1203 303 1278 345 est,
1318 301 1511 348 quantos,

87 374 300 418 quamque
345 359 493 400 uberes
529 355 720 412 justitiae,
767 352 1031 408 integritatiS,
1070 351 1289 406 omnisque
1337 349 1509 403 amplis-

90 418 207 459 simae
239 415 372 458 laudis
398 415 557 454 fructus
587 412 743 453 afferat.
804 410 902 459 Sed,
932 424 1028 450 cum
1050 409 1220 449 virtutes
1251 405 1393 447 multae
1425 420 1513 445 me-

88 474 171 515 rito
191 473 396 521 colantur,
417 469 531 526 quod
559 477 600 509 et
620 469 717 523 ipsae
739 466 857 508 cultu
886 466 1026 521 dignae
1047 465 1143 515 sint,
1164 473 1207 505 et
1225 462 1368 504 multae
1391 462 1442 502 ab
1463 460 1512 501 iis

88 530 143 571 ad
179 530 413 570 universum
448 540 581 582 genus
617 523 835 565 hominum
875 523 1075 563 utilitates
1110 520 1377 576 proveniant:
1413 517 1513 573 quid

90 586 159 637 sit,
179 600 254 626 cur
273 583 416 625 bestiae
440 595 607 638 quoque
628 581 726 636 ipsae
753 579 805 619 ab
834 578 1050 634 AEgyptiis
1078 578 1207 618 ferme
1237 590 1382 617 omnes
1414 589 1515 614 con-

87 649 258 684 secratae
285 640 381 691 sint,
409 639 513 680 scire
537 652 633 679 sane
654 636 790 677 velim.
820 635 875 675 sit
900 635 1023 690 piscis
1046 634 1087 674 in
1108 634 1240 683 cultu,
1260 648 1307 673 ac
1337 632 1514 673 deorum

87 698 285 754 opinione
314 695 426 752 apud
456 696 599 752 Syros,
619 692 810 733 homines
841 705 916 732 nec
940 699 1056 732 tanta
1076 690 1232 745 ingenii
1250 690 1338 730 acie
1366 686 1517 743 praedi-

88 763 169 805 tos,
191 768 267 794 nec
296 752 421 793 tantis
452 751 735 792 doctrinarum
766 747 969 803 praesidiis
999 747 1240 796 instructos,
1263 755 1323 796 ut,
1344 745 1434 785 haec
1455 743 1517 784 in-

90 820 202 866 epta,
243 808 502 864 ridiculaque
539 820 642 857 esse,
681 805 841 860 possint
879 818 1120 859 agnoscere.
1179 803 1268 858 AEg
1301 802 1375 856 ptii
1405 814 1516 849 ver0,

89 866 288 909 omnibus
329 864 544 906 affluentes
583 861 842 911 eruditionis,
882 870 924 901 et
962 860 1144 901 scientiae
1181 859 1249 900 lau
1283 859 1390 906 ibus,
1430 870 1516 912 quo

90 922 220 965 modo
250 922 293 963 in
322 930 410 963 tam
440 921 620 969 inanem,
650 928 821 973 tamque
850 917 1073 958 absurdam
1105 915 1243 957 delabi
1273 915 1516 970 opinionem

122 978 318 1029 otuerint,
348 976 543 1033 equidem
579 975 812 1030 intelligere
843 974 907 1015 vix
969 988 1124 1014 ossum.
1158 972 1260 1028 quid
1291 971 1430 1012 enim?
1464 984 1517 1010 an

91 994 233 1086 boveS,
251 1049 389 1085 canes,
409 1034 547 1089 lupos,
568 1032 684 1082 feles,
703 1031 837 1087 pisces
858 1031 900 1072 in
929 988 1106 1071 cleorum
1137 1043 1312 1070 numero
1343 1026 1519 1068 habebi-

93 1092 222 1133 mus?
269 1099 311 1131 et
337 1104 440 1146 quas
472 1089 591 1130 nobis
622 1097 769 1130 natura
797 1086 992 1143 praesidii,
1024 1085 1249 1142 auxiliique
1273 1099 1400 1126 causa
1427 1083 1517 1124 ani-

91 1155 254 1189 mantes
273 1149 438 1203 genuit,
457 1161 524 1187 eas
555 1160 628 1202 per
656 1144 863 1186 inscitiam
891 1143 992 1184 deos
1015 1143 1331 1200 judicabimus?
1365 1140 1519 1197 quibus

93 1204 198 1245 nihil
227 1204 395 1254 foedius,
416 1202 666 1253 obscaenius,
694 1200 940 1242 lutulentius
970 1215 1021 1240 ne
1051 1209 1198 1241 natura
1228 1198 1398 1255 quidem
1430 1196 1521 1251 ipsa

92 1260 255 1301 viderit.
314 1260 509 1301 Etiamne
538 1258 782 1300 animalium
812 1265 1000 1298 monstra
1029 1257 1112 1307 illa,
1143 1271 1167 1297 a
1197 1255 1349 1312 quibus
1380 1252 1519 1294 homi-

93 1331 194 1358 num
218 1316 361 1372 generi
389 1317 598 1372 praecipua
626 1314 895 1356 incommoda
914 1313 1161 1363 inferuntur,
1183 1311 1433 1360 crocodilos,
1455 1324 1522 1350 as-

90 1372 224 1429 pidas,
255 1382 481 1429 serpentes,
511 1381 669 1414 ceteras
700 1372 821 1421 feras,
846 1379 889 1411 et
918 1370 1122 1410 immanes
1153 1368 1327 1418 belluas,
1348 1367 1390 1408 in
1420 1366 1522 1407 deo-

100 1444 193 1471 rum
224 1444 445 1470 numerum
477 1428 734 1470 referemus?
773 1426 874 1483 quid
904 1427 981 1467 erit
1009 1425 1137 1476 aliud,
1169 1433 1358 1466 naturam
1390 1423 1524 1464 inver-

94 1493 196 1537 tere,
227 1494 271 1527 et
304 1486 389 1527 ima
419 1485 609 1536 summis,
639 1498 806 1526 summa
835 1483 987 1523 infimis
1015 1482 1306 1524 commutare?
1339 1488 1395 1531 et,
1423 1493 1522 1520 cum

92 1549 255 1583 tantam
291 1542 332 1582 in
370 1541 435 1583 his
470 1541 737 1597 imperitiam,
773 1539 1092 1595 barbariamque
1127 1551 1421 1594 agnoscamuS,
1458 1545 1524 1576 ta-

93 1611 245 1639 menne
282 1598 362 1639 ista
400 1598 564 1653 penitus
600 1597 738 1638 inania
776 1596 1043 1651 pertinaciter
1080 1593 1388 1636 defendemus?
1441 1593 1524 1633 Ea-

96 1653 280 1710 demque
308 1653 470 1695 inscitia
499 1668 638 1708 cepas,
659 1653 768 1704 allia,
791 1653 950 1693 fructus
981 1660 1156 1702 ceterOS,
1183 1650 1256 1706 qui
1284 1649 1476 1691 oriuntur
1501 1662 1526 1690 e

95 1717 220 1762 terra,
243 1711 284 1751 in
303 1710 479 1751 deorum
501 1724 676 1751 numero
696 1708 881 1765 reposuit
901 1709 1134 1764 AEgyptus.
1157 1722 1251 1762 quae
1280 1705 1391 1747 haud
1421 1705 1525 1755 scio,

96 1780 172 1808 cur
209 1766 393 1822 longiori
427 1766 617 1807 oratione
655 1766 842 1807 refellere
873 1764 926 1806 sit
955 1779 1138 1805 neeesse.
1168 1762 1422 1804 incredibilis
1461 1769 1525 1803 est

98 1822 208 1864 enim
231 1837 379 1863 eorum
408 1822 657 1873 absurditas,
680 1832 726 1863 ut
756 1821 869 1864 nulla
899 1836 990 1862 esse
1020 1821 1152 1877 possit
1180 1829 1254 1861 aut
1282 1819 1524 1875 pertinacia,

98 1888 172 1920 aut
205 1879 414 1934 imperitia
445 1887 575 1929 tanta,
606 1894 698 1934 quae
736 1893 818 1919 non
853 1877 933 1918 ista
964 1886 1222 1933 aspernetur,
1253 1887 1377 1932 atque
1410 1877 1526 1917 refu-

97 1936 201 1991 giat.
262 1936 424 1976 Imbres
445 1944 601 1985 autem,
624 1935 768 1985 nimbi,
789 1934 999 1990 procellae,
1021 1934 1054 1974 si
1074 1948 1098 1974 a
1126 1934 1276 1975 nostris
1304 1948 1524 1974 consecra-

98 2001 154 2034 tae
175 2001 288 2042 sunt,
310 1992 353 2033 id
377 1992 676 2048 antiquissimis
706 1991 853 2047 populi
882 1991 1059 2032 Romani
1081 1990 1228 2032 ritibus
1250 2005 1298 2032 ac
1322 2004 1525 2031 caeremo-

99 2048 178 2089 niis
199 2057 430 2104 receptum,
451 2059 494 2089 et
514 2048 806 2089 confirmatum
829 2056 904 2088 est.
926 2063 1020 2103 quae
1047 2047 1154 2097 tolli,
1175 2057 1247 2089 aut
1275 2046 1526 2103 perturbari,

101 2118 202 2146 cum
223 2112 266 2145 et
292 2105 391 2146 satis
414 2106 531 2146 firma
555 2105 716 2146 ratione
747 2104 946 2155 nitantur,
966 2114 1008 2146 et
1028 2119 1109 2145 usu
1131 2104 1223 2160 jam
1254 2105 1346 2160 ipso
1378 2103 1529 2144 confir-

101 2170 231 2211 mata,
260 2169 303 2201 et
335 2162 565 2217 approbata
593 2162 690 2212 sint,
721 2160 809 2202 sine
842 2160 1001 2201 nefario
1034 2160 1188 2202 scelere
1222 2176 1305 2202 non
1335 2167 1527 2216 possunt.

103 2217 315 2259 Graeciam
343 2232 453 2269 vero,
482 2232 609 2274 quam
638 2217 783 2273 paullo
813 2227 910 2259 ante
939 2217 1133 2258 laudibus
1163 2217 1415 2267 ornavimus,
1446 2215 1528 2257 hoc

99 2272 199 2315 loco
220 2289 303 2315 non
323 2288 421 2315 sane
440 2274 610 2316 laudare
630 2288 869 2330 possumus,
890 2289 983 2330 quae
1007 2273 1252 2329 Cupidines,
1272 2282 1314 2314 et
1333 2274 1530 2322 Amores,

104 2329 205 2371 satis
234 2330 447 2381 audacter,
477 2339 518 2371 et
549 2339 705 2372 temere
735 2331 776 2371 in
805 2330 1051 2387 gymnasiis,
1077 2331 1322 2387 aedibusque
1350 2330 1531 2386 publicis
1570 2378 1577 2382 ,

105 2387 371 2428 consecrarit.
428 2387 545 2444 Quid
565 2388 676 2429 enim
699 2387 915 2443 Cupidini,
936 2395 1009 2428 aut
1029 2388 1261 2429 Amoribus
1281 2401 1380 2428 cum
1405 2401 1533 2443 gym-

107 2442 264 2484 nasiis?
298 2451 384 2494 aut,
413 2444 515 2499 quid
543 2458 592 2484 ea
620 2444 879 2485 consecratio
905 2444 967 2485 vel
997 2444 1050 2485 ad
1081 2443 1448 2494 considerandum,
1469 2440 1533 2483 vel

106 2498 163 2540 ad
181 2499 431 2540 imitandum
453 2501 597 2541 afferre
617 2501 754 2556 potuit
775 2500 1020 2551 honestatis,
1041 2509 1113 2542 aut
1134 2501 1263 2541 boni?
1297 2499 1399 2541 nihil
1420 2499 1531 2540 enim

107 2555 392 2606 temerarium,
428 2556 530 2598 nihil
570 2557 764 2612 insipiens
799 2559 841 2598 in
879 2557 1058 2598 deorum
1093 2557 1407 2598 consecratione
1443 2569 1535 2596 esse

108 2610 250 2662 debet,
278 2626 369 2662 nec,
391 2613 506 2668 quod
533 2614 664 2654 ullam
685 2614 748 2654 vel
778 2614 1027 2655 levissimam
1056 2622 1129 2655 aut
1156 2612 1441 2669 turpitudiniS,
1461 2620 1535 2652 aut

106 2667 234 2732 ullips
263 2669 436 2709 omnino
469 2669 761 2724 imprudentiae
796 2671 1076 2726 suspicionem
1107 2670 1264 2711 afferat.
1301 2668 1444 2724 quales
1476 2668 1535 2708 vi-

109 2723 198 2764 deri
218 2735 395 2780 possunt
413 2739 559 2766 eorum
587 2726 936 2777 consecrationes,
958 2742 1139 2783 quorum
1171 2727 1211 2767 in
1243 2726 1365 2766 rebus
1396 2723 1538 2780 probi-

109 2780 202 2830 tati,
222 2781 457 2837 pudorique
485 2783 702 2823 contrariis
729 2797 884 2823 numen
911 2798 1015 2833 esse,
1043 2783 1312 2839 potentiaque
1340 2780 1538 2822 creditur.

109 2835 198 2892 Qui
226 2851 331 2893 ergo
359 2838 412 2879 ad
441 2838 661 2880 hominum
683 2840 808 2880 vitam
838 2838 901 2880 vel
929 2839 1223 2896 adjuvandam,
1249 2837 1312 2878 vel
1342 2837 1535 2878 excolen-

808 2909 832 2949 3
911 2908 933 2938 2
