1844 3202
590 126 776 163 LIBER
818 123 1058 161 PRIMUS.
1466 134 1541 173 70⁵

111 234 217 286 aliis,
238 234 488 290 laudemque
507 231 798 275 concederent.
856 231 1025 288 Quibus
1052 238 1194 272 autem
1220 231 1314 272 talis
1346 234 1460 277 nulla
1490 238 1544 278 sit

112 305 252 342 causa,
274 292 308 332 si
329 291 540 346 despicere
561 304 604 330 se
630 289 773 330 dicant
799 302 863 339 ea,
883 303 977 344 quae
1004 287 1194 343 plerique
1223 289 1439 341 mirentur,
1462 293 1542 334 im-

112 348 229 403 peria
255 358 297 388 et
325 347 609 403 magistratus,
632 346 680 387 iis
707 359 791 386 non
821 344 950 385 modo
979 358 1062 384 non
1093 343 1222 394 laudi,
1243 359 1383 385 verum
1414 349 1541 390 ctiam

111 403 213 444 vitio
250 403 433 445 dandum
471 413 590 458 puto.
649 404 844 458 Quorum
874 400 1085 456 judicium
1119 400 1161 440 in
1196 414 1263 451 eo,
1294 402 1410 456 quod
1447 405 1542 459 glo-

113 459 216 500 riam
252 468 537 509 contemnant,
570 469 612 500 ct
648 473 724 514 pro
760 457 892 498 nihilo
929 467 1092 513 putent,
1128 456 1295 498 difficile
1330 459 1444 499 factu
1478 472 1541 502 est

112 528 196 555 non
217 516 420 570 probare:
453 516 526 557 sed
548 516 738 557 videntur
768 514 933 556 labores
954 524 997 555 et
1028 512 1256 565 molestias,
1289 523 1378 555 tum
1407 517 1579 564 offen-p.
1601 535 1645 560 ω.

109 571 291 622 sionum,
313 580 403 613 tum
433 572 709 628 repulsarum,
731 571 849 627 quasi
869 570 1076 626 quandam
1108 570 1384 625 ignominiam
1415 573 1537 614 time·
1551 578 1578 598 ἃ·

108 641 168 678 re,
188 636 231 669 et
249 628 479 670 infamiam.
537 630 645 670 Sunt
668 628 795 679 enim,
817 628 889 683 qui
918 628 958 668 in
991 627 1115 668 rebus
1140 628 1359 668 contrariis
1391 642 1538 684 parum

107 683 187 725 sibi
223 694 443 727 constent:
483 686 737 741 voluptatem
773 684 1028 726 severissime
1062 693 1349 734 contemnant,
1383 685 1425 725 in
1461 685 1538 727 do-

107 739 197 781 lore
216 741 300 782 sint
324 743 537 783 molliores
555 758 566 793 3
597 741 777 797 gloriam
806 740 1038 796 negligant,
1059 740 1307 796 frangantur
1338 741 1510 783 infamia
1529 760 1538 784 ε

106 805 234 852 atque
257 812 305 839 ea
329 799 498 854 quidem
528 814 613 840 non
641 798 739 839 satis
766 805 1018 839 constanter.
1078 797 1161 837 Sed
1189 797 1252 847 iis,
1279 798 1351 853 qui
1385 798 1539 841 habent
1552 810 1602 850 72

105 867 132 893 a
157 862 304 895 natura
332 855 577 911 adjumenta
604 869 743 896 rerum
773 853 1067 909 gerendarum,
1093 854 1259 909 abjecta
1289 855 1404 896 omni
1434 870 1539 896 cun-

105 910 305 962 ctatione,
327 911 584 968 adipiscendi
604 911 890 968 magistratus,
911 920 953 951 et
980 910 1167 965 gerenda
1193 911 1429 966 respublica
1460 921 1538 954 est.

107 980 185 1007 nec
206 967 316 1008 enim
337 968 458 1010 aliter
485 978 559 1010 aut
589 968 678 1023 regi
700 967 858 1018 civitas,
878 976 951 1008 aut
981 967 1184 1008 declarari
1214 967 1341 1008 animi
1371 969 1537 1025 magni—

106 1023 212 1064 tudo
234 1033 386 1079 potest.
447 1024 777 1081 Capessentibus
806 1033 948 1064 autem
978 1023 1283 1079 rempublicam
1305 1024 1437 1067 nihilo
1458 1027 1539 1067 mi·

106 1094 199 1129 nus,
232 1095 359 1136 quam
388 1081 668 1137 philosophis,
699 1080 810 1121 haud
845 1079 933 1121 scio
963 1095 1014 1120 an
1040 1080 1177 1135 magis
1212 1081 1354 1132 etiam,
1376 1091 1419 1123 et
1448 1096 1538 1123 ma-

105 1136 363 1190 gnificentia,
381 1148 424 1180 et
442 1138 715 1194 despicientia
733 1136 972 1178 adhibenda
993 1136 1046 1178 sit
1073 1151 1211 1177 rerum
1243 1137 1539 1191 humanarum,

106 1202 151 1232 et
177 1206 239 1242 ea,
262 1208 388 1249 quam
421 1209 532 1250 saepe
563 1194 673 1243 dico,
693 1203 737 1234 et
762 1192 1040 1248 tranquillitas
1067 1193 1194 1233 animi
1226 1202 1353 1249 atque
1382 1195 1540 1236 securi-

106 1256 199 1288 tas:
232 1249 455 1305 siquidem
479 1265 554 1291 nec
576 1250 686 1291 anxii
713 1248 843 1290 futuri
870 1257 981 1299 sunt,
1003 1258 1044 1289 et
1072 1264 1168 1290 cum
1200 1251 1404 1305 gravitate
1435 1266 1537 1294 con-

103 1305 339 1361 stantiaque
358 1306 518 1348 victuri.
578 1307 688 1349 Quze
717 1319 768 1346 eo
798 1305 985 1346 faciliora
1015 1316 1113 1346 sunt
1142 1306 1423 1362 philosophiS‚
1451 1323 1536 1364 quo
1550 1317 1598 1358 73

105 1361 244 1403 minus
284 1363 419 1404 multa
447 1372 592 1418 patent
626 1363 668 1403 in
698 1376 842 1403 eorum
877 1362 972 1412 vita,
1003 1377 1097 1417 quae
1129 1364 1299 1403 fortuna
1330 1364 1466 1415 feriat,
1496 1375 1540 1407 et

107 1432 193 1474 quo
216 1419 353 1460 minus
373 1420 519 1460 multis
540 1420 664 1460 rebus
685 1426 840 1474 egent:
871 1427 915 1458 et
935 1418 1046 1474 quia,
1069 1420 1102 1460 si
1127 1419 1228 1474 quid
1259 1420 1419 1461 adversi
1444 1436 1539 1463 eve-

107 1474 209 1524 niat,
235 1485 320 1516 tam
346 1476 527 1531 graviter
553 1476 703 1517 cadere
729 1490 812 1516 non
840 1485 1031 1530 possunt.
1089 1476 1304 1517 Quocirca
1335 1491 1419 1517 non
1451 1478 1540 1519 sine

103 1543 231 1572 causa
250 1532 430 1588 majores
452 1541 592 1574 motus
614 1533 850 1574 animorum
879 1533 1157 1582 concitantur,
1179 1533 1421 1589 majoraque
1447 1535 1537 1575 effi-

102 1587 252 1629 cienda
286 1589 588 1645 rempublicam
628 1588 889 1645 gerentibus,
920 1603 1045 1644 quam
1077 1589 1244 1645 quietis,
1275 1604 1360 1644 quo
1400 1591 1537 1647 magis

103 1643 169 1685 his
202 1654 245 1687 et
275 1646 526 1701 magnitudo
554 1646 684 1687 animi
709 1654 772 1686 est
799 1645 1051 1694 adhibenda,
1081 1655 1125 1686 et
1153 1646 1336 1686 vacuitas
1370 1646 1425 1687 ab
1464 1662 1538 1688 an·

102 1701 292 1755 goribus.
351 1702 424 1744 Ad
450 1717 537 1743 rem
564 1702 791 1757 gerendam
819 1711 960 1742 autem
992 1702 1063 1757 qui
1093 1702 1270 1753 accedit,
1296 1711 1453 1753 caveat,
1485 1719 1537 1745 ne

104 1757 149 1797 id
180 1759 310 1799 modo
343 1759 592 1809 consideret,
623 1773 749 1815 quam
787 1758 858 1799 illa
890 1772 952 1799 res
984 1757 1161 1799 honesta
1195 1759 1262 1808 sit,
1291 1758 1363 1799 sed
1393 1760 1537 1810 etiam,

103 1822 153 1854 ut
178 1813 331 1856 habeat
358 1815 561 1856 efficiendi
590 1816 849 1856 facultatem.
880 1815 923 1855 in
952 1830 1036 1870 quo
1064 1815 1154 1871 ipso
1183 1815 1536 1858 considerandum

103 1879 182 1920 est,
219 1886 270 1912 ne
304 1881 376 1913 aut
411 1882 568 1913 temere
603 1872 808 1926 desperet,
842 1880 1015 1926 propter
1048 1871 1271 1927 ignaviam,
1305 1881 1379 1913 aut
1413 1874 1538 1915 nimis

103 1927 302 1978 confidat,
342 1937 514 1983 propter
553 1929 839 1984 cupiditatem.
900 1928 949 1968 In
989 1929 1185 1969 omnibus
1225 1936 1365 1969 autem
1406 1944 1538 1985 nego·

99 1983 184 2036 tiis,
217 1984 347 2040 prius,
373 1999 498 2041 quam
532 1985 794 2041 aggrediare,
826 1984 1067 2026 adhibenda
1097 1993 1160 2026 est
1192 1987 1441 2040 praeparatio
1473 1987 1536 2027 di-

103 2040 254 2096 ligens.
509 2055 515 2061 ’

161 2097 245 2139 Sed
277 2113 375 2139 cum
407 2098 595 2154 plerique
629 2097 894 2148 arbitrentur,
922 2111 984 2138 res
1019 2097 1190 2139 bellicas
1218 2098 1398 2155 majores
1431 2102 1617 2150 esse,22

103 2169 232 2211 quam
252 2156 458 2196 urbanas:
490 2155 715 2195 minuenda
745 2165 809 2195 est
836 2154 926 2195 haec
955 2153 1114 2209 opinio·
1141 2154 1267 2195 multi
1285 2155 1398 2198 enim
1424 2153 1535 2193 bella
1547 2171 1578 2200 b.

103 2226 215 2267 saepe
245 2211 500 2267 quaesierunt
534 2220 706 2266 propter
733 2211 881 2267 gloriae
911 2210 1215 2266 cupiditatem:
1256 2220 1382 2267 atque
1414 2210 1458 2251 id
1493 2210 1533 2250 in
1548 2217 1600 2259 74

104 2268 269 2324 magnis
293 2268 456 2318 animis,
478 2268 738 2323 ingeniisque
763 2268 1013 2323 plerumque
1034 2268 1260 2324 contingit,
1279 2282 1416 2324 eoque
1443 2281 1534 2308 ma-

103 2324 185 2379 gis,
210 2325 244 2365 si
274 2333 371 2366 sunt
399 2325 451 2366 ad
482 2338 569 2365 rem
599 2324 820 2366 militarem
853 2324 954 2380 apti,
983 2334 1026 2366 et
1054 2324 1198 2379 cupidi
1221 2325 1430 2367 bellorum
1458 2338 1535 2379 ge-

105 2380 345 2423 rendorum.
402 2382 514 2422 Vere
553 2390 696 2422 autem
734 2381 767 2422 si
807 2381 999 2422 volumus
1038 2381 1246 2437 judicare,
1284 2381 1430 2422 multae
1469 2394 1534 2421 res

104 2437 353 2480 exstiterunt
396 2439 566 2479 urbanae
611 2437 790 2494 majores
837 2438 1131 2493 clarioresque,
1177 2453 1305 2494 quam
1355 2436 1533 2479 bellicae.

106 2494 311 2536 Quamvis
341 2494 451 2536 enim
481 2494 788 2536 Themistocles
810 2495 907 2551 jure
931 2494 1139 2546 laudetur,
1174 2504 1217 2536 et
1248 2495 1302 2536 sit
1332 2494 1425 2550 ejus
1457 2508 1532 2534 no·
1546 2508 1594 2549 75

105 2565 218 2602 men,
258 2565 385 2606 quam
414 2551 597 2602 Solonis,
626 2551 844 2602 illustrius,
873 2551 1109 2607 citeturque
1147 2551 1324 2592 Salamis
1353 2550 1532 2591 clarissi-

47 2658 53 2663 ‚
105 2621 187 2647 mae
209 2607 326 2648 testis
346 2607 542 2659 victoriae,
564 2623 658 2664 quae
680 2617 959 2663 anteponatur
978 2608 1154 2649 consilio
1175 2607 1341 2649 Solonis
1363 2608 1416 2657 ei,
1446 2620 1532 2660 quo

106 2663 289 2718 primurn
312 2664 530 2706 constituit
548 2664 856 2721 Areopagitas:
888 2679 970 2706 non
992 2664 1131 2706 minus
1155 2664 1402 2720 praeclarum
1434 2662 1550 2712 hoc,·

106 2733 233 2774 quam
265 2720 384 2770 illud,
399 2719 677 2776 judicandum
708 2731 786 2763 est.
816 2720 922 2762 illud
951 2721 1064 2762 enim
1095 2722 1225 2762 semel
1254 2719 1426 2775 profuit,
1450 2719 1532 2759 hoc

106 2790 271 2832 semper
298 2776 485 2833 proderit
515 2776 693 2820 civitati:
725 2779 807 2819 hoc
838 2777 1015 2818 consilio
1048 2777 1164 2833 leges
1191 2775 1532 2824 Atheniensium,

103 2831 186 2875 hoc
214 2833 420 2890 majorum
443 2833 634 2876 instituta
662 2843 889 2878 servantur.
947 2835 1002 2876 Et
1026 2832 1334 2876 Themistocles
1361 2831 1529 2890 quidem

860 2903 884 2930 z
906 2903 929 2932 z
948 2902 972 2944 3
