1844 3202
650 126 1051 170 FRAGMENTA.
1156 110 1161 113 ’
1480 133 1555 176 92⁵

549 261 615 303 M.
635 263 818 305 TULLn
850 263 1132 305 CICERONIS

333 339 400 382 M.
431 338 606 391 CATO,
636 341 762 391 SEU,
793 340 948 381 LAUS
979 340 1045 380 M.
1078 336 1353 379 CATONIS.

185 417 341 459 GELL.
362 417 433 459 lib.
453 427 517 459 13.
536 427 624 473 cap.
647 420 722 472 18.)
760 419 968 474 pronepos
991 417 1056 458 M.
1077 416 1253 459 Catonis
1273 417 1463 458 censorii.

185 475 352 515 MACR.
375 473 444 514 lib.
462 478 501 515 6.
522 486 609 529 cap.
628 477 682 526 2.)
727 473 1016 529 Contingebat
1041 473 1084 514 in
1112 488 1179 524 eo,
1199 473 1312 529 quod
1345 473 1553 530 plerisque

125 539 274 570 contra
295 530 414 581 solet,
436 539 483 571 ut
512 531 671 587 majora
701 531 843 572 omnia
869 546 927 581 re,
947 544 1073 585 quam
1100 530 1212 571 fama
1237 529 1487 580 viderentur,
1507 531 1551 572 id

113 585 241 639 quod
264 600 346 626 non
368 601 478 641 saepe
499 587 647 638 evenit,
669 595 716 628 ut
741 587 998 642 exspectatio
1028 600 1053 626 a
1080 586 1338 642 cognitione,
1359 600 1478 628 aures
1498 587 1551 628 ab

126 641 260 682 oculis
280 642 552 684 vincerentur.

542 734 608 775 M.
633 734 816 774 TULLII
846 731 1128 772 CICERONIS

479 812 577 853 DE
627 812 938 860 GLORIA,
985 810 1119 851 LIB.
1161 809 1195 850 Ι.

121 886 369 985 bfluns.)
411 889 462 930 In
485 889 772 931 Tusculanum
793 889 896 930 mihi
916 888 1214 931 nuntiabantur
1233 887 1471 944 gladiatorii
1491 888 1547 929 sis

152 958 166 984 1
186 958 212 984 1.

179 1000 212 1040 F
216 1014 241 1040 E
251 1014 369 1042 s'rus
403 1000 474 1044 lib.
504 1003 580 1055 13.)
622 1002 888 1058 Oppidorum
922 1001 1245 1058 appellationem
1277 1001 1547 1057 usurpatione

116 1056 374 1113 appellatam
394 1072 484 1100 csse
505 1058 713 1110 existimo,
735 1059 850 1115 quod
873 1073 998 1114 opem
1019 1057 1180 1100 darent.

540 1148 809 1190 M.TUL1.11
843 1146 1125 1188 C1cERONIS

477 1225 571 1266 DE
613 1225 914 1274 GLORIA,
958 1224 1093 1266 LIB.
1125 1223 1184 1267 ΙΙ.

174 1303 298 1345 GEL.
321 1300 391 1344 lib.
416 1314 475 1344 15.
503 1313 590 1358 cap.
613 1304 669 1356 6.)
723 1302 853 1359 Apud
889 1301 1070 1343 eundem
1103 1307 1274 1357 poetam
1303 1303 1416 1360 Ajax
1445 1317 1544 1346 cum

115 1358 306 1401 Hectore
326 1359 606 1415 congrediens
629 1358 895 1415 depugnandi
917 1373 1041 1399 causa
1060 1359 1163 1413 agit,
1183 1369 1232 1400 ut
1250 1360 1487 1414 sepeliatur,
1509 1362 1545 1402 si

115 1416 171 1456 sit
190 1417 299 1457 forte
317 1416 464 1467 victus,
484 1416 764 1472 declaratque,
786 1430 829 1457 se
849 1414 968 1465 velle,
989 1424 1035 1456 ut
1057 1430 1179 1455 suum
1200 1416 1412 1458 tumulum
1432 1417 1543 1459 mul-

113 1471 168 1513 tis
188 1473 315 1514 etiam
335 1481 434 1528 post
450 1472 614 1514 saeculis
634 1481 950 1528 praetereunteS,
973 1471 1031 1512 sic
1051 1471 1300 1527 loquantur:

218 1551 290 1587 Hic
304 1549 387 1587 situs
408 1557 458 1586 est
475 1551 564 1587 vitae
571 1549 775 1600 jampridem
796 1550 923 1586 lumina
943 1550 1105 1600 linquens,

220 1603 290 1652 Qui
306 1602 472 1653 quondam
494 1604 651 1640 Hectoreo
668 1603 836 1654 perculsus
857 1602 999 1639 concidit
1018 1615 1100 1640 ense.

215 1655 361 1693 Fabitur
378 1655 437 1693 hoc
455 1655 593 1707 aliquis,
613 1670 685 1693 mea
703 1667 826 1707 semper
838 1656 952 1705 gloria
971 1656 1085 1693 vivet.

114 1767 121 1770 v·
166 1738 358 1791 CAms.)
401 1740 501 1795 Quo
523 1747 675 1790 stante,
695 1747 738 1780 et
757 1739 972 1780 incolumi.

116 1812 122 1818 ·
167 1795 560 1837 Pn1nARGYR.ad
585 1795 738 1852 Virgil.
760 1795 907 1851 Eclog.
924 1796 980 1848 2.)
1024 1795 1268 1838 Statuerunt
1301 1797 1438 1853 gloria
1476 1798 1536 1840 le-

112 1866 216 1893 aena.

527 1929 593 1970 M.
613 1928 797 1990 T013L11
828 1927 1112 1969 CICERONIS

419 2005 501 2046 DE
530 2005 872 2047 CONSOLATI
878 2005 963 2047 ΟΝ
966 2006 1001 2045 Ε
1030 2006 1219 2046 LIBER.

164 2079 303 2123 PLIN.
320 2081 594 2137 praefatione.)
639 2081 887 2123 crantorem
910 2096 1076 2138 sequor.

163 2140 314 2179 LAc'r.
346 2137 470 2179 libe.
500 2148 587 2193 cap.
615 2139 692 2191 18.)
738 2138 903 2179 Idcirco
937 2138 1022 2180 nati
1057 2153 1218 2191 sumus,
1249 2147 1297 2182 ut
1330 2141 1536 2186 scelerum

106 2208 253 2251 poenas
274 2195 496 2236 lueremus.

134 2286 135 2289 ,
163 2252 312 2292 LAcT.
335 2250 405 2292 lib.
424 2260 461 2291 2.
484 2260 571 2305 cap.
593 2250 670 2303 19.)
711 2251 813 2292 Non
840 2250 969 2302 nasci,
988 2251 1116 2307 longe
1142 2252 1367 2308 optimum,
1388 2270 1464 2297 nec
1494 2257 1536 2298 in

106 2306 185 2348 hos
216 2307 411 2361 scopulos
443 2307 626 2348 incidere
655 2307 775 2348 vitae:
811 2307 1049 2362 proximum
1078 2317 1236 2361 autem,
1258 2310 1292 2351 si
1322 2320 1443 2354 natus
1463 2313 1535 2364 sis,

104 2364 418 2419 quamprimum
449 2363 573 2414 mori,
602 2372 645 2405 et
674 2371 890 2420 tamquam
920 2377 971 2405 ex
999 2364 1192 2407 incendio
1226 2367 1412 2422 effugere
1446 2369 1533 2411 for-

108 2428 238 2462 tunae.

117 2508 123 2519 .-
161 2477 314 2516 LAcT.
340 2473 408 2515 lib.
424 2484 464 2516 3.
488 2485 577 2531 cap.
595 2477 673 2529 14.)
707 2476 790 2518 Sed
809 2476 950 2518 nescio
971 2477 1043 2533 qui
1062 2492 1138 2519 nos
1159 2487 1298 2521 teneat
1318 2494 1446 2534 error,
1463 2492 1536 2524 aut

103 2531 352 2574 miserabilis
373 2530 582 2586 ignoratio
602 2533 701 2574 veri.

163 2588 279 2629 C1c.
300 2588 416 2628 Tusc.
438 2597 470 2629 1.
492 2590 641 2629 LACT.
664 2588 727 2630 ira
747 2599 834 2644 cap.
855 2598 914 2630 10.
938 2588 1007 2632 lib.
1027 2600 1060 2632 1.
1079 2601 1166 2646 cap.
1181 2601 1219 2632 5.
1239 2591 1394 2646 Instit.)
1427 2595 1536 2636 Ani-

101 2658 269 2685 morum
294 2643 408 2684 nulla
427 2643 469 2685 in
489 2645 606 2685 terris
625 2646 749 2700 origo
766 2644 937 2687 inveniri
958 2655 1110 2702 potest.
1141 2647 1264 2689 Nihil
1284 2649 1393 2690 enim
1413 2651 1536 2692 estin

101 2700 250 2742 animis
281 2700 622 2756 mixtumLatque
653 2710 913 2752 concretum,
932 2711 1007 2744 aut
1034 2703 1152 2759 quod
1171 2718 1221 2744 ex
1241 2712 1351 2745 terra
1372 2715 1534 2757 natum,

102 2764 230 2812 atque
262 2756 406 2797 fictum
437 2770 528 2797 esse
558 2756 755 2808 videatur,
776 2757 880 2799 nihil
914 2772 966 2799 ne
999 2770 1073 2801 aut
1100 2758 1323 2803 humidum
1342 2761 1532 2817 quidem,

103 2821 177 2853 aut
196 2812 348 2863 flabile,
370 2820 443 2853 aut
470 2812 656 2867 igneum.
687 2813 752 2856 his
774 2814 885 2856 enim
907 2813 948 2854 in
969 2815 1125 2858 naturis
1147 2815 1252 2857 nihil
1273 2815 1396 2870 inest,
1415 2819 1531 2875 quod

162 2881 276 2912 VOL.
302 2882 371 2911 IV.
396 2883 433 2912 Ρ.
453 2882 510 2912 11.
890 2884 914 2925 3
939 2883 968 2910 0
