1844 3202
612 131 690 169 DE
726 129 1099 168 SENECTUTE.
1494 133 1569 173 817

145 237 225 281 hac
255 247 378 282 aetate
409 237 702 295 repueriscam‚
722 245 764 277 et
791 235 832 276 in
862 235 979 276 cunis
1011 234 1189 290 vagiam,
1210 233 1327 275 valde
1352 249 1569 277 recusem:

146 310 221 337 nec
251 311 348 337 vero
369 296 505 346 velim,
525 294 642 350 quasi
671 292 846 334 decurso
874 291 1026 347 spatio,
1047 290 1097 330 ad
1122 304 1305 331 carceres
1327 305 1350 330 a
1370 291 1482 332 calce
1504 307 1567 333 re-

144 353 295 393 vocari.
355 352 470 408 Quid
500 350 608 391 enim
640 349 768 390 habet
791 349 874 390 vita
901 347 1153 390 commodi?
1187 346 1286 402 quid
1317 362 1397 387 non
1429 349 1566 401 potius
1581 362 1629 394 84

141 407 296 449 laboris
316 410 329 449 ?
362 407 432 448 sed
460 406 612 447 habeat
633 420 744 446 sane.
767 405 895 446 habet
916 414 1026 445 certe
1047 413 1202 453 tamen,
1226 412 1296 443 aut
1317 403 1568 455 satietatem,

141 474 216 505 aut
248 464 438 504 modum.
472 477 554 504 non
587 463 704 504 lubet
742 463 853 502 enim
890 461 993 501 mihi
1025 460 1242 515 deplorare
1279 460 1419 508 vitam,
1453 462 1568 514 quod

141 519 279 569 multi,
310 528 352 560 et
383 519 410 559 ii
440 518 570 570 docti,
592 534 701 574 saepe
728 520 929 560 fecerunt.
953 530 1087 573 neque
1110 531 1176 556 me
1198 516 1342 556 vixisse
1364 517 1567 571 poenitet:

140 576 338 631 quoniam
371 575 430 616 ita
458 575 553 625 vixi,
584 583 743 617 utnon
774 575 926 615 frustra
956 588 1024 614 me
1055 584 1200 614 natum
1231 572 1494 613 existimem:
1527 582 1569 613 et

139 645 190 672 ex
217 631 302 672 vita
333 631 391 672 ira
416 632 603 683 discedo,
625 643 839 687 tamquam
867 644 917 671 ex
946 630 1146 685 hospitio,
1167 644 1249 670 non
1279 638 1495 684 tamquam
1517 643 1569 670 ex

138 687 284 728 domo.
314 688 605 729 commorandi
635 689 744 728 enini
777 698 925 729 natura
954 686 1232 727 deversorium
1257 686 1392 735 nobis,
1424 691 1464 717 ⁶0
1483 700 1565 726 non

137 743 353 785 habitandi
384 744 526 786 locum
557 744 686 786 dedit.
746 744 783 785 O
815 743 1060 799 praeclarum
1097 742 1223 792 diem,
1252 756 1350 783 cum
1382 741 1431 782 ad
1463 742 1565 783 illud
1579 751 1625 782 85

137 800 322 842 divinum
344 802 579 842 animorum
602 799 828 842 concilium
847 810 1092 855 coetumque
1113 798 1365 854 proficiscar,
1382 813 1566 854 cumque

136 870 185 897 ex
215 856 293 898 hac
324 858 448 899 turba
476 868 518 898 et
547 857 782 898 colluvione
812 856 1052 898 discedam!
1086 855 1323 911 proficiscar
1348 856 1458 896 enim
1482 870 1566 897 non

135 912 189 953 ad
221 928 293 954 eos
312 914 448 954 solum
469 914 593 964 viros,
613 913 666 954 de
685 914 837 970 quibus
858 923 953 954 ante
975 913 1086 962 dixi3
1118 911 1191 952 sed
1212 912 1334 953 etiarn
1357 912 1409 953 ad
1433 911 1564 953 Cato-

136 983 233 1009 nem
264 984 420 1020 meum,
451 985 536 1026 quo
568 985 693 1011 nemo
724 970 782 1010 vir
816 969 966 1010 melior
995 979 1117 1010 natus
1147 977 1225 1019 est,
1256 983 1380 1009 nemo
1412 969 1565 1023 pietate

134 1027 424 1080 praestantior:
455 1029 576 1083 cujus
597 1041 622 1068 a
642 1041 710 1068 me
731 1040 884 1082 corpus
905 1035 1138 1067 crematum
1159 1035 1247 1075 est3
1281 1025 1393 1081 quod
1419 1034 1566 1067 contra

134 1081 275 1123 decuit
294 1083 346 1123 ab
367 1083 440 1124 illo
461 1098 617 1125 meum.
639 1084 802 1124 animus
834 1096 931 1123 vero
959 1097 1043 1123 non
1075 1096 1143 1122 me
1174 1080 1381 1132 deserens,
1404 1081 1476 1122 sed
1498 1096 1564 1122 re-

133 1149 341 1193 spectans,
359 1139 399 1180 in
421 1154 469 1180 ea
490 1141 680 1195 profecto
701 1140 795 1180 loca
815 1139 1016 1189 discessit,
1036 1153 1121 1194 quo
1143 1137 1247 1178 mihi
1267 1138 1346 1193 ipsi
1367 1139 1565 1180 cernebat

132 1207 224 1235 esse
243 1195 506 1236 veniendum.
529 1211 655 1252 quem
685 1198 767 1250 ego
795 1210 938 1246 meum
967 1210 1111 1235 casum
1137 1194 1302 1235 fortiter
1328 1195 1432 1235 ferre
1452 1194 1562 1236 visus
1572 1213 1668 1244 p.9⁵,

133 1265 225 1291 sum
245 1267 254 1292 :
285 1266 367 1292 non
399 1252 514 1308 quod
549 1266 671 1308 aequo
702 1253 842 1292 animo
864 1252 1014 1292 ferrem
1034 1269 1043 1292 ε
1075 1251 1147 1291 sed
1169 1265 1238 1291 me
1259 1251 1346 1305 ipse
1367 1251 1600 1292 consola-³·

131 1307 221 1358 bar,
242 1308 497 1359 existimans,
519 1324 602 1349 non
625 1309 903 1364 longinquum
927 1309 1034 1348 inter
1055 1322 1130 1348 nos
1151 1307 1389 1363 digressum
1409 1318 1450 1348 et
1476 1307 1561 1349 dis-

130 1377 295 1405 cessum
319 1365 424 1406 fore.
482 1366 564 1406 His
586 1365 689 1406 mihi
710 1366 848 1415 rebus,
872 1365 1012 1419 Scipio
1037 1363 1095 1414 (id
1116 1364 1226 1404 enim
1250 1374 1290 1404 te
1311 1379 1407 1404 cum
1428 1364 1561 1406 Laelio
1573 1372 1625 1410 86

131 1419 327 1462 admirari
345 1422 477 1463 solere
498 1422 655 1474 dixisti)
680 1421 778 1462 levis
799 1430 861 1462 est
879 1429 1085 1470 senectus,
1105 1435 1180 1460 nec
1201 1421 1337 1461 solum
1361 1435 1446 1461 non
1468 1436 1562 1462 mo-

129 1475 250 1527 lesta,
271 1478 345 1519 sed
365 1478 491 1520 etiam
516 1478 720 1534 jucunda.
742 1477 858 1533 quod
879 1478 913 1518 si
943 1477 985 1518 in
1015 1477 1096 1517 hoc
1126 1491 1234 1527 erro,
1255 1476 1371 1532 quod
1397 1477 1561 1519 animos

129 1532 350 1575 hominum
373 1535 632 1576 immortales
659 1548 748 1575 esse
777 1534 960 1583 credam,
981 1533 1175 1574 lubenter
1205 1547 1298 1574 erro
1319 1551 1328 1573 t
1361 1548 1438 1575 nec
1458 1534 1564 1575 mihi

128 1588 242 1630 hunc
271 1605 470 1643 errorem,
494 1606 579 1647 quo
609 1591 808 1639 delector,
839 1590 941 1631 dum
962 1591 1067 1640 vivo,
1093 1590 1331 1645 extorqueri
1358 1591 1467 1631 volo.
1499 1591 1562 1632 sin

127 1656 321 1688 mortuus
354 1651 418 1701 (ut
447 1648 615 1703 quidam
647 1647 799 1688 minuti
828 1646 1073 1702 philosophi
1103 1651 1288 1699 censent)
1332 1646 1433 1688 nihi]
1466 1661 1562 1687 sen-

127 1701 228 1743 tiam
249 1719 259 1743 t
285 1718 369 1744 non
389 1718 546 1754 vereor,
569 1718 620 1744 ne
639 1705 751 1744 hunc
773 1718 955 1744 errorem
978 1717 1122 1743 meum
1141 1703 1298 1744 mortui
1318 1702 1562 1758 philosophi

128 1757 342 1809 irrideant,
372 1760 488 1815 quod
517 1761 551 1801 si
580 1775 664 1801 non
695 1775 839 1800 sumus
870 1759 1130 1800 immortales
1160 1759 1304 1810 Futuri,
1323 1769 1467 1800 tamen
1487 1774 1561 1800 ex-

126 1815 285 1871 stingui
314 1816 475 1857 homini
506 1831 583 1858 suo
615 1827 803 1871 tempore
833 1816 1018 1871 optabile
1047 1825 1123 1856 est.
1181 1817 1294 1856 Nam
1327 1816 1456 1857 habet
1487 1831 1560 1857 na-

126 1880 235 1922 tura,
255 1880 303 1912 ut
324 1873 499 1913 aliarum
522 1873 711 1914 omnium
735 1888 889 1921 rerum,
911 1872 969 1912 sic
994 1872 1154 1912 vivendi
1180 1872 1372 1913 modum.
1432 1874 1560 1914 Sene-

125 1934 218 1968 ctus
238 1936 396 1978 autem,
417 1930 603 1984 peractio
633 1931 768 1971 aetatis
794 1939 871 1979 est,
892 1938 1108 1983 tamquam
1128 1928 1284 1969 fabulae
1303 1946 1311 1970 :
1343 1929 1464 1985 cujus
1485 1929 1560 1970 de-

124 1983 415 2039 fatigationem
441 1986 590 2041 fugere
619 1986 837 2036 debemus,
868 1985 1099 2040 praesertim
1125 1985 1325 2040 adjuncta
1354 1987 1561 2027 satietate.

125 2040 235 2087 Haec
267 2040 411 2091 habui,
444 2042 496 2083 de
529 2052 744 2084 senectute
777 2058 872 2098 quae
906 2041 1117 2082 dicerem:
1149 2041 1202 2082 ad
1239 2056 1364 2097 quam
1397 2042 1560 2084 utinam

122 2097 398 2160 perveniatis!
429 2109 480 2140 ut
506 2113 569 2150 ea,
598 2114 691 2156 quae
721 2114 772 2141 ex
801 2113 870 2140 me
900 2097 1089 2149 audistis,
1120 2111 1164 2139 re
1194 2098 1352 2154 experti
1381 2099 1562 2155 probare

122 2162 306 2207 possms.

164 2270 206 2298 60
227 2277 280 2296 non
295 2266 459 2307 habitandt]
475 2269 606 2308 Semper
616 2270 721 2299 visum
734 2270 817 2300 mihi
859 2269 964 2299 sarium
986 2279 1053 2300 non
1075 2270 1234 2300 convenit.
1277 2269 1483 2300 Ed.Med501.
1506 2270 1560 2301 ad.

122 2314 180 2345 est,
200 2308 251 2338 hic
272 2309 392 2350 aliquid
410 2313 573 2348 excidisse,
589 2312 675 2350 quod
691 2322 816 2351 respon·
860 2313 905 2342 dit
928 2312 1031 2350 locum,
1054 2313 1139 2352 quod
1161 2313 1274 2343 deinde
1296 2320 1328 2343 et
1349 2314 1382 2343 in
1405 2313 1474 2344 aliis
1489 2313 1558 2344 edd.

122 2351 208 2381 deret
228 2351 383 2382 deversorii
403 2355 511 2390 verbo,
537 2362 572 2385 ut
601 2355 751 2384 habitandi
776 2357 818 2394 τῷ
860 2362 897 2385 ut
918 2356 1049 2389 Ascens.
1073 2356 1219 2387 additum
1233 2362 1290 2387 αἱ.
1335 2355 1463 2388 Delevit
1477 2357 1558 2387 Lan-

122 2394 322 2427 numerandi.
337 2405 414 2429 nam
429 2398 525 2429 verbo
547 2397 698 2428 habitandi
712 2397 817 2428 dever-
859 2398 949 2438 gius:
971 2408 1031 2440 ego
1044 2398 1176 2431 restitui.

809 2913 962 2972 ³03v
