1844 3202
283 108 360 150 958
658 105 718 144 Μ.
747 107 961 146 TULLII
999 107 1331 147 CICERONIS

291 211 360 260 Qui
373 213 520 262 populos,
541 213 699 267 urbesque
717 217 807 253 modo
826 231 867 254 ac
884 218 1011 255 virtute
1029 218 1210 268 regebant3

286 264 365 301 Rite
382 266 482 302 (tiam
503 268 620 311 vestri,
640 284 775 320 quorum
790 272 961 322 pictasque
965 271 1120 322 fidesque

287 318 470 363 Praestitit,
490 334 530 356 ac
549 321 642 371 longe
659 324 743 360 vicit
762 325 922 374 sapientia
942 334 1085 369 cunctos,

287 371 464 422 Praecipue
482 374 606 423 ingenti
624 376 792 413 coluerunt
811 378 942 413 numine
960 377 1068 421 divos,

291 424 379 460 Haee
395 425 475 462 adeo
488 429 620 476 penitus
638 443 719 465 cura
738 430 854 466 videre
872 431 1001 478 sagaci,

294 478 376 514 Otia
396 479 452 528 qui
471 480 589 517 studiis
608 481 679 518 laetz‘
697 491 826 519 tenuere
844 483 979 526 decoris,

288 530 392 580 Inque
411 533 593 570 Academia
612 534 807 581 umbrifera,
828 536 992 586 nitidoque
1014 536 1117 585 Lyceo

290 583 459 621 Fuderunt
479 587 756 635 alarasfaecundi
771 590 908 639 pectoris
927 596 1028 625 artes.

290 637 323 673 E
341 638 460 686 quibus
476 649 621 689 ereptum
637 641 742 689 primo
749 642 827 688 jam
847 655 869 678 a
876 642 966 689 flore
973 643 1146 688 juventae,

293 691 338 726 Te
352 693 470 740 patria
487 693 520 728 in
536 693 643 730 media
659 694 828 731 virtutum
846 695 926 732 mole
943 695 1080 732 locavit.

294 743 344 779 Tu
364 753 474 781 tamen
492 747 665 794 anxffieras
684 761 781 785 curas
802 749 942 799 requiete
960 749 1109 791 relaxas,

296 796 395 846 Quod
401 801 531 848 patriae
548 813 640 836 voces
658 800 776 837 studiis
795 802 949 852 nobisque
965 802 1121 844 sacrasti,

343 850 382 886 N
388 863 454 889 ολ.
475 866 513 902 p.
529 858 593 900 97.
614 867 648 890 a.
668 855 722 890 ed.
742 856 876 902 Merc.)
899 858 1009 906 Atque
1028 855 1137 891 animo
1148 853 1291 904 pendens
1308 852 1409 890 noctis
1426 860 1547 890 eventa
1565 851 1715 890 timebat.

714 939 779 979 M.
801 940 984 980 TULLII
1011 939 1293 980 CICERONIS
1400 1001 1405 1002 ⁷

567 1019 571 1021 ’
629 1017 719 1058 DE
763 1018 894 1059 SUO
938 1017 1382 1070 CONSULATU,

899 1095 1114 1136 LIB.III.

346 1174 437 1210 Csc.
458 1181 493 1211 2.
517 1175 614 1220 Att.)
646 1177 777 1213 Interea
795 1190 921 1221 cursus,
940 1191 1018 1228 quos
1031 1177 1144 1228 prima
1163 1191 1185 1214 a
1200 1184 1298 1228 parte
1305 1177 1481 1224 juventae,

293 1229 452 1278 ..Quosque
470 1227 549 1265 adeo
568 1230 681 1266 consul
695 1231 838 1273 virtute,
859 1230 1030 1281 animoque
1041 1232 1168 1281 petisti,

296 1281 365 1317 Hos
383 1281 496 1324 retine,
515 1292 617 1333 atque
634 1285 882 1333 augefamam,
902 1284 1098 1335 laudemque
1118 1284 1284 1322 bonorum.

713 1372 779 1412 M.
801 1372 984 1412 TULLH
1016 1369 1298 1411 CICERONIS

616 1450 703 1491 DE
741 1450 893 1491 SUIS
934 1447 1402 1489 TEMPORIBUS.

348 1529 553 1577 Omnem.)
594 1531 725 1568 Cedant
744 1544 842 1568 arma
861 1542 960 1580 togae.
988 1528 1143 1567 concedat
1163 1529 1280 1565 laurea
1298 1527 1407 1565 laudi.

349 1583 556 1631 QUINCT.)
596 1585 855 1633 Ofortunatam
876 1593 994 1621 natam
1015 1596 1064 1619 me
1083 1582 1209 1619 consule
1229 1581 1397 1618 Romam!

716 1669 781 1708 M.
802 1668 985 1709 TULLII
1016 1665 1300 1706 CICERONIS

666 1745 890 1788 ELEGIA
933 1752 951 1777 8
972 1743 1362 1786 TAMELASTIS.

353 1827 527 1863 §munus
549 1825 585 1862 in
604 1826 684 1862 Ecl.
704 1827 736 1870 1,
755 1825 837 1871 58.)
869 1827 949 1863 Jam
978 1838 1070 1861 mare
1097 1823 1302 1873 Tyrrhenum
1327 1823 1422 1873 longe
1443 1823 1640 1874 penitusque
1657 1834 1725 1875 pa-

986 1877 1109 1914 lumbes

873 1932 1047 1983 Relliqnit.

353 1985 462 2024 Aue.
482 1986 507 2022 l.
524 1993 561 2024 5.
580 2000 613 2024 c.
628 1992 664 2024 8.
685 1985 819 2033 Civit.)
852 1985 950 2023 Tales
966 1994 1044 2022 sunt
1063 1983 1228 2022 hominum
1244 1991 1376 2026 mentes,
1395 1983 1504 2033 qualis
1518 1991 1616 2033 pater
1633 1984 1699 2033 ipse

852 2040 988 2090 Jupiter
1006 2038 1188 2086 auctiferas
1207 2037 1373 2074 lustravit
1390 2037 1512 2074 lumine
1530 2044 1648 2073 terras.

723 2123 788 2164 M.
808 2123 993 2164 TULLII
1026 2120 1311 2162 CICERONIS

678 2201 1009 2245 JOCULARIS
1056 2200 1360 2242 LIBELLUS.

360 2285 545 2322 Qumc'r.
570 2284 682 2327 VIII,
707 2285 819 2332 extr.)
858 2282 1028 2373 Fundunji
1050 2283 1154 2319 Varro
1185 2288 1300 2325 vocat,
1333 2294 1427 2332 quem
1453 2282 1576 2333 possim
1605 2284 1738 2323 mittere-

925 2336 1000 2385 fun
1026 2349 1061 2378 a,

866 2389 917 2427 Ni
936 2400 1046 2427 tamen
1064 2388 1236 2434 exciderit,
1254 2401 1323 2439 qua
1342 2401 1432 2425 cava
1437 2388 1558 2438 funda
1568 2397 1679 2441 patet.

375 2508 392 2531 ι
418 2497 603 2541 Tamelastis]
621 2500 751 2531 Variam
765 2499 797 2531 in
813 2499 875 2529 hoc
892 2499 1022 2530 nomine
1039 2498 1108 2529 fibri
1124 2505 1199 2530 vett.
1216 2508 1245 2530 v.
1263 2498 1372 2529 Burm.
1389 2499 1428 2529 ad
1443 2496 1588 2530 Servium
1603 2499 1625 2530 1.
1641 2510 1674 2536 c⁸⁷
