1844 3202
639 135 1044 174 FRAGMENTA.
1478 143 1555 185 903

176 246 310 288 Non.
341 242 620 296 Dominatus.)
654 243 805 300 Quid?
838 251 939 284 tunc
969 257 1069 283 cum
1099 256 1143 283 es
1173 242 1319 294 iratus,
1350 244 1559 299 permittis

122 302 183 345 illi
205 302 428 344 iracundiae
451 299 714 341 dominatum
737 298 865 341 animi
889 299 948 340 tui
970 300 983 339 ?

178 360 312 401 NON.
332 357 517 409 Anima.)
543 358 659 412 Ergo
678 372 762 398 non
785 356 984 412 probares
1005 353 1184 395 consilio
1205 354 1330 410 pulso
1348 356 1558 409 libidines,

121 431 216 471 quae
248 424 344 456 sunt
373 414 713 463 innumerabiles,
745 412 994 463 iracundias,
1023 421 1063 452 4.
1093 426 1187 466 quae
1219 421 1375 453 terrent
1401 415 1559 455 omnia.

121 474 218 527 Ego
238 485 333 511 vero
354 469 457 510 nihil
479 470 560 511 isto
582 471 741 520 animo,
763 469 868 511 nihil
889 469 948 510 ita
966 469 1154 510 animato
1175 468 1349 509 homine
1369 470 1562 511 miserius

123 528 336 569 ducerem.

178 585 224 626 N
227 598 310 625 ON.
333 583 544 635 Imitare.)
579 582 776 639 Denique
802 583 891 639 ipsa
920 590 1067 623 natura
1090 596 1174 622 non
1195 581 1387 622 invitaret
1407 581 1562 634 solum,

125 639 200 681 sed
222 640 347 680 etiam
371 649 561 695 cogeret.

179 698 420 748 FRONTo.)
448 696 608 752 Populo
628 696 868 752 gratificans
887 705 928 737 et
949 695 1099 746 aliena,
1119 703 1160 735 et
1183 709 1273 736 sua.

182 754 214 794 F
220 755 424 806 RON‘ro.)
450 754 544 794 Nec
563 768 659 794 vero
682 753 764 794 'am
786 768 884 794 meo
906 752 1076 793 nomine
1097 751 1293 792 abstinet.

178 810 312 852 NON.
348 809 607 850 Hor-rendum
643 825 667 850 α
725 809 915 863 horrido.)
954 808 1037 850 Sed
1073 817 1120 849 ut
1156 808 1241 860 ille,
1274 808 1346 865 qui
1381 806 1564 863 navigat,

124 881 224 909 cum
243 866 384 908 subito
401 880 516 907 mare
537 866 668 922 coepit
688 866 944 908 horrescere.

182 923 351 965 MACR.
381 922 450 964 lib.
480 922 529 965 de
559 922 766 979 different.
795 931 835 965 et
869 921 1128 964 societatibus
1164 920 1306 963 Groecz’
1340 921 1566 977 Latinique

124 979 264 1032 verbi.)
289 980 489 1022 Libenter
513 980 604 1031 tibi,
628 980 747 1031 Laeli,
768 981 830 1022 uti
860 995 958 1022 eum
986 979 1212 1031 desideras,
1233 978 1431 1034 equidem
1460 993 1563 1019 con-

124 1051 305 1078 cessero.

814 1145 867 1169 Ex

549 1204 822 1246 M.T01.1.11
849 1203 1135 1246 CICERONIS

476 1280 519 1322 D
550 1281 587 1321 E
647 1281 683 1322 R
715 1282 749 1321 E
780 1281 810 1321 P
843 1281 884 1321 U
915 1281 950 1321 B
984 1281 1021 1321 L
1052 1281 1071 1320 Ι
1105 1279 1143 1320 C
1173 1279 1214 1320 A

733 1361 876 1401 Lmn.
902 1361 960 1400 ΙΙ.

184 1437 262 1478 ΝΟ
272 1450 317 1477 Ν.
339 1434 598 1488 Exsultare.)
623 1437 700 1477 Est
728 1435 858 1492 igitur
886 1435 1088 1492 quiddam
1111 1435 1403 1478 turbulentum
1426 1435 1468 1477 in
1489 1436 1568 1478 ho·

128 1493 313 1592 rfninibus
345 1491 536 1548 singulis,
566 1492 682 1549 quod
713 1494 777 1534 vel
806 1492 988 1534 exsultat
1021 1492 1250 1548 voluptate,
1282 1493 1345 1534 vel
1374 1493 1571 1536 molestia

150 1559 353 1605 rangrtur.

185 1607 319 1648 NON.
348 1604 681 1659 Volutabundus.)
719 1605 889 1661 Cupido
909 1613 1068 1656 autem,
1089 1615 1133 1646 et
1163 1607 1391 1662 expetenti,
1412 1616 1455 1649 et
1474 1607 1571 1648 libi-

129 1663 296 1714 dinoso,
314 1672 357 1704 et
378 1661 667 1703 volutabundo
686 1663 728 1703 in
748 1663 1048 1718 voluptatibus.

187 1721 320 1761 Non.
351 1718 598 1772 Anaeitudo.)
632 1720 889 1776 Quantaque
915 1717 1116 1760 anxitudo
1145 1732 1279 1774 prona
1306 1719 1360 1761 ad
1390 1719 1572 1771 luctum,

131 1786 175 1818 et
194 1790 392 1826 moerens,
413 1789 660 1832 semperque
679 1775 772 1831 ipsa
793 1791 837 1817 se
858 1775 1103 1817 sollicitans.

188 1834 322 1875 Non.
353 1833 503 1883 Timor,
532 1840 571 1873 et
606 1832 839 1887 timiditas.)
880 1843 914 1874 1.
950 1834 1052 1873 Esse
1079 1841 1221 1874 autem
1253 1848 1449 1890 angores,
1481 1848 1573 1877 esse

131 1889 301 1932 miseria
320 1888 509 1940 afflictas,
529 1899 657 1945 atque
677 1888 862 1946 abjectas
883 1889 1125 1940 timiditate,
1143 1898 1184 1931 et
1205 1889 1384 1945 ignavia.

187 1947 321 1988 NON.
355 1945 554 1999 Elidem.)
591 1956 629 1986 2.
657 1947 720 1987 Ut
754 1947 902 2003 auriga
934 1945 1130 1987 indoctus
1163 1961 1186 1987 e
1217 1962 1343 1989 curru
1378 1947 1573 1998 trahitur,

133 2003 336 2058 operitur,
358 2003 545 2053 eliditur,
564 2002 756 2043 laniatur.

189 2060 322 2100 NON.
347 2058 593 2114 Qffendere.)
628 2059 712 2100 Sed
743 2058 884 2100 imitor
912 2058 1151 2116 Archytam
1181 2060 1472 2112 Tarentinum,
1501 2060 1574 2118 qui

132 2130 231 2157 cum
254 2115 308 2157 ad
330 2116 469 2157 villam
490 2116 682 2167 venisset,
704 2125 747 2157 et
766 2117 910 2157 omnia
929 2115 1049 2157 aliter
1070 2115 1329 2158 offendisset.

160 2229 169 2237 .
191 2173 323 2236 NON.
344 2172 440 2213 urbs
459 2187 483 2214 α
504 2172 700 2226 civitate.)
735 2175 759 2200 ᾖ
778 2187 864 2229 quo
884 2182 1074 2224 auctore,
1095 2183 1136 2214 et
1157 2173 1346 2229 principe
1367 2173 1575 2216 vocitatur

133 2238 294 2270 c1v1tas.

190 2285 323 2326 NON.
343 2284 588 2338 Modicum.)
623 2285 774 2327 Statuo
804 2300 895 2326 esse
924 2286 1085 2341 optime
1111 2285 1385 2327 constitutam
1407 2301 1577 2343 rempu-

134 2340 305 2391 blicam,
335 2357 429 2398 quae
460 2356 511 2383 ex
540 2341 673 2383 tribus
703 2343 931 2397 generibus
961 2342 1058 2393 illis,
1085 2353 1124 2385 3.
1146 2342 1292 2398 regali,
1323 2343 1502 2399 optim0‚
1533 2354 1578 2385 et

135 2396 330 2453 populari
360 2397 538 2440 confusa
567 2398 750 2449 modice,
783 2414 858 2440 nec
888 2399 1103 2455 puniendo
1134 2400 1269 2441 irritet
1289 2400 1478 2441 animum
1498 2401 1579 2441 im-

137 2468 307 2495 manem
339 2469 387 2495 ac
417 2456 568 2506 ferum,
598 2470 675 2497 nec
705 2456 850 2497 omnia
877 2456 1254 2512 praetermittendo,
1275 2456 1444 2508 licentia
1468 2457 1577 2498 cives

137 2510 365 2552 deteriores
383 2511 544 2553 reddat.

194 2567 252 2609 D.
275 2566 405 2608 AUG.
427 2567 496 2608 lib.
517 2578 555 2609 2.
578 2583 611 2608 c.
633 2579 698 2609 21.
723 2568 862 2621 Civit.)
896 2570 959 2611 Ut
980 2569 1022 2610 in
1045 2569 1213 2620 fidibus,
1234 2585 1282 2612 ac
1303 2569 1429 2619 tibiis,
1450 2578 1579 2625 atque

139 2634 268 2665 cantu
290 2624 395 2679 ipso,
418 2638 465 2665 ac
490 2625 664 2666 vocibus
683 2634 913 2667 concentus
934 2636 1000 2667 est
1018 2627 1190 2682 quidam
1213 2626 1418 2668 tenendus
1445 2639 1495 2666 ex
1514 2625 1579 2667 di-

140 2680 303 2722 stinctis
325 2680 452 2731 sonis,
472 2695 595 2736 quem
622 2682 912 2734 immutatum,
933 2697 982 2723 ac
1010 2683 1319 2739 discrepantem
1345 2697 1463 2723 aures
1484 2697 1581 2724 eru-

140 2736 240 2778 ditae
262 2737 370 2778 ferre
402 2752 487 2778 non
516 2749 710 2792 possunt,
732 2739 852 2794 isque
873 2750 1102 2782 concentus
1122 2755 1173 2781 ex
1203 2739 1581 2781 dissimillimarum

140 2807 293 2835 vocum
325 2792 615 2835 moderatione
644 2809 821 2836 concors
855 2803 996 2836 tamen
1029 2797 1208 2837 efficitur
1238 2805 1282 2836 et
1315 2810 1583 2850 congruens:

142 2850 202 2892 sic
232 2865 282 2892 ex
312 2850 505 2902 summis,
526 2859 570 2892 et
598 2851 766 2903 infimis,
787 2862 831 2895 et
859 2852 1010 2894 mediis
1031 2852 1261 2909 interjectis
1281 2853 1516 2904 ordinibus,
1537 2861 1586 2896 ut
