1844 3202
301 124 392 167 ,910
671 119 730 159 M.
758 120 973 158 TULLII
1009 120 1344 159 CICERONIS

370 228 428 268 D.
450 227 579 269 Aue.
602 225 672 268 lib.
693 237 730 268 2.
754 239 840 283 cap.
866 236 926 268 14.
953 228 1092 280 Civit.)
1135 228 1207 269 Ad
1237 244 1345 285 quos
1376 243 1472 270 cum
1503 230 1744 273 accessisset

317 284 493 335 clamor,
511 293 554 324 et
582 284 831 339 approbatio
862 284 1023 339 populi,
1045 286 1161 339 quasi
1191 285 1334 341 magni
1356 286 1589 342 cujusdam,
1611 297 1652 328 et
1681 302 1746 328 sa-

316 340 468 396 pientis
489 340 695 395 magistri,
716 355 817 396 quas
839 340 899 381 1111
925 340 1147 382 obducunt
1166 343 1356 383 tenebras
1378 343 1391 382 ?
1425 357 1531 398 quos
1551 344 1748 386 invehunt

317 405 456 438 metus
475 398 488 437 ?
522 411 623 451 quas
643 397 903 437 inflammant
922 395 1201 451 cupiditates?

374 453 505 494 Nox.
529 453 730 508 Fingere.)
764 454 858 507 Ego
878 467 975 493 vero
995 452 1160 504 eodem,
1182 467 1266 509 quo
1285 453 1355 494 ille
1376 455 1615 496 Homerum
1636 455 1748 497 redi-

318 510 472 551 mitum
503 509 682 559 coronis,
704 518 746 549 et
775 508 1015 549 delibutum
1045 510 1288 564 unguentis,
1307 511 1463 552 emittit
1492 526 1541 553 ex
1562 526 1611 553 ea
1631 512 1750 564 urbe,
1784 550 1787 552 .

317 581 446 623 quam
468 566 556 620 ipse
577 565 654 605 sibi
675 565 809 619 fingit.
1506 562 1511 569 '

378 621 610 662 MARCEL.
635 620 704 661 lib.
724 622 806 673 30.)
854 620 1051 676 Cumque
1081 619 1185 661 nihil
1214 628 1298 662 13111
1336 622 1624 680 incorruptum
1660 637 1751 665 esse

321 677 473 719 debeat
505 677 546 716 in
576 677 803 732 republica,
825 692 950 733 quam
974 677 1237 732 suffragium,
1259 693 1386 733 quam
1406 683 1633 723 sententia:
1665 695 1749 721 non

321 734 531 789 intelligo,
561 748 649 783 cur,
681 734 752 789 qui
782 748 831 774 ea
860 733 1038 789 pecunia
1066 735 1311 790 corruperit,
1342 750 1467 790 poena
1495 737 1646 793 dignus
1667 736 1751 787 sit3

323 791 396 847 qui
423 790 678 845 eloquentia,
706 789 872 830 laudem
905 790 1030 830 etiam
1050 790 1168 831 ferat.
1229 790 1343 832 Mihi
1363 793 1531 847 quidem
1555 794 1633 835 hoc
1657 793 1753 848 plus

324 847 425 888 mali
445 847 582 887 facere
610 846 789 897 videtur,
818 846 891 909 qui
921 846 1124 897 oratione,
1153 861 1281 902 quam
1303 848 1372 903 qui
1403 849 1538 903 pretio
1562 850 1753 906 judicem

323 902 573 957 corrumpit,
603 902 720 958 quod
743 916 921 958 pecunia
947 917 1213 958 corrumpere
1238 904 1489 960 prudentem
1511 921 1636 948 nemo
1657 915 1755 962 pot·

323 969 402 1009 est,
423 959 602 1000 dicendo
621 968 775 1014 potest.

380 1016 514 1057 NON.
545 1016 734 1070 Impurus
763 1021 803 1056 et
833 1013 1054 1067 immanis.)
1095 1017 1121 1041 ''ss
1143 1015 1228 1056 Sed
1252 1015 1463 1072 juventuti
1492 1026 1645 1059 nostrae
1675 1018 1756 1059 1111.

326 1072 439 1113 1111116
457 1071 702 1113 audiendus.
761 1071 929 1128 Quippe
951 1071 984 1112 si
1003 1071 1062 1112 ita
1081 1072 1223 1122 sensit,
1246 1082 1294 1113 ut
1319 1072 1521 1129 loquitur,
1541 1083 1604 1116 est
1625 1074 1757 1116 homo

326 1127 518 1184 impurus
537 1145 547 1169 z
579 1128 642 1169 sin
660 1128 792 1178 aliter,
812 1127 927 1184 quod
948 1127 1074 1179 malo,
1094 1128 1229 1169 oratio
1245 1138 1310 1169 est
1329 1137 1471 1171 tamen
1492 1130 1700 1172 immanis.

383 1186 517 1227 NON.
544 1184 804 1241 Ignominia.)
841 1184 1038 1226 Censoris
1065 1184 1276 1241 judicium
1307 1185 1410 1227 nihil
1442 1187 1529 1228 fere
1558 1187 1759 1229 damnato

317 1242 462 1292 affert,
484 1242 562 1283 nisi
588 1242 801 1283 ruborem.
860 1242 1010 1297 Itaque
1032 1241 1131 1297 quia
1149 1241 1287 1283 omnis
1316 1256 1365 1282 ea
1396 1242 1595 1284 'udicatio
1623 1257 1760 1284 versa-

322 1309 401 1340 1tur
420 1298 716 1340 tantummodo
749 1297 790 1339 in
811 1298 997 1351 nomine,
1015 1297 1320 1340 animadversio
1353 1258 1424 1341 illJa
1444 1300 1678 1356 ignominia
1696 1300 1760 1342 di·

330 1364 398 1397 cta
416 1365 494 1397 est.
1747 1381 1750 1384 ·

386 1412 503 1453 Non.
538 1411 617 1453 Ubi
648 1411 811 1453 dativus
840 1421 918 1467 pro
950 1410 1208 1464 accusativo.)
1257 1412 1353 1454 Nec
1385 1425 1483 1453 vero
1513 1412 1762 1457 mulieribus

329 1469 554 1525 praefectus
579 1477 861 1524 praeponatur,
882 1468 955 1525 qui
988 1468 1099 1524 apud
1122 1469 1294 1510 Graecos
1315 1469 1446 1510 creari
1467 1468 1589 1521 solet,
1609 1469 1682 1511 sed
1707 1470 1762 1512 sit

331 1540 497 1576 censor,
516 1526 590 1581 qui
610 1525 718 1566 viros
739 1525 890 1566 doceat
910 1524 1118 1566 moderari
1137 1525 1354 1566 uxoribus.

386 1583 519 1623 NON.
543 1581 812 1634 Temulenta.)
846 1582 1056 1637 Magnam
1074 1580 1202 1622 habet
1222 1581 1304 1623 vim
1325 1580 1543 1637 disciplina
1561 1595 1759 1623 verecun-

331 1638 427 1680 diae.
447 1648 589 1679 carent
609 1646 769 1679 temeto
789 1652 935 1679 omnes
954 1637 1163 1679 mulieres.

388 1695 521 1737 NON.
545 1694 704 1747 Fama.)
744 1695 888 1750 Atque
915 1694 1044 1736 etiam
1062 1694 1183 1750 siqua
1211 1703 1301 1735 erat
1319 1694 1495 1743 famosa,
1525 1693 1564 1735 ei
1593 1693 1765 1750 cognati

335 1752 528 1793 osculum
550 1766 634 1792 11011
654 1751 856 1792 ferebant.

392 1809 525 1850 NON.
550 1808 742 1862 Clepere.)
765 1809 868 1849 Non
888 1806 1019 1848 modo
1038 1815 1087 1850 ut
1107 1807 1286 1864 Spartae,
1304 1821 1448 1864 rapere
1475 1806 1549 1849 ubi
1571 1805 1705 1863 pueri,
1724 1814 1767 1854 61

335 1864 702 1920 616116161115611111.

394 1922 508 1963 SER'
533 1923 559 1975 .)
604 1920 735 1976 Apud
765 1921 941 1961 Graecos
972 1920 1203 1976 opprobrio
1235 1920 1316 1962 fuit
1350 1919 1700 1972 adolescentibus,
1733 1919 1764 1972 s}

338 1987 546 2020 amatores
566 1993 651 2019 non
671 1978 887 2018 haberent.
1746 2002 1750 2006 .

395 2036 472 2076 No
482 2049 528 2076 N.
542 2034 737 2090 Jurgz'am
754 2048 778 2074 a
795 2033 898 2085 lite.)
922 2033 1140 2084 Admiror‚
1159 2047 1235 2075 nec
1255 2046 1393 2075 rerum
1417 2033 1569 2084 solum,
1585 2032 1658 2074 sed
1679 2047 1768 2075 vei:-

338 2092 492 2134 borum
525 2091 652 2132 etiam
686 2090 955 2145 elegantiam,
986 2090 1022 2132 si
1045 2091 1221 2147 jurgant
1257 2091 1426 2146 [inquit]
1468 2089 1769 2131 benevolorum

339 2148 612 2196 concertatio,
633 2162 716 2188 11011
736 2146 787 2188 lis
812 2146 1301 2203 inimicorum,jurgium
1323 2146 1488 2188 dicitur.

398 2205 532 2246 NON.
552 2203 674 2256 Ihid.)
706 2204 886 2259 ,Iurgare
905 2203 1034 2259 igitur
1053 2203 1120 2248 lex
1144 2212 1267 2259 putat
1294 2203 1401 2245 inter
1425 2216 1469 2247 se
1495 2202 1666 2256 vicinos,
1688 2217 1772 2251 non

338 2260 520 2315 litigare.

401 2318 534 2358 NON.
567 2315 823 2368 Petulantia,
862 2316 1124 2370 Procadtas.)
1178 2317 1327 2373 Itaque
1364 2330 1389 2358 a
1426 2314 1611 2371 petendo
1648 2324 1773 2371 petu-

343 2372 489 2424 lantia,
524 2387 549 2414 a
579 2372 811 2429 procandO,
841 2372 884 2414 id
921 2381 1000 2424 est,
1032 2372 1262 2429 poscendo,
1291 2371 1523 2428 procacitas
1559 2372 1776 2430 nominata

342 2439 423 2473 est.

402 2487 534 2528 NON.
557 2485 706 2539 Fides.)
741 2485 862 2526 Fides
887 2484 1000 2527 enim
1020 2497 1174 2528 nomen
1203 2484 1342 2540 ipsum
1372 2483 1476 2526 mihi
1506 2483 1669 2527 videtur
1697 2484 1774 2527 ha·

343 2542 461 2593 bere,
476 2556 575 2583 cum
595 2543 655 2593 fit,
676 2542 789 2597 quod
809 2541 975 2583 dicitur.

403 2600 536 2641 Non.
556 2598 927 2650 Blandimemum.)
963 2598 1013 2638 In
1040 2596 1128 2639 cive
1152 2597 1332 2647 excelso,
1358 2604 1484 2654 atque
1508 2596 1680 2639 homine
1701 2612 1778 2639 no-

345 2654 438 2707 bili,
467 2654 732 2707 blanditiam,
759 2653 1099 2709 ostentationem,
1119 2653 1392 2696 ambitionem
1423 2663 1566 2695 notam
1596 2668 1687 2696 esse
1714 2653 1776 2696 le-

346 2712 501 2753 vitatis.

405 2769 539 2811 NON.
559 2766 770 2819 Portitor.)
804 2766 923 2811 Nolo
951 2766 1061 2808 enim
1093 2765 1274 2810 eundem
1304 2765 1524 2822 populum,
1555 2764 1779 2822 imperato-

348 2836 453 2876 rem,
485 2834 530 2867 et
560 2825 811 2882 portitorem
842 2837 934 2866 esse
964 2831 1197 2867 terrarum:
1240 2824 1452 2880 optimum
1482 2830 1624 2864 autem
1658 2831 1703 2864 et
1735 2821 1778 2865 111
