1844 3202
642 113 718 149 DE
755 110 1064 160 AMICITIA.
1491 112 1576 153 819.

140 219 299 263 tissime
328 219 510 273 vixerat,)
552 227 740 274 lquanta
768 217 987 258 hominum
1019 225 1127 258 esset
1155 216 1217 258 vel
1246 215 1482 266 admiratio,
1504 212 1566 255 vel

141 277 321 333 querela.
383 279 529 332 Itaque
559 283 648 315 tum
681 273 879 323 Scaevola,
909 287 1007 314 cum
1038 273 1080 313 in
1110 287 1200 314 eam
1232 272 1362 326 ipsam
1385 271 1601 312 mentio-3

141 348 235 375 nem
270 334 495 381 incidisset,
514 330 707 386 exposuit
738 330 857 370 nobis
889 343 1122 370 sermonem
1155 328 1270 369 Laelii
1299 327 1349 368 de
1371 327 1567 376 amicitia,

142 389 332 432 habitum
355 391 406 431 ab
425 388 497 429 illo
519 402 676 438 secum,
698 396 740 427 et
770 401 865 427 cum
898 386 1027 426 altero
1053 400 1211 450 genero
1234 385 1285 425 C.
1306 383 1478 432 Fannio,
1504 383 1568 422 M.

142 446 186 487 F.
206 446 349 501 paucis
370 445 516 486 diebus
548 452 644 497 post
675 452 854 484 mortem
885 442 1089 483 Africam.
1148 442 1250 498 Ejus
1272 437 1568 496 disputationis
1582 445 1676 480 p.95.

140 502 363 542 sententias
394 501 608 541 mcmoriae
639 499 858 540 mandavi:
891 513 994 554 quas
1025 498 1105 540 hoc
1135 499 1242 540 libro
1273 495 1445 552 exposui
1473 508 1569 536 meo
1583 494 1612 514 ³·

140 557 355 598 arbitratu.
377 557 493 612 quasi
514 557 625 598 enim
646 556 757 612 ipsos
779 555 922 597 induxi
955 555 1190 611 loquentes,
1212 569 1278 610 ne,
1302 554 1494 608 Inquam,
1514 558 1571 600 et,

141 614 296 670 Inquit,
314 614 464 669 saepius
485 614 817 667 interponeretur
835 628 845 652 ε
876 622 1018 667 atque,
1039 621 1087 653 ut
1108 621 1322 667 tamquam
1345 624 1369 650 a
1389 621 1572 664 praesen-

138 670 251 711 tibus
281 684 423 711 coram
456 670 599 710 haberi
630 683 767 710 sermo
798 668 1017 709 videretur.
1079 668 1190 709 Cum
1218 668 1329 709 enim
1351 679 1462 720 saepe
1482 671 1608 704 nie-4

140 741 238 768 cum
273 741 435 782 agereS,
465 737 514 767 ut
545 727 597 767 de
631 725 814 766 amicitia
847 725 1070 766 scriberem
1100 720 1273 780 aliquid,
1309 722 1438 778 digna
1469 716 1575 762 mihi

139 797 204 824 res
234 798 330 824 cum
363 783 551 824 omnium
583 782 840 838 cognitione,
871 790 963 823 tum
994 791 1137 822 nostra
1166 779 1464 828 familiaritate,
1491 777 1575 817 visa

139 849 216 880 est.
278 840 424 894 Itaque
453 839 531 880 feci
566 854 647 880 non
671 838 834 888 invitus,
856 848 903 879 ut
922 836 1165 893 prodessem
1187 836 1331 878 multis
1351 845 1426 877 tuo
1450 847 1574 888 roga-

139 905 200 937 tu.
260 895 358 945 Sed,
380 905 426 936 ut
447 897 487 936 in
509 894 673 936 Catone
695 895 876 950 Majore‚
897 894 967 950 qui
989 903 1052 935 est
1079 895 1257 951 scriptus
1278 892 1328 934 ad
1360 902 1400 934 te
1429 891 1480 932 de
1510 904 1574 931 se·
1605 922 1608 926 .

141 961 324 1002 nectute‚
348 952 551 993 Catonem
585 950 727 992 induxi
757 965 897 992 senem
931 951 1230 1007 disputantem,
1253 950 1351 1006 quia
1380 947 1495 990 nulla
1518 946 1576 988 vi-

140 1008 317 1050 debatur
337 1009 472 1064 aptior
504 1023 695 1063 persona,
717 1023 809 1064 quae
838 1007 889 1049 de
920 1007 991 1049 illa
1020 1018 1142 1049 aetate
1168 1007 1426 1064 loqueretur,
1448 1017 1575 1061 quam

140 1065 246 1121 ejus,
267 1065 337 1120 qui
358 1074 402 1106 et
420 1065 653 1107 diutissime
674 1079 796 1105 senex
821 1065 982 1115 fuisset,
1005 1073 1047 1105 et
1079 1064 1120 1105 in
1143 1065 1232 1120 ipsa
1253 1070 1469 1104 senectute
1492 1075 1576 1115 prae

140 1123 290 1162 ceteris
311 1122 540 1163 floruisset:
574 1121 647 1172 sic,
670 1136 765 1162 cum
797 1122 1102 1176 accepissemus
1125 1136 1148 1161 a
1172 1121 1374 1175 patribus,
1397 1117 1578 1160 maxime

142 1177 458 1218 memorabilem
489 1179 540 1218 C.
564 1177 683 1218 Laelii
713 1188 753 1218 et
786 1178 828 1218 P.
851 1178 1057 1232 Scipionis
1086 1177 1412 1218 familiaritatem
1434 1175 1577 1223 fuisse,

141 1233 293 1274 idonea
327 1234 430 1274 mihi
461 1235 581 1275 Laelii
614 1248 793 1288 persona
824 1234 907 1274 visa
928 1243 1005 1283 est,
1028 1248 1121 1289 quae
1143 1233 1193 1274 de
1215 1232 1401 1274 amicitia
1420 1246 1468 1272 ea
1488 1231 1579 1286 ipsa

141 1290 378 1341 dissereret,
399 1305 492 1346 quae
513 1290 724 1346 disputata
744 1291 796 1331 ab
818 1305 869 1331 eo
892 1290 1150 1331 meminisset
1171 1290 1370 1331 Scaevola.
1431 1288 1577 1329 Genus

141 1358 283 1388 autem
305 1347 386 1388 hoc
418 1362 675 1397 sermonum,
697 1347 881 1402 positum
912 1347 952 1387 in
984 1347 1204 1388 hominum
1224 1358 1408 1387 veterum
1430 1354 1577 1386 aucto-

143 1404 282 1454 ritate,
312 1413 354 1445 et
384 1418 530 1445 eorum
561 1403 804 1454 illustrium,
831 1404 941 1459 plus,
972 1404 1113 1444 nescio
1145 1419 1231 1460 quo
1252 1411 1391 1458 pacto,
1418 1401 1580 1442 videtur

142 1459 297 1511 habere
317 1460 547 1515 gravitatis.
609 1460 757 1516 Itaque
788 1461 876 1516 ipse
899 1475 993 1501 mea
1012 1460 1173 1515 legens,
1195 1460 1253 1501 sic
1275 1458 1432 1499 afficior
1452 1458 1580 1502 inter-

142 1516 260 1568 dum,
282 1527 328 1566 ut
351 1516 573 1568 Catonem,
593 1531 678 1557 non
698 1532 765 1558 me
792 1517 908 1572 loqui
931 1516 1182 1557 existimem.
1243 1515 1324 1557 Sed
1347 1526 1393 1556 ut
1414 1525 1504 1555 tum
1527 1513 1616 1555 ads

142 1587 285 1614 senem
312 1588 436 1615 senex
457 1573 509 1614 de
530 1582 759 1624 senectute,
782 1574 840 1614 sic
860 1573 941 1614 hoc
962 1573 1071 1613 libro
1092 1573 1145 1614 ad
1176 1573 1357 1615 amicum
1379 1570 1583 1612 amicissi-

141 1644 237 1671 mus
267 1629 319 1671 de
348 1630 533 1671 amicitia
563 1630 723 1685 scripsi.
781 1631 890 1671 Tum
923 1638 986 1670 est
1021 1629 1130 1671 Cato
1162 1630 1346 1679 locutus,
1379 1643 1464 1684 quo
1495 1635 1584 1679 erat

143 1700 270 1736 nemo
302 1687 388 1728 fere
419 1687 557 1727 senior
588 1687 849 1741 temporibus
881 1686 977 1736 illis,
1009 1701 1134 1727 nemo
1166 1685 1439 1742 prudentior:
1472 1697 1583 1737 nunc

144 1742 317 1793 Laelius,
347 1752 389 1785 et
418 1744 581 1798 sapiens
616 1743 692 1795 (sie
723 1743 833 1783 enim
865 1752 927 1785 est
957 1742 1142 1796 habitus)
1169 1751 1211 1786 et
1229 1742 1425 1790 amicitiae
1446 1739 1584 1796 gloria

140 1799 367 1849 excellens,
388 1799 442 1840 de
461 1799 646 1851 amicitia
665 1799 867 1855 loquitur.
924 1800 990 1840 Tu
1020 1799 1144 1840 velim
1165 1799 1353 1840 animum
1376 1813 1400 1838 a
1420 1812 1487 1838 me
1508 1811 1582 1853 pa·

145 1870 317 1910 rumper
336 1864 511 1905 avertas,
534 1855 711 1896 Laelium
745 1855 861 1911 loqui
890 1856 1028 1911 ipsum
1051 1866 1188 1911 putes.
1250 1855 1302 1895 C.
1324 1855 1519 1904 Fannius,
1541 1862 1583 1908 et

141 1912 203 1968 Q.
229 1912 402 1956 Mucius
433 1911 484 1952 ad
515 1926 706 1953 socerum
737 1913 906 1953 veniunt
938 1922 1035 1967 post
1064 1922 1245 1954 mortem
1277 1911 1496 1952 Africani:
1528 1909 1581 1961 ab
1595 1921 1627 1953 b.

144 1967 209 2018 his
232 1982 369 2009 sermo
391 1969 537 2015 oritur.
559 1969 786 2024 respondet
806 1969 988 2010 Laelius:
1017 1971 1137 2025 cujus
1160 1978 1249 2010 tota
1269 1967 1498 2024 disputatio
1519 1975 1585 2008 est

138 2023 199 2072 ,de
219 2024 418 2075 amicitia,
440 2031 566 2080 quam
590 2025 736 2080 legens
757 2034 804 2066 tu
825 2035 867 2066 te
885 2027 973 2080 ipse
994 2039 1242 2080 cognosces.

204 2081 447 2130 Fsmmus.
479 2081 587 2128 Sunt
613 2082 706 2131 ista,
728 2081 846 2134 Laeli.
876 2096 953 2123 nec
982 2082 1093 2123 enim
1115 2082 1266 2123 melior
1286 2080 1344 2121 vir
1364 2081 1445 2122 fuit
1463 2079 1581 2121 Afri·
1596 2081 1626 2129 2

144 2151 251 2179 cano
281 2137 520 2193 quisquam,
551 2153 627 2180 nec
658 2138 822 2179 clarior.
853 2138 926 2179 sed
956 2139 1193 2180 existimare
1223 2137 1367 2188 debes,
1389 2136 1622 2188 omnium&

141 2194 292 2244 ‚oculos
314 2193 357 2234 in
390 2204 431 2235 te
450 2208 541 2235 esse
562 2194 778 2250 conjectos
799 2211 808 2235 ι
838 2210 969 2236 unum
993 2205 1036 2236 te
1055 2195 1287 2250 sapientem
1309 2203 1352 2235 et
1373 2194 1587 2250 appellant

148 2260 192 2291 et
220 2250 474 2300 existimant.
505 2251 769 2292 tribuebatur
799 2251 880 2292 hoc
911 2252 1041 2293 modo
1072 2253 1138 2294 M.
1162 2251 1330 2293 Catoni.
1356 2251 1512 2292 scimus
1532 2251 1585 2291 L.

149 2305 328 2347 Atilium
354 2307 466 2361 apud
499 2315 637 2362 patres
663 2317 828 2348 nostros
854 2308 1111 2364 appellatum
1135 2322 1224 2350 esse
1246 2308 1491 2363 sapientem.
1514 2305 1588 2348 sed

149 2370 327 2418 uterque
354 2363 438 2405 alio
469 2363 657 2419 quodam
692 2363 850 2405 modo:
879 2365 1052 2416 Atilius,
1084 2365 1182 2421 quia
1211 2364 1394 2420 prudens
1425 2378 1515 2405 esse
1546 2363 1588 2404 in

142 2417 240 2516 {ure
268 2418 376 2460 civili
399 2420 628 2475 putabatur
646 2437 655 2462 :
689 2419 816 2471 Cato,
837 2421 935 2476 quia
955 2421 1185 2463 multarum
1207 2435 1345 2462 rerum
1365 2436 1490 2463 usum
1512 2420 1587 2460 ha-

165 2475 306 2521 debat:
339 2475 473 2517 multa
497 2476 589 2532 ejus
621 2486 663 2519 et
692 2477 734 2518 in
765 2487 926 2529 senatu,
948 2488 991 2519 et
1019 2478 1062 2519 in
1082 2479 1190 2528 foro,
1210 2478 1274 2519 vel
1295 2478 1459 2534 provisa
1487 2491 1587 2532 pru-

148 2530 311 2582 denter,
343 2530 406 2576 vel
435 2541 528 2574 acta
555 2543 810 2586 constanter,
840 2535 903 2576 vel
931 2549 1134 2591 responsa
1166 2544 1302 2584 acute,
1334 2534 1587 2575 ferebantur.

151 2597 377 2644 propterea
402 2589 521 2644 quasi
552 2605 794 2647 cognomen
808 2592 898 2648 jam
922 2591 1106 2633 habebat
1127 2591 1170 2633 in
1190 2600 1404 2633 senectute
1424 2589 1588 2644 sapien·

150 2643 220 2693 tis.
251 2653 293 2686 te
319 2652 464 2698 ‚autem
493 2645 576 2699 alio
605 2647 791 2705 quodam
817 2648 966 2704 modo,
987 2663 1070 2690 non
1101 2649 1239 2690 solum
1263 2656 1411 2688 natura
1432 2656 1474 2686 et
1495 2659 1589 2686 mo-

200 2765 214 2790 1
236 2766 351 2800 quanta
381 2758 411 2789 Ιι.
437 2766 505 2791 esset
528 2759 582 2790 vel
603 2761 771 2799 admiratio,
801 2761 855 2792 vel
896 2769 1033 2800 merent,
1050 2772 1091 2794 ne
1107 2763 1180 2795 inde
1196 2770 1313 2802 magna
1329 2760 1414 2792 mala
1429 2767 1593 2791 nasceren-

155 2799 288 2843 querela]
311 2802 363 2833 Sc.
387 2812 482 2842 super
497 2802 624 2835 dissidio
639 2804 756 2837 horum
772 2806 852 2836 viro-
896 2810 958 2836 tur.

155 2853 241 2882 rum,
263 2845 318 2885 qui
340 2851 406 2877 tam
429 2845 524 2876 amici
546 2846 692 2885 fuissent,
716 2857 793 2879 eum
816 2849 853 2878 ti-

890 2900 1017 2942 3⁶4
