1844 3202
623 133 1025 177 FRAGMENTA.
1461 137 1532 185 961

112 246 290 289 honesta
312 247 452 304 jubet,
470 253 581 288 vetat
609 258 733 301 prava
762 253 804 285 et
833 244 1000 300 turpia:
1030 244 1097 286 cui
1122 252 1337 300 parentem
1364 245 1537 286 sanctis-

111 303 227 344 simae
246 318 294 345 ac
315 303 554 345 certissimae
575 302 695 357 Legi,
712 301 826 358 juste
845 315 894 342 ac
915 300 1105 356 legitime
1123 314 1290 341 necesse
1311 310 1374 341 est
1395 302 1538 342 vivere.

167 360 334 413 LAc'r.)
377 360 520 415 Atque
551 358 658 399 adeo
685 359 727 399 in
754 357 962 413 plerisque
985 357 1223 398 civitatibus
1245 356 1421 412 intelligi
1441 368 1537 411 pot—

110 423 175 455 est
212 415 410 457 acuendae
445 415 607 457 virtutis
643 414 794 470 gratia,
831 423 904 455 aut
941 427 1027 469 quo
1062 412 1261 456 libentius
1296 413 1537 467 reipublicae

111 483 238 512 causa
270 472 500 526 periculum
533 471 667 512 adiret
699 470 884 526 optimus
918 470 1109 525 quisque,
1146 469 1327 510 virorum
1365 468 1537 510 fortium

109 529 356 568 memoriam
380 527 538 568 bonore
559 527 733 568 deorum
754 525 1056 568 immortalium
1079 534 1380 567 consecratam.

168 583 390 635 FEs‘rus.)
425 586 449 610 ²*
471 593 718 625 ructaretur.

168 638 311 692 Idem.)
351 640 532 695 Tesqua.

167 695 407 748 QUINCT.)
448 696 530 737 Dic
560 695 663 736 mihi
693 708 837 751 quaeso
866 692 1162 748 Xenophontis
1191 707 1311 743 uxor,
1343 693 1376 734 si
1407 693 1540 734 vicina

110 758 183 791 tua
202 751 351 793 melius
379 752 532 793 habeat
555 767 719 802 aurum,
739 765 865 808 quam
888 760 936 791 tu
958 750 1101 800 habes,
1123 758 1319 790 utrumne
1339 750 1465 800 illius,
1485 763 1539 790 an

111 815 234 848 tuum
256 809 375 848 malis
394 809 407 848 ?
440 808 565 860 illius,
586 809 735 864 inquit.
794 806 939 849 Quid?
965 807 998 847 si
1018 816 1175 848 vestem
1196 816 1238 847 et
1257 815 1446 847 ceterum
1468 820 1535 846 or-

111 872 255 904 natum
278 865 527 906 muliebrem
550 864 670 919 pretii
693 863 862 920 majoris
884 863 1050 913 habeat,
1069 877 1198 918 quam
1228 871 1275 903 tu
1302 862 1446 915 habes,
1468 871 1537 903 tu-

111 934 251 970 umne,
274 935 324 961 an
345 921 455 962 illius
475 921 625 962 malis?
652 921 763 962 illius
785 934 896 971 vero,
922 919 1151 975 respondit.
1210 919 1365 974 Agesis
1387 919 1537 975 iuquit,

111 976 145 1016 si
181 977 312 1017 virum
350 977 419 1018 illa
456 977 671 1018 meliorem
710 977 877 1027 habeat,
909 990 1034 1032 quam
1072 984 1121 1016 tu
1158 975 1302 1026 habes,
1339 984 1538 1016 utrumne

111 1040 232 1073 tuum
257 1033 387 1073 virum
410 1033 546 1083 malis,
565 1048 616 1074 an
638 1033 749 1074 illius
769 1035 782 1075 Ρ
816 1032 901 1073 Hic
929 1032 1081 1074 mulier
1110 1032 1291 1083 erubuit,
1310 1041 1352 1072 et
1371 1031 1536 1073 merito.

111 1088 220 1129 male
259 1089 370 1129 enirn
412 1090 697 1145 responderat,
735 1103 778 1130 se
822 1088 948 1130 malle
988 1088 1171 1130 alienum
1206 1103 1370 1137 aurum,
1410 1102 1537 1144 quam

111 1158 249 1185 suum.
282 1159 376 1185 nam
407 1155 471 1186 est
501 1145 543 1186 id
572 1145 827 1201 improbum.
886 1145 947 1186 At
965 1145 999 1185 si
1019 1144 1315 1199 respondisset,
1336 1158 1380 1185 se
1412 1143 1538 1185 malle

108 1213 256 1241 aurum
288 1216 412 1242 suum
443 1201 525 1242 tale
555 1216 659 1252 esse,
689 1201 812 1257 quale
840 1200 945 1242 illud
975 1211 1111 1243 esset:
1150 1200 1357 1256 potuisset
1387 1200 1537 1256 pudice

111 1257 374 1311 respondere,
395 1258 521 1298 malle
549 1272 592 1298 se
619 1258 751 1298 virum
783 1272 905 1298 suum
937 1257 1062 1298 talem
1092 1271 1196 1308 esse,
1228 1257 1361 1313 qualis
1388 1256 1538 1298 melior

112 1321 235 1353 esset.
296 1313 452 1355 Exstat
473 1313 542 1354 lib.
566 1325 599 1354 1.
621 1314 669 1354 de
689 1314 845 1355 Inveni.
868 1322 956 1367 cap.
974 1322 1038 1354 31.

457 1402 530 1443 Ex
547 1403 785 1444 Ausomo
808 1401 856 1443 de
876 1401 1190 1459 RIonosyllabis.

165 1458 508 1567 Ξεὲὃρᾼιιῐειο.)
551 1514 672 1554 Plure
695 1513 817 1554 venit.

168 1569 372 1610 COLUM.
393 1568 460 1610 lib.
478 1579 516 1611 3.
540 1580 627 1624 cap.
648 1571 703 1623 8.)
746 1571 985 1611 Romanum
1021 1568 1149 1610 fuisse
1177 1567 1309 1610 civem
1339 1568 1534 1610 Naevium

109 1624 358 1676 Pollionem,
379 1626 485 1681 pede
504 1626 756 1682 longiorem,
779 1640 906 1681 quam
928 1638 1184 1681 quemquam
1204 1625 1515 1680 longissimum.

512 1715 800 1757 DONATUS
822 1714 864 1756 in
883 1715 968 1755 vita
990 1714 1181 1756 Terentii..

168 1782 400 1847 Comoedia.)
434 1784 510 1824 Est
526 1783 705 1824 imitatio
723 1783 831 1833 vitae,
847 1781 1066 1838 speculum
1084 1781 1412 1834 consuetudinis,
1427 1781 1533 1824 ima-

106 1853 164 1894 go
185 1848 381 1880 veritatis.

718 1918 766 1958 In
786 1916 920 1958 Andr.

164 1985 267 2026 Non
286 1985 423 2025 solum
443 1983 621 2042 videam,
642 1983 713 2024 sed
735 1984 861 2025 etiam
882 1983 1064 2034 audiam,
1085 1983 1292 2039 pleneque
1311 1983 1503 2031 sentiam.

165 2041 319 2082 GELL.
344 2039 413 2080 lib.
436 2050 494 2080 10.
517 2050 604 2094 cap.
629 2041 706 2091 18.)
749 2040 972 2080 Mausolus
993 2054 1063 2080 rex
1084 2049 1203 2080 terrae
1226 2039 1376 2080 Cariae.

164 2097 289 2160 Isrp.
309 2096 378 2137 lib.
401 2108 459 2147 19.
477 2106 563 2151 cap.
586 2097 636 2150 1.)
669 2097 790 2137 Tune
812 2110 855 2136 se
875 2096 1096 2152 fluctigero
1116 2095 1258 2146 tradit,
1279 2095 1532 2153 mandatque

134 2166 264 2193 arom.

104 2166 132 2207 p
163 2209 313 2249 LAc'r.
336 2207 403 2248 lib.
422 2217 460 2256 7.
483 2218 569 2262 cap.
589 2209 643 2260 8.)
685 2208 898 2265 Quoniam
927 2218 1104 2264 utraque
1134 2223 1276 2249 earum
1306 2209 1531 2249 sententia-

105 2278 200 2304 rum
227 2264 491 2305 doctissimos
522 2265 670 2306 habuit
698 2275 906 2316 auctores,
925 2279 1001 2306 nee
1024 2263 1125 2320 quid
1145 2264 1247 2306 certi
1269 2264 1337 2316 sit,
1358 2264 1530 2307 divinari

134 2329 257 2361 otest.

103 2333 131 2375 p
164 2376 301 2416 PLIN.
333 2375 401 2417 lib.
423 2384 461 2427 7.
495 2386 583 2431 cap.
602 2377 684 2431 43.)
730 2377 774 2418 P.
796 2376 1042 2420 Ventidium
1075 2376 1307 2419 mulionem
1343 2385 1527 2418 castren-

104 2445 192 2472 sem
216 2432 512 2473 suffarraneum
534 2433 675 2474 fuisse.

162 2487 275 2528 Idem
298 2487 367 2528 lib.
384 2498 448 2538 29.
471 2499 557 2544 cap.
574 2495 630 2541 4.)
665 2492 689 2517 'l‘
712 2489 907 2530 formicas
929 2488 1149 2544 solivagas.

149 2543 285 2640 dIbid.)
328 2544 517 2586 Mustela
543 2545 703 2588 catulos
732 2561 831 2587 suos
858 2545 1045 2602 quotidie
1072 2544 1279 2596 transfert,
1309 2554 1527 2601 mutatque

103 2613 147 2640 se
179 2614 260 2641 em.

161 2655 272 2697 Idem
294 2655 364 2695 lib.
380 2665 444 2697 30.
468 2667 554 2711 cap.
571 2661 626 2711 5.)
668 2657 882 2699 Animalia
900 2658 1078 2715 byturos
1098 2657 1251 2707 vocari,
1272 2657 1344 2715 qui
1363 2657 1464 2698 vites
1484 2657 1527 2698 in

105 2710 338 2767 Campania
357 2712 545 2754 erodant.

161 2768 271 2808 Idem
295 2767 363 2808 lib.
382 2778 446 2809 31.
470 2779 557 2823 cap.
576 2772 632 2820 2.)
679 2770 829 2812 Cicero
861 2770 903 2810 in
935 2768 1185 2810 admirandis
1210 2769 1365 2825 posuit,
1389 2769 1527 2811 Reati-

105 2824 168 2865 nis
188 2832 352 2866 tantum
372 2824 596 2881 paludibus
616 2826 796 2881 ungulas
811 2826 1103 2882 jumentorum
1126 2825 1323 2867 indurari.

845 2894 967 2936 30,3
