1844 3202
600 103 780 143 LIBER
815 103 1097 142 TERTIUS.
1487 105 1574 150 767-

127 210 302 270 aliquid‚
320 211 438 270 quod
467 210 570 254 utile
599 211 733 253 visum
764 219 842 262 est,
867 210 1057 266 arripuit,
1079 209 1123 251 id
1153 209 1356 252 continuo
1387 211 1566 254 secernit

127 270 183 311 ab
204 270 398 312 honesto.
455 269 568 311 Hinc
589 269 702 319 sicae,
724 267 823 309 hinc
847 281 1017 318 venena,
1038 266 1136 307 hinc
1156 273 1197 299 36
1215 267 1318 307 salsa
1337 277 1565 309 testamen·

126 334 173 367 ta
211 337 467 369 nascuntur:
501 325 655 366 ²³⁷hinc
694 325 818 375 furta,
854 325 1088 380 peculatus,
1126 323 1415 379 expilationes,
1452 324 1566 365 dire-

125 383 375 439 ptionesque
405 381 632 433 sociorum,
653 391 695 423 et
724 382 905 423 civium:
937 380 1035 422 hinc
1065 395 1195 435 opum
1227 379 1450 420 nimiarum
1484 395 1565 436 po-

125 440 268 481 tentiae
289 453 373 479 non
393 437 575 479 ferendae
595 456 604 480 :
636 448 851 493 postremo
870 437 998 478 etiam
1019 437 1060 478 in
1082 437 1224 478 liberis
1242 436 1480 477 civitatibus
1497 451 1563 477 re·

123 495 283 551 gnandi
314 495 518 536 exsistunt
547 495 813 551 cupiditates,
844 494 997 550 quibus
1030 493 1133 535 nihil
1164 508 1240 534 nec
1269 493 1449 544 taetrius,
1487 507 1564 534 nec

123 550 278 592 foedius
298 551 529 607 excogitari
561 561 715 608 potest.
736 551 1027 592 emolumenta
1049 551 1160 591 enim
1182 565 1321 591 rerum
1343 549 1564 591 fallacibus

117 606 293 664 judiciis
315 608 481 650 vident:
514 616 553 640 3⁸
568 623 752 664 poenam,
781 623 866 649 non
895 608 991 649 dico
1012 608 1173 664 legum,
1202 622 1306 663 quas
1335 620 1446 661 saepe
1466 620 1564 661 pcr-

123 673 342 719 rumpunt,
373 665 445 706 sed
474 665 605 721 ipsius
635 665 920 721 turpitudinis,
950 679 1044 720 quae
1074 664 1346 705 acerbissima
1375 672 1451 712 est,
1478 678 1562 704 non

122 721 276 762 vident.
317 722 611 764 Quamobrem
629 722 711 763 hoc
730 721 905 778 quidem
925 721 1247 762 deliberantium
1265 734 1400 776 genus
1421 727 1461 753 2³9
1471 719 1561 774 pel·
1574 731 1625 771 37

121 777 234 819 latur
262 792 286 819 e
315 778 458 820 medio
492 780 720 832 (estrcnim'
742 787 880 820 totum
913 778 1178 828 sceleratum,
1200 787 1244 818 et
1269 777 1466 832 impium)
1492 777 1565 832 qui

122 833 371 887 deliberant,
397 845 540 876 utrum
571 835 612 876 id
645 844 889 891 sequantur,
921 834 1036 891 quod
1066 834 1293 876 honesturn
1325 848 1415 874 csse
1445 841 1486 866 40
1502 833 1565 874 vi-

121 890 263 943 deant,
284 906 336 933 an
365 907 410 934 se
443 892 622 934 scientes
650 893 806 933 scelere
825 892 1114 933 contaminent
1133 908 1143 932 :
1173 891 1215 932 in
1236 891 1328 946 ipsa
1349 891 1459 931 enim
1483 889 1563 931 du-

120 947 327 990 bitatione
346 949 508 990 facinus
528 949 651 1001 inest,
671 948 836 990 etiamsi
864 948 917 989 ad
936 948 980 989 id
1008 963 1092 989 non
1112 947 1387 1004 pervenerint.
1446 949 1565 1003 Ergo

120 1017 172 1045 ea
191 1004 461 1047 deliberanda
476 1006 650 1047 omnino
669 1021 754 1047 non
775 1015 886 1055 sunt,
907 1005 949 1046 in
967 1005 1121 1061 quibus
1138 1013 1202 1045 est
1223 1004 1356 1101 turgis
1378 1004 1469 1060 ipsa
1489 1004 1564 1044 de-

120 1060 332 1103 liberatio.
348 1063 620 1119 atqueetiam
642 1077 691 1103 ex
707 1062 824 1103 omni
845 1061 1146 1103 deliberatione
1168 1061 1286 1102 celan
1321 1062 1333 1101 i
1353 1070 1397 1102 et
1416 1060 1563 1102 occul-

121 1118 239 1159 tandi
271 1133 380 1174 spes,
414 1119 645 1175 opinioque
677 1118 931 1160 removenda
963 1128 1042 1159 est.
1075 1118 1174 1159 satis
1203 1118 1316 1158 enim
1351 1117 1472 1158 nobis
1513 1118 1566 1172 (si

120 1174 252 1215 modo
286 1176 329 1216 in
367 1175 638 1231 philosophia
676 1175 835 1231 aliquid
875 1174 1148 1230 profecimus)
1186 1188 1435 1230 persuasum
1472 1185 1612 1219 esseb.

120 1230 262 1282 debet,
284 1231 318 1273 si
348 1246 495 1273 omnes
524 1233 626 1273 deos
656 1232 934 1287 hominesque
964 1231 1100 1272 celare
1124 1231 1352 1287 possimus,
1374 1230 1476 1271 nihil
1499 1239 1563 1272 ta·
1615 1254 1620 1257 -

120 1301 217 1329 men
249 1303 383 1339 avare,
413 1288 515 1330 nihil
545 1289 716 1345 injuste,
738 1289 842 1330 nihil
867 1288 1106 1337 libidinose,
1127 1287 1231 1329 nihil
1255 1287 1566 1329 incontinenter

121 1358 213 1385 esse
233 1345 486 1387 faciendum.
547 1347 661 1387 Hinc
682 1345 752 1386 ille
774 1346 921 1402 Gyges
954 1345 1169 1386 inducitur
1188 1359 1212 1385 a
1234 1344 1408 1385 Platone
1430 1361 1438 1386 :
1470 1344 1561 1400 qui,
1577 1343 1614 1396 9

120 1415 219 1448 cum
243 1410 350 1443 terra
378 1402 637 1444 discessisset
663 1402 829 1458 magnis
860 1401 1113 1458 quibusdam
1135 1401 1356 1451 imbribus,
1379 1401 1420 1441 in
1441 1401 1560 1442 illum
1575 1416 1626 1449 38

119 1457 284 1499 hiatum
319 1458 550 1510 descendit,
573 1473 822 1514 aeneumque
842 1474 1001 1514 equum
1027 1461 1092 1511 (ut
1112 1458 1254 1498 ferunt
1274 1457 1447 1508 fabulae)
1472 1458 1564 1498 ani-

119 1515 357 1566 madvertit,
378 1515 499 1572 cujus
520 1517 562 1557 in
580 1516 783 1557 lateribus
804 1516 914 1556 fores
935 1523 1099 1556 essent:
1133 1514 1288 1569 quibus
1309 1515 1461 1569 apertis
1484 1514 1565 1554 ho-

119 1572 245 1614 minis
267 1573 424 1614 mortui
446 1572 546 1614 vidit
566 1587 721 1628 corpus
741 1580 777 1604 41
795 1571 1090 1628 magnitudine
1111 1571 1322 1620 inusitata,
1340 1570 1566 1612 annulum-

120 1642 207 1685 que
231 1643 407 1671 aureum
436 1630 478 1670 in
507 1630 644 1684 digito
669 1647 678 1670 :
710 1644 836 1685 quem
858 1640 907 1670 ut
935 1628 1127 1679 detraxit,
1148 1628 1235 1682 ipse
1256 1627 1422 1668 induit:
1459 1630 1567 1682 (erat

118 1694 262 1727 autem
294 1686 435 1742 regius
468 1688 626 1742 pastor)
652 1696 744 1727 tum
767 1686 810 1726 in
829 1685 1060 1727 concilium
1082 1693 1302 1740 pastorum
1325 1697 1368 1724 se
1389 1684 1566 1739 recepit.

119 1741 194 1783 ubi
214 1756 312 1783 cum
343 1743 484 1798 palam
515 1743 605 1799 ejus
637 1742 781 1783 annuli
812 1742 866 1782 ad
896 1742 1080 1796 palmam
1107 1750 1381 1790 converterat,
1403 1755 1426 1781 a
1447 1740 1566 1782 nullo

119 1797 354 1850 videbatur,
376 1800 463 1855 ipse
483 1809 625 1840 autem
654 1800 798 1839 omnia
819 1798 1000 1839 videbat.
1031 1797 1144 1838 idem
1167 1811 1309 1838 rursus
1330 1796 1565 1848 videbatur,

118 1867 218 1896 cum
246 1863 285 1888 42
304 1856 347 1896 in
375 1856 515 1897 locum
547 1856 747 1897 annulum
780 1857 1017 1896 inverterat.
1078 1855 1228 1909 Itaque
1254 1853 1334 1895 hac
1356 1864 1565 1910 opportu-

118 1911 251 1954 nitate
280 1912 423 1954 annuli
455 1928 571 1960 usus,
602 1913 757 1967 reginae
790 1923 983 1967 stuprum
1015 1910 1172 1961 intulit,
1194 1924 1328 1966 caque
1358 1910 1566 1967 adjutrice

118 1982 264 2024 regem
296 1968 516 2011 dominum
551 1969 776 2020 interemit,
807 1977 845 2000 4²³
864 1967 1136 2023 sustulitque,
1167 1981 1276 2023 quos
1306 1967 1476 2008 obstare
1499 1982 1567 2008 ar-

119 2024 383 2067 bitrabatur:
418 2040 503 2066 nec-
525 2026 566 2066 in
598 2025 661 2066 his
693 2040 791 2067 eum
815 2026 1037 2081 quisquam
1062 2024 1322 2065 facinoribus
1343 2025 1484 2079 potnit
1504 2024 1565 2064 vi·

118 2081 233 2124 dere.
269 2082 329 2124 sic
360 2092 533 2138 repente
567 2083 710 2123 annuli
744 2082 948 2123 beneficio
984 2095 1057 2122 rex
1090 2090 1260 2121 exortus
1297 2090 1361 2121 est
1399 2080 1565 2136 Lydiae.

119 2139 250 2180 Hunc
278 2139 410 2194 igitur
441 2139 581 2195 ipsum
615 2138 818 2180 annulum
852 2139 886 2179 si
915 2138 1070 2179 habeat
1102 2137 1282 2193 sapiens,
1312 2136 1445 2178 nihilo
1469 2137 1566 2193 plus

118 2195 200 2236 sibi
230 2196 355 2237 licere
390 2206 513 2252 putet
544 2210 733 2251 peccare,
769 2210 897 2252 quam
934 2195 969 2236 si
1003 2209 1088 2235 non
1121 2194 1311 2235 haberet.
1370 2194 1567 2236 Honesta

118 2252 231 2294 enim
262 2252 385 2294 bonis
414 2253 524 2304 viris,
545 2267 630 2294 non
659 2253 829 2294 occulta
858 2260 1120 2309 quaeruntur.
1178 2252 1326 2307 Atque
1356 2250 1440 2292 hoc
1467 2251 1564 2293 loco
1578 2266 1629 2309 39

164 2370 205 2396 36
217 2365 307 2407 fitlsa
323 2366 505 2406 testamenta]
525 2368 676 2398 le.Cur,
696 2366 822 2396 testimo·
866 2365 1006 2403 visitata,
1037 2367 1115 2396 forte
1156 2365 1259 2396 voluit
1287 2367 1361 2397 dare
1396 2364 1567 2403 invisitata,

119 2408 170 2444 pia
186 2409 263 2439 item
287 2409 384 2440 Goth.
401 2412 455 2441 sed
470 2421 488 2441 a
505 2421 549 2441 m.
572 2420 635 2441 see.
650 2411 712 2441 suit
733 2412 822 2441 enim
865 2410 952 2449 quod
967 2410 1173 2448 praetulerim.

121 2458 294 2481 testamenta
306 2464 316 2481 .·
338 2455 424 2493 quod
439 2464 552 2484 verum
568 2460 624 2485 est.
909 2460 949 2483 42
973 2452 1003 2481 in
1019 2452 1110 2483 Iocum
1127 2450 1307 2491 inverterat]
1321 2451 1385 2483 Alii
1401 2452 1522 2482 habent
1537 2451 1568 2481 in

121 2497 129 2501 ’
162 2500 200 2530 37
227 2494 406 2536 hincficrtnj
423 2497 485 2528 Ms.
503 2498 578 2527 Cur.
591 2497 677 2528 addit
689 2495 822 2537 rapinae:
867 2495 969 2532 lucem,
988 2497 1074 2535 quod
1096 2497 1274 2535 exprimere
1295 2496 1407 2526 dicunt
1430 2495 1568 2525 Platonis

118 2538 174 2569 ‘sed
190 2538 220 2568 id
233 2539 302 2577 jam
317 2545 363 2569 est
379 2540 411 2569 in
427 2539 608 2580 direptiones.
861 2539 998 2569 verbum
1021 2538 1083 2575 ἔξω.
1127 2539 1318 2569 Ambrosius
1346 2540 1446 2568 citans
1476 2539 1567 2577 hunc

165 2587 205 2611 38
224 2588 341 2620 poenum
354 2581 461 2622 legum,
475 2594 546 2624 quas
561 2580 648 2623 s.p.]
667 2582 731 2613 Ms.
745 2582 821 2612 Cur.
862 2581 974 2612 locum
990 2582 1087 2612 habet
1102 2582 1133 2611 in
1153 2581 1244 2611 locum
1266 2593 1358 2611 suum.
1380 2591 1446 2611 non
1469 2581 1568 2611 male.

121 2623 237 2654 Duisb.
254 2631 284 2654 et
299 2624 350 2655 alii
375 2625 494 2656 habent
537 2637 613 2656 uam.
635 2625 731 2656 male.
748 2624 823 2665 leges
863 2625 918 2655 sed
934 2631 1041 2655 tamen
1058 2626 1227 2665 vulgatum
1244 2624 1360 2654 melius
1373 2631 1430 2654 est.
1446 2633 1523 2653 narn
1536 2630 1568 2654 et

120 2667 273 2698 dicuntur
282 2668 445 2707 perrumpi,
463 2678 492 2698 v.
537 2669 598 2699 lav.
614 2677 680 2699 non
695 2678 813 2708 poenae.
864 2667 940 2698 alibi
965 2675 1011 2699 est
1035 2668 1066 2698 in
1091 2668 1194 2702 Iocum,
1219 2667 1287 2704 Ioco,
1312 2668 1432 2697 omisso
1452 2675 1569 2705 prono·

166 2715 207 2742 39
223 2709 356 2750 pellatur
378 2723 392 2741 e
413 2709 516 2750 medio]
543 2711 606 2742 Ms.
623 2711 701 2742 Cur.
721 2710 823 2741 tollen·
865 2711 964 2742 mine.
980 2721 1038 2751 pro
1053 2711 1217 2741 inverterat
1232 2711 1308 2740 Cur.
1324 2715 1467 2739 verterat.

121 2751 190 2782 lum
205 2759 257 2783 est.
674 2775 679 2778 .
909 2760 948 2784 43
966 2754 1095 2793 sustulit]
1112 2755 1175 2784 Ms.
1189 2753 1288 2783 Goth.
1302 2753 1350 2782 ed.
1367 2752 1458 2791 Mog.
1471 2752 1570 2785 Rom.

166 2803 209 2827 40
231 2795 367 2835 videant]
390 2797 452 2827 Ms.
471 2796 547 2827 Cur.
563 2795 713 2827 videatur.
865 2796 999 2829 Mediol.
1015 2797 1089 2829 Ald.
1104 2795 1287 2838 sustulitque.
1303 2804 1370 2827 non
1386 2794 1482 2827 male.

165 2845 206 2870 ⁴1
230 2839 430 2880 magnitudine
451 2838 606 2880 inusitata]
633 2839 698 2871 Mn.
722 2839 821 2870 Goth.

823 2893 958 2936 3132
