1844 3202
619 109 1025 149 FRAGMENTA.
1448 118 1525 161 887

159 222 266 265 Cxe.
287 219 449 274 Bruto.)
471 218 538 261 Tu
556 218 680 269 istuc,
702 218 770 259 M.
788 217 942 268 Calidi,
961 217 1040 259 nisi
1060 217 1251 274 fingereS,
1270 219 1330 260 sic
1349 221 1526 275 ageres?

99 279 334 336 praesertim
354 291 451 319 cum
478 275 557 316 ista
576 274 818 331 eloquentia
835 273 1068 315 alienorum
1099 274 1320 317 hominum
1346 276 1531 330 pericula

99 336 323 378 defendere
361 331 560 376 acerrime
597 331 746 382 soleas,
777 340 899 373 tuum
941 330 1177 386 negligeres
1198 333 1210 372 ?
1263 332 1334 373 ubi
1373 331 1528 375 dolor?

99 393 172 435 ubi
193 392 318 434 ardor
334 388 460 432 animi
479 389 492 429 ?
525 388 598 444 qui
619 388 746 429 etiam
775 401 825 429 ex
845 387 1068 429 infantium
1087 387 1267 444 ingeniis
1287 388 1437 428 elicere
1457 404 1531 430 vo-

98 463 183 506 ces,
203 458 245 490 et
265 446 454 504 querelas
480 445 602 486 solet.
624 444 739 486 nulla
766 444 1026 501 perturbatio
1052 444 1207 496 animi3
1239 444 1355 486 nulla
1378 458 1530 500 corpo-

100 506 173 556 ris,
202 505 317 546 fr0ns
347 517 432 544 non
463 515 674 557 percussa,
698 516 782 544 non
811 501 963 553 femur,
993 500 1112 557 pedis
1146 501 1279 558 (quod
1309 500 1531 543 minimum

99 561 179 614 est)
204 560 321 602 nulla
345 559 579 615 supplosio.
612 558 754 615 itaque
785 561 966 614 (tantum
999 558 1147 609 abfuit,
1174 567 1223 600 ut
1253 558 1532 599 inflammares

100 627 268 659 nostros
288 616 468 669 animos)
494 630 690 657 somnum
708 616 790 657 isto
809 614 906 658 loco
926 616 991 657 vix
1011 615 1273 657 tenebamus.

157 675 289 715 Non.
307 672 422 729 logi.)
458 674 553 728 Ego
573 682 614 714 te
636 680 751 714 certo
779 672 882 725 scio,
902 686 1046 714 omnes
1071 671 1211 729 logos,
1231 671 1306 729 qui
1328 669 1439 713 ludis
1467 668 1531 712 di·

99 729 157 773 cti
176 738 288 782 sunt,
307 728 661 771 animadvertisse.

159 786 350 840 CARls.)
376 787 691 828 Poematorum.

518 942 571 983 L.
601 874 854 983 OTHoigi:
885 941 1004 984 Orat.
1035 943 1115 984 XI.

155 1011 396 1064 FRON‘ro.)
425 1009 510 1051 Hic
531 1009 566 1051 si
586 1023 631 1051 se
651 1008 770 1051 istius
791 1009 867 1051 viae
888 1009 1086 1052 dedisset.

298 1099 1059 1208 PROSCRIPTORUMDEIBERIS
1091 1168 1210 1210 Orat.
1239 1170 1343 1211 XII.

159 1234 380 1291 Qumc'r.
402 1234 431 1274 l.
457 1245 516 1275 11.
539 1248 572 1274 c.
599 1235 648 1286 1.)
675 1232 791 1289 Quid
813 1233 923 1274 enim
945 1235 1171 1287 crudelius,
1194 1253 1321 1293 quam
1342 1238 1535 1280 homines

105 1291 291 1333 honestis
319 1291 560 1346 parentibus
595 1304 643 1331 ac
677 1289 907 1346 majoribus
943 1299 1062 1333 natos
1094 1307 1119 1333 a
1151 1308 1236 1349 rep.
1264 1296 1534 1336 submoveri?

104 1347 177 1389 sed
197 1348 255 1389 ita
274 1347 439 1403 legibus
459 1346 588 1388 Sullae
608 1347 849 1388 continetur
872 1357 1005 1389 status
1034 1349 1226 1403 civitatis,
1247 1362 1296 1394 ut
1326 1352 1391 1393 his
1422 1352 1537 1394 solu-

105 1403 172 1456 tis,
193 1412 301 1446 stare
318 1406 409 1460 ipsa
427 1419 513 1445 non
533 1403 680 1460 possit.

591 1479 755 1521 Contra
777 1479 1040 1521 Concionem

495 1549 552 1605 Q.
582 1549 846 1589 METELLI
873 1548 994 1590 Orat.
1018 1549 1146 1591 XIII.

162 1616 195 1657 F
199 1629 388 1659 ORTUN.
411 1615 440 1658 l.
461 1619 517 1668 3.)
552 1616 621 1658 Sic
646 1616 775 1667 enim,
799 1626 848 1657 ut
876 1615 1041 1672 opinor,
1061 1617 1259 1674 insequar
1287 1618 1538 1676 fugientem,

105 1673 307 1728 quoniam
327 1674 531 1729 congredi
548 1689 632 1715 non
652 1673 752 1714 licet
770 1687 869 1713 cum
891 1673 1122 1715 resistente.

164 1730 326 1772 Pmsc.
349 1729 379 1771 Z.
399 1731 456 1782 9.)
492 1729 707 1770 Permulsa
724 1738 851 1785 atque
870 1740 1054 1771 recreata
1071 1739 1148 1772 est.

163 1786 325 1827 Pmsc.
346 1785 375 1826 l.
400 1788 477 1839 10.)
510 1785 607 1827 Nisi
627 1800 773 1827 eorum
795 1785 937 1837 exitio,
960 1801 1044 1827 non
1065 1787 1367 1843 requieturam.

164 1841 319 1883 GELL.
341 1842 369 1884 l.
397 1852 456 1885 18.
477 1857 510 1884 c.
531 1844 588 1896 7.)
621 1841 808 1884 Ascendi
832 1843 874 1883 in
904 1843 1151 1885 concionem
1174 1861 1183 1886 z
1215 1860 1444 1889 concursus
1473 1856 1538 1890 est

109 1898 256 1954 populi
278 1899 428 1941 factus.

164 1956 384 2012 Qumc'r.
406 1955 434 1997 l.
456 1967 551 2006 9..c.
571 1957 627 2009 3.)
660 1955 747 2020 Qui
779 1955 1087 2008 indicabantur,
1118 1972 1190 1999 eos
1209 1960 1364 2013 vocari,
1393 1971 1548 2004 custo«

111 2010 204 2063 diri,
223 2012 277 2053 ad
298 2021 490 2055 senatum
511 2012 663 2054 adduci
678 2014 813 2070 Jussi;
844 2013 886 2054 in
905 2024 1051 2055 senatu
1072 2026 1171 2056 sunt
1190 2016 1332 2072 positi.

420 2100 935 2209 CONSULATUDSCUO
967 2167 1086 2209 Orat.
1114 2168 1237 2210 XIV.

165 2234 211 2275 N
215 2246 280 2274 oN
289 2246 303 2273 1
312 2247 340 2274 U
350 2247 369 2273 s
389 2234 567 2288 Census.)
587 2236 784 2291 Quorum
801 2234 985 2276 luxuries
1001 2235 1216 2277 fortunata
1228 2251 1353 2278 censa
1363 2238 1540 2293 peperit.

327 2379 615 2420 CLODIUM
646 2387 690 2420 et
720 2313 1047 2420 CUlll¹IONEM
1077 2379 1197 2421 Orat.
1226 2381 1325 2422 XV.

115 2458 276 2499 Desunt
288 2456 435 2508 multa,
449 2472 533 2508 nec,
549 2472 643 2513 qnoe
651 2464 822 2509 restant,
833 2457 964 2514 digeri
972 2467 1142 2512 possunt
1156 2460 1196 2501 in
1206 2461 1338 2502 ullum
1349 2463 1542 2506 ordinem.

170 2536 303 2577 Non.
332 2536 513 2577 Jumus
542 2537 866 2578 RUFINIANUS
902 2536 950 2577 de
975 2537 1140 2592 Figuris
1163 2537 1275 2579 Sunt.
1296 2552 1342 2593 p.
1362 2544 1442 2591 24.)
1476 2541 1543 2582 Tu

113 2607 211 2634 vero
232 2591 417 2641 festivus,
438 2601 485 2633 tu
504 2593 688 2648 elegans,
707 2601 755 2634 tu
776 2593 890 2634 solus
912 2594 1096 2634 urbanus
1115 2612 1123 2635 :
1156 2609 1282 2650 quem
1304 2595 1425 2637 decet
1445 2611 1542 2638 mu-

115 2648 255 2690 liebris
286 2658 472 2698 ornatus,
501 2664 628 2704 quem
654 2650 840 2691 incessus
871 2649 1069 2705 psaltriae,
1095 2652 1168 2707 qui
1196 2652 1344 2692 laevare
1364 2651 1541 2705 vultum,

115 2704 281 2748 mollire
300 2719 447 2745 vocem
468 2715 601 2760 potes.

172 2763 305 2804 NON.
327 2762 507 2817 Longus.
531 2761 774 2816 Speculum.)
810 2761 892 2803 Sed
919 2764 1060 2813 credo,
1090 2773 1314 2819 postquam
1346 2763 1424 2806 tibi
1448 2780 1542 2823 spe·

118 2819 262 2871 culum
282 2817 458 2860 allatum
478 2829 556 2869 est,
575 2818 704 2876 longe
723 2828 765 2861 te
785 2834 811 2861 a
828 2819 1015 2876 pulchris
1034 2821 1179 2862 abesse
1199 2819 1376 2862 sensisti.
