1844 3202
647 124 1062 164 CONSOLATIO.
1491 127 1569 171 977

137 249 214 276 nec
235 234 432 292 lacrymis
455 245 684 290 temperare
705 234 856 289 posse?
888 231 990 289 quid
1004 231 1097 288 jam
1117 229 1282 272 intersit
1300 229 1407 272 inter
1426 230 1568 272 homi-

139 306 251 342 nem,
273 303 518 348 mutamque
543 291 764 345 pecudem,
787 290 820 330 si
848 304 924 330 nos
956 287 1128 344 perinde
1154 297 1280 342 atque
1309 287 1392 338 illa,
1413 287 1568 343 quibus

137 348 343 389 rationein
381 358 525 390 natura
556 347 789 402 denegavit,
820 346 1076 387 extrinsecus
1111 343 1190 384 toti
1221 343 1491 398 pendeamus,
1525 344 1566 384 in

139 405 260 445 nobis
288 405 387 459 ipsis
421 404 520 445 nihil
552 403 820 453 fortitudinis,
842 402 941 443 nihil
973 400 1191 449 firmitatis,
1211 399 1313 439 nihil
1336 400 1567 441 habeamus

139 461 415 502 constantiae?
449 462 635 516 quamvis
655 461 764 501 enim
786 458 948 500 homini
969 472 1051 498 non
1074 466 1220 506 mater,
1241 455 1314 496 sed
1336 457 1468 497 verius
1491 471 1567 497 no-

138 531 258 558 verca
278 527 424 558 natura
444 532 598 573 corpus
624 517 784 572 fragile,
804 515 1100 569 infirmumque
1129 512 1358 561 tradiderit,
1379 513 1566 554 animum

136 583 282 614 autem
314 584 356 614 et
389 575 427 614 in
460 574 662 614 molestiis
694 573 877 622 anxium,
899 582 939 612 et
968 571 1010 611 in
1039 571 1190 610 timore
1212 568 1430 618 humilem,
1452 579 1495 609 et
1515 568 1567 609 ad

136 629 302 670 labores
325 631 516 671 mollem:
541 630 742 685 plurimos
759 638 898 670 tamen
921 627 1066 668 insevit
1085 626 1245 667 divinos
1265 625 1567 680 ingenii,judi-

136 686 275 741 ciique
296 687 519 742 igniculos,
541 701 723 742 quorum
744 685 899 726 auxilio
920 695 962 725 et
981 698 1078 724 cum
1101 683 1246 724 dolore
1266 681 1430 732 luctari,
1451 692 1494 723 et
1515 681 1567 722 ti-

138 743 244 783 mori
266 744 484 794 obsistere,
506 743 669 784 labores
695 757 791 783 vero
819 755 966 782 omnes
989 740 1105 781 nullo
1127 738 1301 794 negotio
1324 738 1498 787 vincere,
1519 751 1568 778 ac

138 799 321 854 perferre
343 815 575 855 possemus.
606 800 748 855 itaque
775 798 979 839 tributum
1013 796 1209 837 divinitus
1236 795 1388 836 mentis
1408 795 1567 850 ignem,

138 864 180 896 et
202 856 448 911 prudentiae,
471 872 554 898 non
575 856 853 911 exstinguere,
871 854 942 895 sed
965 853 1147 909 sopitum
1172 853 1324 902 fovere,
1346 861 1472 907 atque
1492 866 1567 891 au-

137 925 237 967 gere
268 913 486 953 debemus.
550 914 670 953 Mors
700 922 857 963 autem,
889 909 1122 966 progressis
1155 910 1196 950 in
1226 909 1308 949 vita
1336 908 1504 964 longius
1535 908 1570 948 si

139 969 372 1020 immineat,
389 969 490 1010 nihil
510 980 587 1019 est,
601 984 674 1010 cur
690 982 946 1023 magnopere
963 981 1325 1007 commoveamur:
1349 980 1443 1020 quae
1465 979 1571 1020 prae-

139 1026 284 1066 sertim
314 1037 387 1067 aut
414 1027 649 1077 meliorem,
669 1041 796 1081 quam
829 1039 914 1080 quo
942 1024 1122 1064 viventes
1150 1023 1344 1072 fruimur,
1363 1031 1438 1062 aut
1458 1031 1571 1062 certe

139 1097 222 1122 non
245 1082 493 1124 deteriorem
526 1083 618 1123 vitae
645 1092 802 1123 statum
833 1081 886 1122 sit
914 1080 1105 1121 allatura.
1135 1079 1228 1135 quis
1251 1079 1361 1119 enim
1384 1078 1571 1134 negabit,

139 1139 172 1178 si
203 1138 366 1180 animus
394 1140 567 1180 omnino
599 1139 789 1188 intereat,
811 1138 1017 1179 exstincto
1047 1151 1171 1177 sensu
1201 1135 1306 1176 nihil
1334 1149 1425 1176 esse
1457 1134 1572 1185 mali,

138 1204 446 1251 proptereaque
467 1196 624 1237 nullam
653 1195 813 1251 justam
837 1193 993 1235 doloris
1012 1208 1181 1234 causam
1204 1193 1426 1233 exsistere:
1458 1201 1516 1241 at,
1538 1192 1572 1232 si

141 1251 291 1306 vigeat,
312 1267 485 1307 corpore
515 1252 677 1295 solutus
708 1267 756 1292 ac
788 1252 907 1301 liber,
934 1249 1034 1306 quid
1059 1250 1148 1306 jam
1181 1249 1251 1289 illa
1281 1249 1364 1289 vita
1392 1247 1572 1299 beatius,

141 1307 243 1363 quid
267 1308 472 1349 divinius?
503 1324 552 1349 ex
573 1324 658 1364 quo
679 1309 875 1358 maxima,
895 1318 938 1348 et
958 1307 1171 1349 verissima
1192 1305 1362 1355 laetitiae,
1384 1320 1432 1346 ac
1453 1303 1573 1345 volu-

138 1364 267 1419 ptatis
287 1366 471 1406 exoritur
492 1365 673 1406 occasio.
733 1366 881 1420 Itaque
902 1363 1002 1404 nihil
1031 1363 1120 1419 jam
1150 1372 1292 1412 restat,
1314 1377 1399 1417 quo
1421 1362 1574 1412 minus,

138 1421 347 1475 optimam
379 1436 470 1463 esse
504 1432 701 1472 mortem,
723 1436 816 1462 vere
844 1421 1048 1461 affirmare
1076 1419 1301 1474 possimus,
1323 1428 1575 1473 tantumque

139 1477 302 1527 abesse,
331 1489 390 1528 ut,
420 1493 516 1519 cum
549 1478 681 1528 adest,
709 1478 892 1518 dolenda
918 1478 987 1528 sit,
1021 1486 1066 1517 ut
1095 1489 1325 1531 numquam
1358 1474 1573 1530 fugienda,

138 1547 252 1589 saepe
273 1535 400 1575 etiam
421 1535 607 1590 optanda
625 1534 828 1575 videatur.
858 1543 986 1589 atque
1005 1547 1057 1573 eo
1079 1532 1228 1588 magis,
1248 1546 1335 1588 quo
1355 1531 1514 1572 diutius
1534 1531 1575 1571 in

138 1590 223 1631 vita
253 1590 384 1631 homo
413 1591 704 1645 permanserit.
737 1605 848 1641 nam,
866 1606 965 1631 cum
987 1590 1035 1631 iis
1057 1589 1193 1638 bonis,
1215 1604 1311 1644 quae
1329 1588 1475 1629 afferre
1496 1587 1577 1629 vita

138 1656 294 1702 potest,
316 1648 456 1688 satiari
486 1648 676 1703 coeperit,
708 1658 800 1689 tum
830 1647 883 1688 ab
917 1646 1110 1688 humanis
1141 1645 1344 1686 molestiis
1364 1644 1577 1694 secedens,

138 1703 180 1744 in
212 1703 495 1744 beatissimam
524 1705 654 1745 vitam
685 1704 998 1758 commigrabit.
1031 1717 1113 1742 non
1144 1701 1254 1742 enim
1287 1701 1321 1742 is
1351 1715 1435 1756 ego
1466 1715 1576 1751 sum,

140 1760 213 1815 qui
239 1759 428 1801 animum
458 1761 583 1801 simul
614 1775 711 1801 cum
741 1761 913 1801 homine
942 1759 1110 1800 interire
1141 1768 1303 1812 putem,
1324 1766 1578 1813 tantumque

140 1817 295 1857 mentis
323 1817 482 1867 lumen,
514 1832 536 1858 e
568 1817 703 1858 divina
734 1828 882 1858 natura
915 1816 1165 1864 delibatum,
1197 1829 1320 1870 posse
1347 1814 1578 1868 exstingui,

141 1872 215 1913 sed
237 1874 377 1927 potius
399 1884 515 1915 certo
535 1884 726 1929 tempore
747 1888 934 1924 emenso,
954 1873 1007 1914 ad
1036 1871 1400 1913 immortalitatem
1430 1871 1576 1911 redire.

142 1929 244 1985 quid
264 1938 405 1970 autem
426 1931 643 1971 hominem
669 1930 806 1985 magis
831 1930 992 1980 deceat,
1014 1944 1142 1985 quam
1171 1940 1256 1969 tam
1288 1927 1446 1977 multis,
1469 1936 1578 1967 tam-

136 1998 226 2041 que
247 1986 374 2028 firmis
403 1987 634 2040 rationibus
661 1987 820 2037 nixum,
842 1987 998 2027 virilem
1021 1986 1209 2027 animum
1231 1985 1421 2035 retinere,
1443 1983 1577 2024 faemi-

143 2056 264 2083 neam
284 2043 507 2085 mollitiem
536 2045 716 2084 exuere?
749 2044 824 2099 qui
845 2057 941 2084 vero
963 2051 1154 2083 mortuos
1176 2041 1298 2082 nimis
1319 2040 1481 2096 lugent,
1502 2054 1578 2081 nec

141 2098 373 2141 humanam
413 2100 702 2141 conditionem
741 2114 913 2155 magno,
949 2099 1146 2154 elatoque
1186 2098 1328 2139 animo
1366 2098 1580 2153 despicere

142 2165 345 2211 possunt:
377 2157 420 2198 in
441 2172 512 2198 eos
534 2157 638 2199 illud
659 2157 802 2214 probri
824 2156 1111 2212 plenumwere
1133 2155 1297 2196 dicetur
1317 2171 1326 2195 :

254 2247 314 2284 Vos
332 2249 447 2285 etenim
458 2248 605 2295 juvenes
623 2248 772 2284 animum
791 2246 912 2297 geritis
933 2244 1124 2282 muliebrem
1141 2261 1153 2282 .-

248 2301 380 2352 Illaque
398 2303 498 2351 virgo
516 2302 599 2338 viri.

145 2385 301 2427 Multae
329 2385 440 2426 enim
472 2394 645 2440 repertae
668 2381 849 2424 faeminae
870 2389 984 2433 sunt,
1004 2397 1099 2437 quae
1125 2380 1166 2421 in
1196 2380 1433 2422 domestico
1462 2381 1584 2423 luctu

143 2441 401 2497 singularem
435 2441 564 2482 animi
597 2439 877 2496 praesentiam,
912 2452 960 2479 ac
999 2437 1338 2493 magnitudinem
1373 2438 1582 2493 praestite-

145 2507 257 2540 runt.
318 2497 402 2539 Sed
430 2498 556 2539 virilis
576 2495 798 2546 fortitudo,
819 2504 868 2536 ut
888 2494 1066 2546 libidini,
1088 2494 1148 2536 sic
1169 2493 1322 2544 dolori,
1342 2509 1427 2534 non
1448 2493 1583 2544 aliter,

176 2570 271 2595 uam
306 2568 423 2595 servo
459 2554 645 2604 domina,
678 2553 883 2608 imperare
913 2552 1055 2603 debet,
1085 2565 1262 2607 eamque
1291 2565 1499 2600 coercere,
1534 2565 1583 2592 ac

143 2570 351 2667 gangere,
385 2619 603 2667 tamquam
638 2610 845 2659 vitiosam,
881 2617 924 2649 et
957 2608 1211 2649 imbecillam
1243 2607 1371 2647 animi
1402 2615 1581 2662 partem.

145 2683 274 2724 quam
305 2668 338 2708 si
368 2681 586 2723 emergere
614 2666 811 2723 patiatur,
837 2679 968 2720 seque
996 2664 1141 2720 paullo
1170 2663 1294 2705 altius
1321 2664 1478 2714 efferre,
1499 2677 1582 2704 non

144 2724 276 2766 modo
293 2724 444 2765 rationi
465 2731 705 2779 praecurret,
724 2722 797 2763 sed
812 2721 939 2762 etiam
960 2721 1105 2762 victrix
1124 2721 1167 2761 in
1186 2720 1328 2761 animo
1345 2719 1586 2761 exsultabit.

177 2796 234 2822 uo
257 2780 361 2822 nihil
382 2780 544 2822 homini
565 2780 744 2835 turpius,
764 2787 837 2819 aut
857 2777 1132 2834 perniciosius
1159 2791 1212 2817 ne
1241 2776 1472 2832 excogitari
1492 2776 1586 2832 qui

145 2796 243 2879 dem
275 2837 424 2895 possit.
485 2836 669 2893 Gorgias
697 2845 855 2887 orator,
879 2834 971 2891 jam
993 2842 1117 2875 aetate
1137 2833 1370 2884 confectus,
1391 2847 1440 2874 ac
1459 2834 1588 2876 morti

874 2903 1002 2948 313
