1844 3202
268 102 347 150 946
638 102 698 142 M.
735 102 951 143 TULLII
991 102 1323 143 CICERONIS

270 211 339 249 Hic
355 209 509 250 dextram
527 212 577 250 ad
592 212 682 250 sedes
702 213 842 251 intendit
863 215 1058 266 Cassiopeae‚

270 264 499 316 Diversosque
513 266 609 317 pedes
628 268 756 304 vinctos
775 267 942 305 talaribus
963 269 1051 318 aptis

270 317 534 356 Pulverulentus
552 321 601 356 uti
619 319 658 356 de
677 330 767 358 terra
785 322 890 371 Iapsu'
909 328 1035 372 repente

269 371 313 407 In
338 373 456 409 coelum
473 375 583 410 victor
602 387 761 423 magnum
778 374 840 411 sub
859 376 998 411 culmine
1010 383 1139 424 portat.

269 426 320 461 At
332 435 465 476 propter
483 427 612 463 lae-vum
636 434 653 456 2
663 441 769 476 genus
788 428 873 463 omni
891 439 932 464 ex
945 436 1043 477 parte
1060 427 1185 466 locatas

270 478 413 515 Parvas
438 480 601 529 Vergilias
619 481 708 517 tenui
726 494 800 516 cum
816 480 887 517 luce
904 479 1049 517 videbis.

270 532 342 569 Hae
359 540 478 582 septem
497 534 602 583 viclgo
615 533 830 584 perhibentur
847 547 932 570 more
949 543 1080 571 vetusto

272 584 402 629 Stellae,
418 595 598 622 cernuntur
614 600 694 624 vero
710 600 767 623 sex
785 586 929 637 undique
942 598 1081 637 par-vae.

269 640 319 676 At
337 652 400 675 non
418 639 578 676 interiisse
592 641 709 690 putari
727 641 879 676 con-venit
897 654 1000 677 unam
1012 656 1024 676 .-

271 692 343 729 Sed
344 692 490 739 frustra
510 701 625 730 temere
644 708 665 730 a
684 694 790 743 vulgo
810 695 936 731 ratione
952 695 1020 731 sine
1036 693 1109 732 ulla

273 744 401 794 Septem
420 745 532 788 dicier,
553 756 591 783 ut
608 756 735 784 veteres
754 756 898 784 statuere
910 749 1031 798 poetae,

271 799 421 836 AEterno
439 809 575 836 cunctas
591 814 668 839 aevo
688 801 745 850 qui
764 802 890 837 nomine
908 801 1066 851 dignane,

270 852 427 900 Alcyone,
446 855 654 903 Meropeque,
677 854 820 896 Celaeno,
842 855 1062 905 Taygeteque,

271 905 423 950 Electra,
446 905 656 957 Steropeque‚
676 907 780 943 simul
795 908 1006 944 sanctissima
1026 907 1145 944 Maia.

272 958 343 995 Hae
361 965 471 995 tenues
483 969 598 1009 parvo
617 959 759 997 labentes
780 960 903 997 lumine
922 961 1029 997 lucent
1043 976 1055 996 .-

270 1013 322 1048 At
341 1025 500 1060 magnum
518 1026 630 1049 nomen
649 1014 752 1062 signi,
772 1014 965 1065 clarumque
983 1024 1141 1058 vocatur,

271 1065 454 1115 Propterea
474 1065 563 1115 quod
578 1075 608 1103 et
627 1067 757 1103 aestatis
773 1067 956 1117 primordia
975 1068 1100 1113 clarat,

277 1118 321 1155 Et
335 1127 407 1168 post
428 1118 555 1156 hiberni
566 1119 789 1170 prcepandens
809 1122 960 1172 temporis
977 1130 1067 1158 ortus

271 1171 448 1218 Admonet,
467 1181 506 1209 ut
524 1172 682 1210 mandent
699 1174 852 1212 mortales
871 1175 998 1213 semina
1017 1175 1126 1212 terris.

270 1224 355 1262 Inde
374 1224 472 1263 Fides
490 1226 611 1263 leviter
627 1228 733 1277 posita
751 1237 782 1263 et
803 1241 951 1265 convexa
970 1228 1121 1271 videtur,

271 1278 466 1315 Mercurius
480 1290 615 1328 parvus
635 1280 788 1317 manibus
807 1295 909 1331 quam
926 1280 1053 1319 dicitur
1069 1283 1146 1319 olim

270 1331 624 1378 Infirmisfahricatns
644 1335 678 1370 in
697 1334 771 1371 alta
789 1334 862 1372 sede
878 1336 1013 1372 locasse.

275 1386 364 1434 φησι)
387 1392 404 1416 3
414 1399 521 1435 genus
539 1386 589 1423 ad
604 1387 731 1430 laevum
752 1388 826 1425 nixi
845 1388 980 1439 delapsa
1000 1387 1131 1436 resedit,

269 1440 384 1489 Atque
403 1439 488 1476 inter
492 1439 627 1487 flexum
642 1453 761 1490 genus,
779 1448 812 1478 et
829 1450 932 1491 caput
949 1442 1053 1478 Alitis
1072 1441 1182 1480 haesit.

270 1499 291 1523 4
316 1493 473 1544 Namque
491 1502 538 1530 est
558 1494 640 1531 Ales
659 1495 738 1530 avis
758 1495 826 1531 lato
843 1495 907 1531 sub
926 1495 1065 1544 tegmine
1084 1496 1160 1532 coeli

277 1545 366 1595 Quae
382 1546 491 1589 volat,
507 1556 538 1582 et
556 1557 684 1596 serpens
697 1548 840 1596 geminis
859 1558 949 1584 secat
966 1549 1048 1584 ae'ra
1062 1549 1191 1597 pennis.

271 1599 392 1636 Altera
405 1610 488 1650 pars
507 1599 582 1645 huic
599 1599 739 1637 obscura
757 1610 817 1644 est,
836 1611 866 1637 ct
885 1600 1018 1637 luminis
1035 1601 1149 1651 expers
1162 1618 1174 1639 .-

272 1653 396 1689 Altera
411 1667 467 1690 nec
479 1654 605 1704 parvis
625 1667 682 1690 nec
700 1654 799 1690 claris
820 1654 950 1691 lucibus
969 1653 1077 1697 ardet,

273 1705 345 1743 Sed
360 1706 514 1743 mediocre
521 1707 612 1754 jacit
629 1708 780 1757 quatiens
796 1721 812 1744 e
830 1719 958 1757 corpore
974 1707 1096 1746 lumen.

273 1759 362 1796 Haec
382 1759 535 1797 dextram
559 1760 675 1811 Cephei
694 1760 810 1798 dextro
824 1761 905 1811 pede
919 1760 1039 1812 pellere
1055 1761 1207 1811 palmam

274 1814 383 1850 Gestit
399 1829 410 1849 .·
430 1815 509 1860 jam
527 1827 606 1850 vero
624 1814 752 1851 clinata
770 1824 818 1852 est
837 1814 967 1864 ungula
985 1813 1158 1853 vehemens

274 1867 382 1903 Fortis
399 1868 472 1917 eqni
482 1876 618 1918 propter
633 1868 769 1915 pennati
786 1869 923 1918 corporis
937 1869 1042 1904 alam.

272 1920 348 1969 Ipse
365 1927 478 1957 autem
496 1920 612 1957 labens
630 1922 744 1958 multis
762 1935 862 1971 equus
881 1922 936 1958 ille
954 1929 1082 1959 tenetur

275 1973 427 2010 Piscibus
442 1990 453 2009 :
483 1973 561 2010 huic
578 1975 694 2011 cervix
712 1974 831 2011 dextra
851 1975 1014 2012 mulcetur
1030 1975 1178 2027 Aquari'.

277 2026 389 2063 Serius
408 2026 480 2065 haec
497 2027 604 2064 obitus
624 2029 729 2065 terrai
738 2029 843 2075 jussit
862 2029 1000 2079 equinis,

280 2080 392 2129 Quam
406 2080 557 2130 gelidum
576 2082 694 2118 valido
713 2081 752 2118 de
769 2092 896 2132 corpore
901 2082 1024 2131 frigus
1041 2082 1201 2119 anhelans

277 2133 417 2183 Corpore
435 2135 583 2182 semifero
601 2148 721 2184 magno
744 2135 964 2186 Capricornus
984 2137 1018 2172 in
1036 2135 1111 2172 orbe
1123 2151 1136 2173 .·

278 2187 383 2235 Quem
402 2201 503 2237 quum
519 2197 671 2238 perpetuo
689 2189 832 2226 vestivit
851 2189 973 2226 lumine
994 2189 1110 2233 Titan,

276 2240 436 2276 Brumali
443 2241 585 2288 flectens
604 2249 793 2292 contorquet
811 2252 948 2293 tempore
964 2256 1108 2281 cursum.

275 2291 349 2329 Hoc
369 2307 455 2330 cave
474 2304 505 2330 te
519 2302 618 2345 ponto
635 2295 771 2332 studeas
789 2297 986 2333 committere
1003 2308 1110 2334 mense
1120 2312 1133 2332 .-

275 2346 370 2384 Nam
390 2360 452 2382 non
471 2348 685 2399 longinquum
703 2350 849 2399 spatium
868 2349 978 2387 labere
997 2349 1154 2388 diurnum
1168 2365 1182 2386 .-

275 2400 353 2435 Non
370 2399 508 2437 hiberna
524 2401 585 2437 cito
604 2403 763 2438 volvetur
780 2403 942 2440 curriculo
961 2417 1026 2440 nox
1039 2420 1052 2440 .-

276 2452 432 2490 Humida
451 2467 513 2490 non
533 2467 599 2491 sese
618 2456 740 2492 vestris
759 2469 882 2494 aurora
901 2457 1038 2507 querelis

279 2505 382 2542 Ocius
401 2506 555 2550 ostendet,
575 2508 660 2544 clari
675 2510 870 2558 praenuntia
890 2510 964 2546 solis
981 2525 994 2546 .-

274 2561 325 2595 At
342 2559 471 2597 validis
490 2574 604 2611 a'quor
616 2561 769 2611 pulsabit
788 2562 920 2599 viribus
941 2564 1064 2600 Auster
1078 2579 1090 2600 .-

278 2612 487 2659 Tumfixum
506 2615 643 2652 tremulo
662 2616 832 2667 quatietur
835 2617 973 2667 frigore
990 2628 1116 2669 corpus.

1643 324 1693 356 25

1646 591 1698 624 30

1648 859 1696 892 35

1650 1127 1704 1162 40

1652 1397 1701 1430 45

1656 1664 1708 1697 50

1657 1932 1705 1963 55

1653 2191 1708 2229 60

1656 2458 1705 2496 65

317 2746 335 2769 2
355 2737 460 2779 genus]
478 2739 617 2779 Antique
634 2750 688 2780 pro
701 2751 787 2780 genu.
1057 2749 1074 2773 4
1102 2743 1235 2784 Namque
1250 2749 1291 2772 est
1306 2742 1390 2785 Ales]
1410 2743 1446 2775 In
1464 2744 1499 2776 L.
1516 2744 1558 2786 11,
1574 2743 1647 2775 Nat.
1665 2743 1708 2782 D·

316 2787 334 2811 3
356 2792 445 2822 genus
459 2783 501 2811 ad
514 2781 635 2821 laevum]
655 2783 702 2813 Ad
727 2783 846 2815 laevum
869 2794 966 2824 genu,
1011 2791 1062 2816 est
1080 2786 1147 2815 Inde
1163 2792 1204 2816 est
1219 2785 1298 2818 Ales.

273 2829 309 2868 μὶ
324 2824 356 2854 in
371 2834 401 2856 v.
417 2825 605 2866 seqvflexum
618 2837 717 2867 genus.
797 2827 800 2830 ⁴
838 2827 840 2829 ’
869 2827 872 2831 ”
1034 2830 1037 2831 ’
