1844 3202
314 134 391 168 882
685 130 745 168 M.
773 130 989 169 TULLII
1025 128 1361 169 CICERONIS

313 244 447 287 actOS,
469 245 643 294 propter
668 238 841 280 nimiam
866 238 1198 282 dominationem
1219 238 1473 294 potentium,
1493 238 1751 292 secederent,

313 293 430 348 leges
461 304 642 336 sacratas
672 295 751 351 ipsi
782 296 862 337 sibi
893 296 1175 347 restituerent,
1197 296 1306 338 duos
1337 295 1528 337 tribunos
1548 305 1754 348 crearent,

313 360 505 392 montem
526 351 647 392 illurn
667 361 780 393 trans
800 353 1024 403 Anienem,
1047 352 1120 408 qui
1139 352 1267 394 hodie
1288 368 1410 394 mons
1427 366 1542 394 sacer
1561 352 1753 394 nomina-

313 414 396 458 tur,
416 407 457 447 in
480 422 567 471 quo
597 409 746 450 armati
766 408 1054 460 consederant,
1077 416 1242 450 aeternae
1264 409 1480 450 memoriae
1502 423 1629 450 causa
1648 423 1751 450 con-

314 474 536 505 secrarent.
558 464 699 520 itaque
721 466 937 520 auspicato
967 474 1138 521 postero
1158 480 1267 506 anno
1289 480 1320 507 x
1342 465 1501 507 tribuni
1521 465 1656 522 plebis
1676 479 1750 507 co-

314 520 442 560 mitiis
463 521 634 562 curiatis
655 522 782 562 creati
805 531 915 562 sunt.

368 577 480 617 Tum
510 577 758 641 interposita
789 577 868 618 fide
897 591 972 632 per
1001 585 1085 618 tres
1114 577 1296 632 legatos,
1327 577 1609 633 amplissimos
1629 578 1753 629 viros,

315 633 496 674 Romam
519 635 669 674 armati
699 642 986 675 reverterunt:
1017 633 1060 673 in
1079 634 1290 675 Aventino
1312 634 1623 677 consederunt:
1655 635 1754 676 inde

317 690 468 730 armati
498 690 540 731 in
563 690 827 746 Capitolium
857 698 1082 732 venerunt:
1114 689 1261 732 decern
1292 690 1484 732 tribunos
1513 691 1648 746 plebis
1677 706 1755 748 per

315 746 559 802 pontificem
588 756 618 798 1,
635 747 751 803 quod
771 747 1044 813 magistratus
1064 747 1206 789 nullus
1226 761 1270 788 e1
1273 756 1330 798 at
1351 757 1607 789 creaverunt.

370 804 511 844 Etiam
548 804 640 845 haec
672 806 905 846 recentiora
934 811 1168 860 praetereo.
1191 818 1365 859 ponam
1396 803 1649 860 principium
1675 808 1750 862 Ju-

314 859 508 901 stissimae
531 860 750 912 libertatis,
776 861 993 903 Cassiam·
982 892 994 912 ,
1026 876 1110 916 qua
1138 861 1234 917 lege
1258 861 1556 917 suffragiorum
1586 861 1645 903 vis
1674 876 1755 917 po-

313 924 529 1015 }estasque
563 918 801 960 convaluit:
834 918 1007 960 alteram
1045 917 1250 970 Cassiam,
1286 933 1404 974 quae
1415 917 1563 974 populi
1590 917 1756 975 judicia

329 982 492 1015 1rmav1t
570 983 573 985 “

829 1052 951 1093 Dicit
970 1052 1018 1094 de
1037 1051 1250 1093 nobilibus.

370 1119 458 1160 Oui
480 1133 564 1159 non
584 1119 714 1160 modo
735 1134 833 1160 cum
857 1119 988 1170 Sulla,
1010 1133 1149 1160 verum
1181 1119 1324 1170 etiam,
1344 1119 1416 1160 illo
1436 1128 1620 1170 mortuo,
1642 1133 1753 1160 sern-

312 1189 388 1230 per
375 1162 493 1216 hoc
526 1190 600 1231 per
628 1191 671 1216 se
702 1176 878 1217 summis
907 1176 1060 1232 opibus
1081 1176 1346 1217 retinendum
1366 1185 1644 1232 putavzerunt
1676 1176 1754 1217 ini-

314 1231 532 1272 micissimi
561 1232 611 1273 C
637 1233 778 1274 Cottae
809 1234 994 1283 fuerunt,
1016 1232 1131 1288 quod
1161 1233 1194 1274 is
1215 1232 1363 1274 consul
1382 1232 1553 1288 paulum
1578 1232 1758 1274 tribunis

314 1287 448 1343 plebis
470 1303 553 1329 non
574 1290 809 1345 potestatis,
831 1289 902 1330 sed
923 1289 1141 1345 dignitatis
1161 1288 1335 1330 addidit.

372 1345 591 1387 Ouamdiu
619 1346 789 1402 quidem
820 1346 901 1389 hoc
933 1347 1074 1387 animo
1101 1360 1203 1402 erga
1232 1360 1308 1387 nos
1327 1345 1398 1387 illa
1419 1346 1538 1402 plebs
1559 1345 1652 1396 erit,
1672 1360 1758 1401 quo

315 1415 360 1442 se
391 1402 590 1452 ostendit,
619 1418 719 1444 cum
747 1403 886 1458 legem
908 1403 1143 1454 Aureliam,
1163 1417 1261 1444 cum
1292 1403 1503 1454 Rosciam,
1524 1416 1609 1443 non
1627 1401 1757 1443 modo

314 1458 491 1513 accepit,
513 1460 586 1500 sed
607 1460 733 1500 etiarn
756 1460 1013 1515 efflagitavit.

372 1516 587 1557 Memoria
621 1526 760 1567 teneo,
797 1531 893 1557 cum
931 1531 1115 1572 pmmum
1154 1524 1367 1558 senatores
1404 1530 1503 1558 cum
1543 1515 1757 1572 equitibus

315 1572 518 1613 Romanis
548 1573 643 1628 lege
677 1573 810 1615 Plotia
834 1573 1091 1629 judicarent,
1122 1572 1335 1613 hominem
1359 1572 1437 1613 diis
1468 1586 1516 1613 ac
1546 1572 1757 1613 nobilitati

311 1628 582 1726 gerinvisum,
604 1629 684 1671 Cn.
707 1630 972 1685 Pompeium,
992 1643 1163 1670 causam
1184 1630 1279 1685 lege
1297 1630 1427 1671 Varia
1453 1629 1506 1670 de
1536 1629 1755 1685 majestate

344 1699 465 1727 nasse

776 1763 887 1805 PRO
921 1762 1244 1805 CORNELIO.
1260 1765 1285 1790 ³³¹⁵

876 1833 1002 1874 Deest
1025 1832 1204 1874 initium.

371 1900 491 1940 Num
523 1900 565 1941 in
597 1914 664 1951 e0,
691 1901 763 1956 qui
789 1901 873 1943 sint
903 1902 947 1942 hi
968 1911 1109 1953 testes,
1130 1900 1364 1943 haesitatis?
1397 1914 1479 1965 ego
1498 1899 1616 1942 vobis
1631 1899 1754 1942 edam

315 1955 440 1997 duos.
463 1956 613 2020 reliqui
634 1968 732 1999 sunt
757 1958 809 1999 de
840 1958 1147 2009 consularibus,
1177 1957 1338 1999 inimici
1368 1957 1603 1998 tribuniciae
1632 1965 1757 2013 pote-

314 2013 447 2054 statis.
467 2028 590 2068 pauci
612 2024 815 2069 praeterea
835 2024 1114 2057 assentatores
1136 2030 1283 2056 eorum
1305 2022 1431 2070 atque
1451 2013 1635 2055 asseclae
1653 2014 1755 2055 sub-

316 2080 564 2126 sequuntur.

540 2146 682 2187 POST
714 2146 812 2186 XX
843 2146 1006 2187 VERS.
1039 2146 1079 2186 A
1115 2145 1528 2187 PRAECEDENTI.

372 2211 490 2254 Ouid
509 2213 738 2254 avunculus
760 2221 872 2263 tuus,
891 2213 1146 2254 clarissimus
1167 2214 1239 2264 vir,
1258 2213 1490 2254 clarissimo
1509 2220 1641 2268 patre,
1663 2227 1755 2266 avo,

317 2269 563 2326 majoribuS,
595 2269 736 2321 credo,
764 2270 944 2320 silentio,
972 2270 1133 2311 favente
1161 2269 1394 2320 nobilitate,
1416 2256 1530 2310 nu'llo
1552 2269 1753 2311 interces-

316 2341 409 2366 sore
431 2336 690 2382 comparato,
712 2327 871 2391 populo
911 2328 1102 2368 Romano
1128 2326 1260 2378 dedit,
1292 2335 1334 2367 et
1362 2325 1754 2381 potentissimorum

315 2383 540 2423 hominum
570 2383 761 2439 collegiis
781 2383 948 2439 eripuit,
968 2383 1304 2438 cooptandorum
1335 2382 1602 2424 sacerdotum
1631 2391 1754 2440 pote—

316 2447 482 2480 statem.

875 2519 1194 2560 SEQUITUR.

373 2585 490 2628 Ouid
509 2588 521 2626 ?
554 2585 665 2627 idem
687 2586 906 2627 Domitius
928 2587 994 2626 M.
1015 2586 1221 2649 Silanum,
1240 2585 1504 2627 consularem
1523 2585 1753 2638 hominem,

319 2643 680 2700 quemadmodum
703 2643 896 2684 tribunus
917 2642 1064 2698 plebis,
1085 2642 1257 2683 vexavit.

373 2701 482 2742 Haec
512 2708 576 2742 est
605 2700 887 2742 controversia
915 2699 1141 2756 ejusmodi,
1172 2708 1218 2740 ut
1254 2699 1358 2741 mihi
1391 2699 1586 2741 tribunus
1620 2699 1754 2755 plebis

767 2866 779 2890 1
806 2859 844 2889 V.
862 2859 927 2890 Liv.
943 2859 1003 2897 ΙΙΙ,
1022 2866 1072 2890 54.
1088 2866 1118 2890 et
1134 2859 1176 2890 ibi
1193 2859 1302 2899 Sigon.
