1844 3202
625 161 1049 204 CONSULATUS.
1475 163 1549 201 363

112 273 271 325 diosus,
298 280 348 315 ut
376 272 491 316 aliud
518 272 562 313 in
590 285 689 313 eum
714 270 923 327 judicium
955 269 1146 327 quotidie
1178 269 1405 325 flagitetur.
1465 270 1551 312 Hic

112 345 159 372 se
177 331 237 371 sic
257 330 399 381 habet,
419 338 468 371 ut
486 328 623 384 magis
644 328 805 379 timeat,
826 328 952 369 etiam
973 327 1007 368 si
1029 326 1196 382 quierit,
1222 340 1348 382 quam
1375 335 1425 366 ut
1450 339 1552 368 con-

117 395 292 439 temnat,
313 395 350 424 27
369 387 404 428 si
424 384 525 442 quid
546 386 836 426 commoverit.
895 385 1070 427 Quanto
1097 381 1249 423 melior
1276 381 1353 422 tibi
1383 381 1552 424 fortuna

117 443 333 498 petitionis
369 443 469 483 data
503 450 581 492 est,
617 456 743 498 quam
784 455 917 497 nuper
954 439 1116 481 homini
1149 453 1256 480 novo
1293 437 1344 478 C.
1377 436 1548 479 Coelio?

112 499 185 540 ille
213 514 310 540 cum
343 498 510 540 duobus
540 498 783 539 hominibus
813 498 871 538 ita
902 495 1170 538 nobilissimis
1200 494 1387 550 petebat,
1410 503 1458 535 ut
1487 504 1550 535 ta-

111 569 207 596 men
228 555 269 595 in
290 556 340 596 iis
360 555 504 595 omnia
524 555 655 611 pluris
676 563 828 604 essent,
850 568 977 610 quam
1009 554 1099 608 ipsa
1125 551 1322 593 nobilitas
1341 567 1350 590 :
1381 564 1472 591 sum
1482 566 1549 592 ma

111 611 294 666 ingenia,
329 626 520 652 summus
562 611 715 666 pudor,
755 611 939 667 plurima
976 609 1195 659 beneficia,
1238 621 1405 649 summa
1442 607 1549 648 ratio

110 681 160 708 ac
187 667 406 723 diligentia
425 668 608 723 petendi.
667 669 828 709 Tamen
848 682 996 709 eorum
1017 666 1197 707 alterum
1221 664 1398 714 Coelius,
1420 663 1549 705 etiam

107 737 208 766 cum
238 725 375 765 multo
403 734 514 766 esset
545 724 716 765 inferior
744 738 914 780 genere,
937 723 1128 779 superior
1153 721 1268 763 nulla
1294 734 1353 772 re,
1375 728 1414 753 28
1428 734 1549 775 paene

110 781 335 835 superavit.
392 782 536 837 Quare
566 781 600 821 si
630 781 758 821 facies
788 795 852 831 ea,
883 795 977 836 quae
1015 779 1090 820 tibi
1122 788 1285 827 natura,
1315 787 1359 818 et
1396 777 1550 828 studia,

109 836 263 891 quibus
293 851 459 892 semper
490 851 591 878 usus
620 851 680 886 eS,
710 837 964 893 largiuntur,
993 851 1089 892 quae
1118 834 1320 890 temporis
1349 834 1413 875 tui
1442 833 1550 875 ratio

108 892 333 944 desiderat,
363 907 458 957 quae
493 903 632 948 potes,
663 908 758 949 quae
789 893 947 944 debes3
996 907 1082 934 non
1113 891 1191 933 erit
1220 890 1388 932 difficile
1416 899 1551 932 certa-

108 963 208 990 men
236 964 333 991 cum
359 949 410 990 iis
439 950 807 1005 competitoribus,
829 950 902 1006 qui
932 963 1197 1006 nequaquam
1226 957 1326 989 sunt
1355 955 1444 988 tam
1470 961 1548 1003 ge-

109 1019 208 1046 nere
229 1006 430 1062 insigneS,
451 1021 578 1062 quam
597 1007 706 1048 vitiis
735 1007 911 1048 nobiles.
970 1006 1078 1063 Quis
1107 1006 1219 1046 enim
1249 1003 1421 1060 reperiri
1449 1012 1545 1059 pot·
1560 1015 1591 1045 p.
1604 1013 1676 1042 207-

106 1071 174 1103 est
212 1071 300 1103 tam
335 1063 553 1117 improbus
584 1063 698 1113 civis,
729 1064 801 1119 qui
830 1063 928 1104 velit
959 1072 999 1098 ‘29
1015 1076 1101 1104 uno
1134 1061 1336 1118 suffragio
1367 1060 1471 1103 duas
1504 1060 1547 1103 in
1559 1058 1589 1080 ³·

110 1119 415 1173 rempublicam
439 1119 544 1160 sicas
564 1119 823 1175 destringere
841 1122 854 1161 ?

164 1176 395 1225 Quoniam,
434 1190 528 1231 quae
569 1183 610 1208 30
628 1176 817 1218 subsidia
851 1176 1046 1218 novitatis
1085 1173 1275 1224 habereS,
1311 1181 1354 1215 et
1392 1173 1594 1221 habere4

106 1244 266 1286 posses,
293 1232 494 1286 exposui:
528 1247 637 1273 nunc
668 1232 722 1273 de
753 1232 1045 1288 magnitudine
1075 1230 1289 1287 petitionis
1319 1230 1547 1272 dicendum

106 1287 283 1328 videtur.
343 1287 626 1329 Consulatum
658 1289 796 1344 petis:
829 1304 914 1345 quo
931 1289 1092 1330 honore
1124 1302 1250 1328 nemo
1272 1296 1351 1339 est,
1372 1288 1473 1343 quin
1504 1297 1546 1329 te

104 1342 285 1399 dignum
320 1344 573 1395 arbitretur3
616 1345 690 1386 sed
726 1345 864 1396 multi,
896 1346 968 1402 qui
1004 1345 1228 1386 invideant.
1289 1344 1398 1385 Petis
1432 1343 1547 1386 enim

107 1399 239 1441 homo
263 1414 315 1441 ex
344 1401 528 1456 equestri
553 1401 650 1442 loco
682 1416 900 1443 summum
929 1402 1073 1443 locum
1103 1400 1310 1451 civitati83
1341 1409 1469 1456 atque
1489 1400 1549 1442 ita

107 1471 338 1508 summum,
368 1467 417 1498 ut
449 1458 549 1499 forti
575 1458 676 1508 viro,
712 1457 885 1509 diserto,
917 1458 1145 1507 innocenti,
1165 1456 1303 1498 multo
1333 1457 1403 1498 ille
1434 1456 1549 1498 idem

106 1513 243 1554 honos
264 1513 358 1569 plus
378 1514 682 1569 amplitudinis,
704 1529 832 1571 quam
858 1515 1007 1556 ceteris
1033 1514 1191 1555 afferat.
1249 1513 1354 1554 Noli
1384 1521 1548 1569 putare,

109 1583 198 1626 eos,
228 1570 303 1626 qui
332 1579 429 1611 sunt
458 1584 509 1611 eo
532 1571 695 1612 honore
725 1571 804 1622 usi,
835 1586 920 1611 non
949 1570 1102 1620 videre,
1132 1579 1181 1611 tu
1209 1583 1308 1610 cum
1343 1568 1456 1611 idem
1495 1569 1551 1611 sis

105 1625 302 1681 adeptus,
332 1626 435 1682 quid
464 1626 684 1683 dignitatis
714 1627 935 1669 habiturus
966 1627 1034 1668 sis.
1093 1628 1178 1667 Eos
1199 1621 1311 1677 verb,
1340 1626 1413 1682 qui
1443 1641 1550 1667 con-

107 1680 315 1724 sularibus
346 1683 515 1724 familiis
543 1684 629 1724 nati
658 1684 801 1725 locum
833 1684 1043 1739 majorum
1075 1682 1291 1724 consecuti
1319 1697 1404 1724 non
1435 1691 1549 1734 sunt,

104 1739 310 1793 suspicor,
332 1739 425 1790 tibi,
446 1739 525 1780 nisi
547 1740 619 1796 qui
645 1740 875 1781 admodum
906 1750 947 1781 te
973 1748 1130 1790 amant,
1152 1739 1349 1780 invidere.
1408 1739 1550 1781 Etiam

107 1808 237 1836 novos
274 1795 468 1837 homines
507 1797 727 1851 praetorios
767 1797 977 1846 existimo,
1007 1796 1087 1838 nisi
1127 1795 1199 1852 qui
1230 1804 1306 1837 tuo
1343 1795 1549 1837 beneficio

104 1851 233 1892 vincti
255 1860 367 1902 sunt,
388 1852 501 1894 nolle
524 1853 598 1894 abs
619 1861 662 1894 te
683 1867 727 1894 se
748 1853 908 1895 honore
928 1852 1130 1908 superari.
1189 1853 1287 1894 Jam
1310 1852 1352 1893 in
1384 1852 1547 1909 populo

104 1922 235 1963 quam
254 1908 377 1950 multi
397 1909 523 1950 invidi
542 1909 637 1961 sint,
658 1925 786 1965 quam
809 1909 932 1951 multi
953 1908 1258 1951 consuetudine
1286 1908 1439 1950 horum
1471 1913 1547 1950 an-

105 1972 260 2005 norum
293 1965 347 2006 ab
380 1965 623 2007 hominibus
657 1967 773 2007 novis
801 1966 984 2017 alienati,
1012 1965 1147 2007 venire
1178 1965 1256 2007 tibi
1283 1965 1326 2005 in
1357 1974 1546 2007 mentem

103 2029 225 2062 certo
250 2021 355 2062 scio.
378 2036 468 2062 esse
489 2023 617 2063 etiam
638 2023 861 2064 nonnullos
882 2023 959 2064 tibi
978 2023 1105 2064 iratos
1126 2037 1177 2063 ex
1198 2022 1247 2063 iis
1267 2022 1419 2073 causis,
1469 2037 1546 2064 uas

105 2076 246 2132 egisti,
280 2092 449 2119 necesse
472 2088 550 2120 est.
608 2080 703 2121 Jam
739 2079 844 2121 illud
878 2088 970 2121 tute
999 2078 1328 2134 circumspicito,
1349 2093 1434 2134 quo
1493 2078 1548 2120 ad

106 2132 189 2174 Cn.
229 2134 419 2190 Pompeii
453 2135 635 2190 gloriam
672 2136 912 2192 augendam
952 2144 1071 2178 tanto
1114 2134 1256 2176 studio
1293 2143 1337 2176 te
1375 2135 1544 2186 dedisti,

107 2203 211 2230 num
233 2205 340 2246 quos
361 2191 439 2232 tibi
470 2201 592 2247 putes
623 2193 680 2234 ob
709 2207 804 2234 eam
831 2207 1002 2234 causam
1030 2206 1121 2234 esse
1147 2192 1321 2233 amicos.
1380 2193 1546 2248 Quam-

107 2245 254 2287 obrem
276 2261 375 2289 cum
398 2258 441 2289 et
461 2262 676 2290 summum
697 2249 840 2291 locum
862 2249 1038 2290 civitatis
1059 2257 1177 2304 petas
1194 2265 1203 2290 :
1235 2257 1278 2289 et
1296 2247 1436 2290 videas
1455 2258 1545 2290 esse

106 2301 260 2354 studia,
287 2318 382 2359 quae
406 2304 485 2345 tibi
518 2305 816 2347 adversentur:
848 2305 1049 2347 adhibeas
1079 2318 1248 2346 necesse
1280 2314 1345 2345 est
1373 2319 1543 2346 omnem

106 2358 329 2412 rationem,
354 2368 398 2402 et
427 2375 587 2413 curam,
614 2370 657 2403 et
679 2363 884 2414 laborem,
915 2370 958 2403 et
982 2361 1259 2417 diligentiam.
1317 2362 1374 2403 Et
1393 2362 1542 2417 petitio
1557 2357 1590 2408 5

103 2414 429 2470 magistratuum
457 2417 587 2459 divisa
605 2427 670 2460 est
690 2426 727 2450 ³1
748 2418 790 2460 in
810 2419 988 2460 duarum
1009 2418 1219 2460 rationum
1251 2417 1542 2474 diligentiam:

102 2485 283 2528 quarum
303 2471 435 2515 altera
451 2474 495 2516 in
521 2475 756 2517 amicorum
776 2476 939 2528 studiis,
959 2475 1090 2517 altera
1112 2476 1155 2517 in
1182 2475 1378 2532 populari
1397 2475 1544 2517 volun-

148 2587 187 2616 27
211 2581 238 2611 α’
259 2581 334 2624 quid
351 2585 548 2625 commoverit]
578 2586 651 2618 Hoc
676 2597 741 2618 non
762 2588 802 2619 ad
888 2594 929 2621 29
951 2597 1005 2616 uno
1029 2585 1182 2627 suffugio]
1206 2587 1228 2617 i.
1252 2596 1281 2616 e.
1307 2587 1381 2617 unis
1407 2586 1546 2617 comitiis

105 2623 279 2655 Catilinam
295 2626 447 2664 pertinere
467 2635 577 2667 potest.
620 2630 702 2660 Puto
717 2632 804 2661 exci-
846 2631 927 2661 duos
949 2630 1097 2665 homines
1118 2630 1290 2670 improbos,
1307 2636 1338 2659 et
1352 2629 1426 2668 reip.
1442 2629 1546 2668 perni-

102 2667 186 2697 disse
205 2667 294 2709 quis.-
316 2668 341 2699 si
364 2669 429 2710 quis
450 2670 523 2711 quid
541 2672 737 2711 commoverit,
758 2682 804 2704 se.
847 2674 960 2708 ciosos.

103 2717 253 2741 accusare
266 2720 345 2742 eum
360 2714 519 2752 suscipiat.
886 2722 927 2747 30
950 2714 1078 2744 subsidia
1094 2713 1250 2753 novitatis]
1275 2715 1296 2745 i.
1311 2723 1339 2744 e.
1359 2713 1478 2753 quibus
1499 2713 1543 2742 ef-

148 2759 188 2784 28
206 2759 292 2793 paene
306 2755 475 2796 superavit]
501 2756 547 2787 Ut
566 2757 621 2796 qui
636 2759 719 2798 prior
733 2767 800 2789 cre·
843 2758 944 2795 ficias,
961 2767 1001 2788 ne
1016 2759 1138 2789 novitas
1153 2758 1209 2787 tibi
1225 2757 1319 2788 obsit.

103 2801 176 2843 Ψ
190 2802 250 2833 est,
266 2796 408 2836 adeoque
422 2800 660 2839 quodammodo
674 2811 800 2841 supera-
887 2807 925 2831 31
951 2800 982 2830 in
1010 2801 1132 2831 duarum
1163 2799 1308 2829 rationum
1339 2796 1538 2838 diligentiam]

103 2844 162 2875 vit,
185 2847 250 2870 non
273 2840 416 2878 penitus:
441 2843 596 2882 quoniam
617 2850 725 2875 tamen
746 2845 801 2878 ille
843 2843 1053 2882 Diligentiam
1082 2842 1218 2883 duplicis
1246 2842 1379 2882 generis,
1403 2842 1436 2875 in
1465 2841 1542 2875 duae>

105 2881 221 2914 consul
235 2889 356 2917 creatus
372 2890 429 2916 est.
843 2887 904 2918 bus
919 2885 1013 2918 rebus
1027 2886 1255 2918 adhibendam.

854 2939 981 2984 3112
