1844 3202
286 127 385 159 1002
654 122 711 159 M.
742 123 956 161 TULLII
993 123 1324 162 CICERONIS

279 243 511 270 memorare
541 229 762 284 possimus,
793 246 921 286 quam
952 246 1065 281 eum,
1096 231 1167 288 qui
1189 233 1313 274 vitam
1347 232 1472 273 ducat
1501 245 1597 272 cum
1630 231 1709 273 vira

282 295 372 326 tute
401 286 685 342 conjunctam,
711 288 764 328 ad
792 289 966 328 deorum
1002 289 1179 338 cultum,
1209 301 1334 346 atque
1366 289 1585 339 honorem,
1619 302 1710 343 per-

281 350 456 396 petuum
490 343 529 383 in
567 341 757 384 homines
791 344 993 394 studium,
1022 359 1069 384 ac
1107 344 1304 399 pietatem
1336 346 1600 400 aggregare?
1635 358 1709 384 nec

282 397 510 453 quidquam
541 400 749 440 tantulum
779 399 909 440 modo
938 400 979 440 in
1003 400 1093 456 ejus
1113 401 1252 441 animo
1273 402 1461 451 existere,
1483 401 1596 455 quod
1627 415 1709 441 non

281 454 344 495 vel
379 455 539 510 pietati,
564 456 623 495 vel
657 455 921 505 humanitati,
944 456 1008 497 vel
1039 456 1217 511 denique
1236 457 1375 499 virtuti
1405 457 1456 498 sit
1487 466 1708 497 consenta-

281 513 435 552 neum?
469 513 561 553 Nec
589 511 713 552 aliam
735 527 832 552 sane
853 513 909 552 ob
937 527 1102 553 causam
1136 513 1368 567 perturbari
1394 528 1561 554 omnem
1583 513 1709 553 vitam

281 583 436 616 errore,
462 568 708 623 inscitiaque
737 568 940 619 videmus,
969 569 1043 609 nisi
1073 569 1204 624 quod,
1233 585 1326 624 quae
1357 570 1398 610 in
1430 569 1609 610 hominis
1629 569 1712 610 vita

281 625 493 680 praecipua
521 639 612 665 esse
640 624 854 673 deberent,
875 625 1007 679 pietas
1029 640 1129 680 erga
1154 626 1268 676 deos,
1290 626 1328 666 in
1361 625 1551 666 homines
1582 626 1710 666 bene-

282 681 461 731 ficentia,
482 680 610 721 virtus
634 680 674 721 in
703 681 897 736 ingeniis,
919 696 966 722 ac
993 682 1197 732 moribus,
1217 697 1266 722 ea
1294 683 1380 723 fere
1408 683 1548 722 omnia
1575 682 1709 737 negli-

279 747 452 792 guntur.
484 736 716 792 eademque
747 738 920 788 ratione,
951 753 1044 793 quae
1075 738 1257 779 maxime
1287 739 1414 779 vitare
1449 738 1711 788 deberemus,

281 808 331 834 ea
350 793 536 834 studiose
555 794 804 848 expetimus,
826 809 1023 849 caecoque
1043 795 1204 849 impetu
1233 795 1405 835 ferimur
1434 794 1486 834 ad
1511 794 1595 844 illa,
1616 795 1709 849 qui-

280 849 359 890 bus
386 849 467 890 vita
495 859 635 890 nostra
666 850 787 905 plane
821 851 921 900 fera,
953 861 1080 907 atque
1114 851 1308 892 immanis
1334 851 1523 891 efficitur.
1553 865 1603 891 ex
1630 851 1710 892 hoc

281 906 398 946 fonte
427 905 681 960 cupiditates
711 907 964 948 insatiabiles
992 908 1249 958 exoriuntur,
1280 907 1432 964 quibus
1463 922 1546 948 non
1580 906 1711 947 modo

281 961 473 1017 singulos
507 962 713 1013 homines,
744 963 817 1004 sed
848 973 958 1005 totas
989 964 1183 1014 familias,
1213 975 1256 1005 et
1285 964 1493 1005 universas
1524 963 1712 1004 funditus

279 1032 439 1059 eversas
469 1018 657 1060 civitates
682 1019 897 1060 videmus:
930 1030 1128 1075 praeterea
1158 1021 1394 1070 seditiones,
1425 1019 1598 1070 insidiae,
1629 1019 1714 1059 dis-

280 1075 450 1126 cordiae,
481 1090 719 1131 rerumque,
751 1084 793 1117 et
823 1076 1040 1118 hominum
1073 1076 1226 1127 clades,
1258 1088 1299 1118 et
1330 1077 1536 1126 interitus,
1567 1090 1616 1116 ex
1648 1076 1713 1116 his

279 1131 405 1172 etiam
433 1132 697 1173 incredibiles
720 1132 887 1174 dolores
908 1144 1117 1183 emanant,
1139 1134 1291 1189 quibus
1317 1133 1551 1189 perturbari
1571 1133 1712 1183 vitam,

280 1202 415 1244 neque
443 1188 578 1229 solum
609 1189 837 1239 insuavem,
859 1190 931 1231 sed
961 1190 1269 1231 acerbissimam
1302 1189 1408 1230 effici
1438 1203 1605 1230 necesse
1635 1197 1712 1229 est.

310 1245 396 1285 uod
436 1254 582 1286 contra
621 1246 777 1301 probiS,
813 1246 1093 1302 virtutemque
1132 1247 1367 1287 amantibus
1406 1245 1573 1287 accidit.
1616 1260 1711 1285 nam

278 1259 427 1342 divinae
458 1301 661 1343 voluntati
695 1302 1048 1358 obtemperantes,
1077 1303 1180 1344 nihil
1208 1303 1249 1344 in
1280 1318 1324 1343 se
1354 1303 1468 1358 ipsis,
1492 1302 1565 1342 sed
1593 1301 1634 1342 in
1664 1316 1714 1342 ea

279 1371 323 1398 se
342 1358 473 1413 ipsos,
495 1372 542 1398 ac
565 1373 639 1399 sua
658 1369 837 1414 ponunt,
857 1370 899 1400 et
923 1360 1065 1400 locant
1085 1360 1225 1400 omnia
1245 1377 1254 1401 z
1287 1360 1496 1400 neminem
1527 1357 1684 1398 laedunt
1703 1374 1712 1398 :

278 1429 427 1455 omnes
448 1415 712 1465 liberalitate,
731 1416 1007 1471 benignitate,
1027 1415 1228 1457 charitate
1249 1416 1561 1471 amplectuntur
1579 1430 1588 1453 ι
1622 1414 1715 1455 nul-

277 1471 319 1511 la
351 1485 394 1511 re
429 1471 694 1512 cruciantur:
735 1471 837 1512 nihil
872 1481 1091 1527 appetunt,
1128 1473 1318 1514 omnium
1353 1472 1548 1513 vitiorum
1581 1472 1714 1512 fracto

277 1527 456 1583 impetu,
476 1527 840 1583 cupiditatumque
869 1529 1078 1570 radicibus
1101 1544 1152 1569 ex
1180 1529 1321 1569 animo
1351 1529 1517 1584 penitus
1549 1527 1713 1568 evulsis.

275 1583 446 1638 Nempe
467 1584 596 1639 igitur
616 1597 701 1635 eos,
724 1585 794 1640 qui
816 1585 873 1625 ita
893 1585 1094 1636 vixerunt,
1115 1595 1163 1627 ut
1183 1585 1262 1626 sibi
1277 1584 1471 1641 jucundi,
1491 1584 1569 1624 diis
1588 1584 1714 1639 grati,

276 1640 519 1681 hominibus
550 1640 873 1682 fructuosissimi
903 1641 1153 1692 exstiterint,
1181 1642 1328 1682 divinis
1361 1640 1592 1682 honoribus
1616 1639 1713 1695 jure

275 1697 428 1752 dignos
449 1696 630 1752 majores
652 1697 780 1738 nostri
807 1708 1085 1739 censuerunt:
1118 1713 1275 1753 eosque
1301 1712 1397 1738 cum
1430 1697 1509 1737 diis
1539 1696 1714 1737 immor-

275 1754 431 1794 talibus
458 1767 591 1794 aevum
621 1768 748 1809 agere
772 1754 1101 1809 sapientissimus
1132 1760 1259 1810 poeta
1288 1769 1370 1795 non
1403 1753 1615 1794 immerito
1645 1766 1714 1793 ce-

276 1810 392 1851 cinit.
452 1811 545 1851 Nec
581 1819 720 1850 tamen
751 1810 919 1861 iccirco,
953 1811 1068 1866 quod
1101 1826 1245 1852 eorum
1277 1825 1455 1866 corpora
1486 1810 1527 1850 in
1557 1809 1713 1850 coelum

276 1866 436 1922 perlata
455 1866 623 1907 credere
644 1867 849 1922 sapienter
870 1867 1090 1923 quisquam
1118 1868 1252 1922 possit
1270 1884 1278 1908 :
1310 1867 1426 1923 quod
1448 1866 1546 1922 quia
1568 1874 1715 1906 natura

278 1937 362 1964 non
390 1923 560 1978 patitur,
586 1932 646 1973 ut,
674 1923 789 1978 quod
819 1938 841 1963 e
873 1932 982 1964 terra
1008 1934 1086 1974 est,
1116 1924 1229 1975 alibi,
1251 1938 1376 1980 quam
1409 1924 1448 1963 in
1480 1934 1588 1963 terra
1623 1936 1714 1962 ma-

277 1988 389 2029 neat,
409 1994 460 2020 ne
480 1979 594 2020 credi
615 1979 786 2035 quidem
812 1980 979 2031 debeat,
1001 1995 1169 2021 necesse
1190 1990 1253 2021 est
1272 1997 1281 2021 ε
1313 1980 1402 2030 sed,
1424 1979 1540 2035 quod
1565 1993 1714 2019 eorum

276 2035 419 2087 animi,
451 2045 666 2092 tamquam
707 2036 928 2077 hominum
960 2037 1012 2078 de
1042 2037 1120 2077 diis
1151 2036 1475 2087 immortalibus,
1506 2035 1714 2076 humano-

277 2107 360 2148 que
398 2107 551 2147 genere
590 2092 750 2147 optime
789 2093 1051 2144 meritorum,
1082 2093 1125 2134 in
1165 2093 1322 2134 coelum
1361 2102 1562 2148 putentur
1601 2091 1713 2132 elati.

277 2149 392 2205 quod
423 2149 476 2189 de
508 2149 707 2200 Romulo,
730 2150 843 2190 urbis
875 2159 1029 2190 nostrae
1059 2149 1292 2200 conditore,
1323 2148 1539 2190 memoriae
1570 2147 1712 2203 prodi—

278 2215 370 2248 tum
400 2205 669 2261 accepimus:
701 2220 828 2261 quem
863 2206 1075 2261 singulare
1104 2207 1144 2247 in
1169 2221 1306 2261 genus
1331 2205 1552 2246 hominum
1580 2203 1713 2244 colla-

277 2271 370 2304 tum
399 2276 551 2303 munus
581 2270 667 2303 tam
697 2263 907 2317 praeclarae
935 2263 1048 2303 urbis
1078 2263 1324 2313 condendae,
1352 2262 1393 2303 in
1423 2261 1599 2302 deorum
1636 2275 1715 2301 nu-

277 2333 396 2359 mero
424 2318 662 2360 collocavit.
689 2319 813 2374 idque
839 2334 890 2360 eo
920 2328 1126 2375 tempore,
1147 2334 1232 2375 quo
1261 2318 1411 2360 litteris
1441 2326 1481 2358 et
1512 2316 1714 2358 doctrinis

276 2375 469 2417 homines
490 2376 646 2416 exculti
669 2375 790 2416 facile
814 2375 957 2417 fictum
989 2390 1013 2416 a
1041 2390 1259 2431 germano,
1280 2389 1421 2416 verum
1455 2389 1479 2414 a
1509 2373 1615 2414 falso
1647 2388 1714 2414 se-

275 2432 531 2476 cernebant:
571 2441 618 2472 ut
654 2431 766 2472 credi
799 2446 880 2472 non
914 2432 1059 2487 possit,
1092 2432 1322 2488 quidquam
1357 2430 1436 2471 illis
1473 2429 1714 2485 persuaderi

276 2488 479 2544 potuisse,
508 2487 622 2543 quod
655 2487 785 2528 ullam
817 2488 916 2538 ficti,
947 2497 1021 2529 aut
1054 2488 1146 2529 falsi
1182 2488 1409 2542 imaginem
1443 2501 1527 2542 prae
1562 2500 1605 2526 se
1635 2485 1716 2526 fer-

276 2555 355 2588 ret.
387 2544 474 2595 sed,
505 2544 620 2599 quod
651 2544 720 2585 ille
749 2544 954 2594 mortalis,
978 2545 1131 2585 eximia
1151 2545 1328 2594 virtutis,
1347 2558 1396 2584 ac
1427 2541 1715 2583 beneficentia:

277 2600 415 2657 gloria
445 2610 699 2642 consecutus
733 2610 811 2651 est,
846 2610 890 2642 ut
920 2616 1002 2642 non
1032 2601 1169 2642 solum
1205 2599 1471 2649 immortalis,
1505 2598 1577 2640 sed
1610 2598 1714 2638 deus

272 2657 562 2713 judicaretur:
609 2657 652 2698 id
686 2657 823 2713 ipsum
860 2657 950 2698 aliis
983 2658 1111 2698 etiam
1146 2658 1350 2698 tributum
1387 2670 1491 2705 esse,
1522 2663 1570 2696 ut
1607 2655 1714 2696 inter

279 2714 381 2758 deos
401 2713 557 2769 recepti
577 2722 838 2769 putarentur,
859 2728 955 2754 cum
984 2713 1258 2755 excessissent
1288 2728 1311 2754 e
1331 2713 1426 2762 vita,
1455 2711 1624 2752 annales
1644 2725 1714 2751 ve-

279 2781 414 2812 terum
452 2771 694 2826 loquuntur.
728 2770 843 2826 quod
877 2780 921 2810 et
954 2770 1066 2825 apud
1098 2771 1272 2811 Graecos
1305 2768 1419 2824 prius
1449 2767 1644 2822 contigit,
1671 2775 1713 2806 et

278 2826 373 2867 inde
408 2827 584 2868 fortasse
621 2826 672 2868 ad
709 2837 873 2868 nostros
907 2827 1185 2882 permanavit.
1217 2840 1309 2867 nam
1346 2834 1387 2866 et
1422 2824 1643 2875 Hercules,
1671 2833 1713 2863 et
