1844 3202
260 96 336 137 758
783 93 861 132 DE
896 92 1160 133 OFFICIIS

257 202 472 243 voluntate
502 209 614 243 certe
643 202 830 267 proxime
859 203 1124 244 accedimus:
1158 217 1253 244 nam
1285 212 1325 244 et
1348 217 1371 243 a
1390 202 1604 258 republica
1625 203 1690 244 fo-

258 257 533 314 rensibusque
566 259 761 314 negotiis,
797 260 922 300 armis
959 260 1112 314 impiis,
1147 260 1268 315 vique
1304 258 1519 315 prohibiti,
1555 260 1690 300 otium

258 315 575 370 persequimur:
612 324 654 356 et
686 316 741 356 ob
775 330 866 356 eam
899 331 1084 366 causam,
1116 317 1219 357 urbe
1252 317 1410 366 relicta,
1441 330 1537 357 rura
1570 330 1690 370 pera-

222 387 246 420 2
259 381 444 427 grantes,
465 386 576 427 saepe
598 372 677 413 soli
697 387 857 413 sumus.
915 372 998 413 Sed
1030 386 1105 413 nec
1125 373 1259 413 otium
1279 373 1360 414 hoc
1383 388 1478 414 cum
1501 372 1691 436 Africani

259 428 364 478 otio,
387 443 463 469 nec
494 428 585 469 haec
611 428 796 469 solitudo
824 443 921 470 cum
950 429 1021 469 illa
1041 429 1323 484 comparanda
1343 439 1420 470 est.
1481 429 1558 470 Ille
1579 429 1692 469 enim

259 484 526 540 requiescens
556 499 580 525 a
610 485 850 540 reipublicae
881 485 1142 540 pulcerrimis
1173 486 1415 526 muneribus
1446 486 1579 526 otium
1613 485 1692 526 sibi

258 542 454 582 sumebat
472 541 713 597 aliquando,
734 551 777 582 et
796 556 821 582 a
841 551 957 582 coetu
980 541 1199 582 hominum
1222 542 1539 597 frequentiaque
1564 543 1691 582 inter-

258 598 377 648 dum,
399 605 614 653 tamquam
647 598 688 638 in
719 607 906 663 portum,
928 613 971 639 se
993 599 1034 638 in
1057 597 1323 639 solitudinem
1354 599 1592 654 recipiebat.
1615 613 1690 639 no-

259 663 392 695 strum
413 664 556 695 autem
586 654 720 695 otium
744 655 903 710 negotii
930 654 1084 710 inopia,
1108 669 1189 695 non
1222 655 1505 710 requiescendi
1536 654 1692 705 studio,

258 711 538 752 constitutum
571 721 648 752 est.
679 711 887 752 exstineto
917 712 1027 752 enim
1060 719 1222 762 senatu,
1254 711 1483 767 deletisque
1506 711 1693 768 judiciis,

149 786 180 817 p.
196 781 245 807 ⁵³.
259 766 360 822 quid
391 776 468 818 est,
489 767 603 823 quod
633 767 811 824 dignum
843 768 965 809 nobis
990 777 1063 809 aut
1082 768 1124 808 in
1147 768 1276 818 curia,
1298 776 1369 809 aut
1390 768 1432 808 in
1454 769 1580 809 foro
1569 782 1647 823 age
1643 782 1694 808 re

237 824 469 889 ·p·ossimus
488 825 501 864 ?
536 825 684 879 Itaque
706 825 777 880 qui
797 840 838 865 m
866 825 1048 866 maxima
1067 825 1325 874 celebritate,
1347 835 1473 880 atque
1495 825 1536 865 in
1559 823 1693 865 oculis

256 881 408 921 civium
429 880 645 936 quondam
668 881 870 922 viximus:
902 896 1013 922 nunc
1034 881 1244 936 fugientes
1265 893 1539 936 conspectum
1563 881 1693 922 scele-

256 946 460 988 ratorum,
489 936 643 992 quibus
674 937 818 978 omnia
850 937 1100 987 redundant,
1132 938 1326 978 abdimus
1362 952 1453 987 nos,
1488 945 1692 993 quantum

255 993 370 1045 licet,
391 1002 434 1034 et
455 1007 566 1048 saepe
585 992 664 1033 soli
685 1008 843 1034 sumus.
904 993 988 1034 Sed
1009 993 1108 1049 quia
1129 994 1188 1034 sic
1208 994 1260 1034 ab
1291 994 1535 1034 hominibus
1557 993 1694 1035 doctis

256 1050 512 1105 accepimus,
542 1064 624 1090 non
654 1051 794 1091 solum
830 1063 880 1090 ex
914 1050 1036 1090 malis
1068 1049 1224 1113 eligere
1260 1050 1434 1090 minima
1466 1060 1691 1105 oportere·
1682 1081 1692 1101 ‚

256 1106 329 1147 sed
358 1107 485 1147 etiarn
507 1120 627 1147 exce]
631 1120 728 1161 pere
749 1121 800 1147 ex
825 1105 891 1147 his
922 1107 1036 1162 ipsis,
1058 1121 1092 1146 si
1120 1106 1221 1161 quid
1252 1106 1405 1147 inesset
1434 1107 1561 1147 boni:
1594 1121 1695 1171 pro-

256 1171 400 1219 pterea
428 1172 472 1204 et
496 1162 585 1204 otio
614 1164 744 1214 lruor,
770 1177 854 1204 non
887 1162 960 1204 illo
993 1162 1179 1218 quidem,
1218 1172 1230 1194 1
1247 1178 1333 1218 quo
1365 1163 1556 1204 debeat
1548 1178 1595 1212 is,
1621 1162 1694 1219 qui

256 1219 473 1274 quondam
513 1219 745 1275 peperisset
783 1220 918 1261 otium
956 1219 1139 1270 civitati3
1186 1235 1262 1260 nec
1293 1234 1385 1260 earn
1421 1220 1693 1261 solitudinem

256 1275 458 1331 languere
489 1277 642 1331 patior,
663 1291 789 1332 quam
821 1276 927 1317 mihi
957 1276 1093 1317 adfert
1123 1276 1360 1326 necessitas,
1385 1292 1465 1318 non
1487 1276 1693 1318 v.oluntas

219 1333 529 1388 4Quarnquam
563 1333 790 1375 Africanus
829 1333 1069 1397 2majorem
1102 1332 1270 1374 laudem
1305 1332 1369 1373 vel
1403 1348 1498 1374 meo
1528 1332 1695 1389 judicio

256 1390 572 1445 assequebatur.
603 1390 720 1430 nulla
746 1390 856 1431 enim
887 1405 978 1446 ejus
1005 1389 1162 1445 ingenii
1193 1400 1468 1432 monumenta
1497 1390 1697 1431 mandata

255 1445 421 1496 litteris,
444 1446 608 1487 nullum
632 1461 739 1502 opus
755 1447 843 1497 otii,
865 1446 1028 1487 nullum
1050 1446 1287 1487 solitudinis
1305 1461 1458 1488 munus
1478 1455 1625 1488 exstat.
1645 1461 1696 1488 ex

254 1517 342 1558 quo
356 1502 537 1558 intelligi
553 1503 694 1553 debet,
715 1503 835 1544 illum
858 1503 1008 1544 mentis
1026 1502 1271 1558 agitatione,
1293 1503 1695 1559 investigationeque

255 1573 400 1600 earum
431 1573 586 1610 rerum,
615 1575 719 1615 quas
750 1559 979 1615 cogitando
1009 1560 1363 1616 consequebatur,
1386 1574 1461 1601 nec
1493 1560 1695 1611 otiosum,

255 1630 332 1656 nec
354 1615 492 1657 solum
508 1631 712 1672 umquam
729 1616 873 1657 fuisse.
891 1631 966 1657 nos
985 1625 1142 1666 autem,
1157 1617 1229 1671 qui
1251 1631 1335 1657 non
1351 1625 1514 1657 tantum
1534 1617 1696 1658 roboris

254 1671 475 1724 habemus,
518 1680 535 1704 3
555 1682 603 1713 ut
633 1673 892 1728 cogitatione
922 1672 1050 1713 tacita
1080 1687 1104 1713 a
1134 1672 1359 1714 solitudine
1389 1673 1695 1723 abstrahamur,

254 1728 309 1770 ad
339 1729 446 1771 hanc
475 1729 685 1770 scribendi
714 1744 886 1785 operam
914 1743 1040 1770 omne
1061 1729 1249 1770 studium
1271 1743 1500 1785 curamque
1522 1744 1695 1771 conver-

254 1785 399 1827 timus.
460 1787 610 1842 Itaque
649 1786 771 1841 plura
811 1786 919 1827 brexi
961 1794 1167 1842 tempore,
1197 1800 1353 1837 eversa,
1385 1801 1510 1843 quarn
1549 1787 1694 1827 multis

209 1849 240 1896 2
256 1842 388 1893 annis,
409 1852 547 1884 stante
573 1843 802 1899 republica,
824 1843 1079 1898 scripsimus.
1141 1842 1225 1884 Sed
1255 1857 1351 1883 cum
1384 1853 1476 1885 tota
1503 1843 1694 1899 philoso-

217 1898 368 1956 5phia,
398 1900 456 1940 mi
489 1899 657 1951 Cicero,
684 1900 886 1955 frugifera
917 1909 960 1940 et
988 1899 1218 1949 fructuosa,
1249 1914 1326 1941 nec
1360 1900 1446 1941 ulla
1475 1915 1568 1955 pars
1603 1900 1694 1956 ejus

255 1965 275 1988 4
298 1956 458 1997 inculta
477 1971 525 1997 ac
547 1956 712 1998 deserta
732 1958 811 1997 sit:
845 1965 934 1997 tum
957 1956 1095 1996 nullus
1117 1955 1295 1997 feracior
1323 1957 1365 1998 in
1396 1971 1444 1998 ea
1470 1957 1588 1998 locus
1616 1965 1693 2007 est,

255 2027 332 2054 nec
364 2012 548 2065 uberior,
576 2028 704 2068 quam
738 2013 790 2054 de
815 2012 975 2063 officiis,
997 2027 1021 2053 a
1047 2012 1200 2068 quibus
1225 2021 1465 2054 constanter
1496 2012 1693 2054 honeste-

253 2083 337 2124 que
361 2068 523 2112 vivendi
553 2077 767 2134 praecepta.
793 2068 1018 2111 ducuntur.
1078 2070 1221 2125 Ouare
1251 2084 1508 2125 quamquam
1536 2084 1560 2110 a
1588 2069 1693 2112 Cra-

253 2126 375 2181 tippo
406 2134 568 2176 nostro,
588 2126 775 2181 principe
806 2126 933 2189 hujus
963 2125 1180 2166 memoriae
1210 2125 1577 2182 philosophorum,
1602 2125 1694 2168 haec

254 2191 296 2222 te
315 2181 481 2222 assidue
510 2181 655 2223 audire
678 2192 804 2238 atque
834 2196 1024 2246 accipere
1055 2181 1251 2223 confido:
1284 2192 1425 2224 tamen
1455 2183 1695 2224 conducere

254 2238 448 2289 arbitror,
478 2238 632 2280 talibus
659 2253 780 2280 aures
807 2248 900 2281 tuas
932 2238 1105 2280 vocibus
1138 2238 1323 2294 undique
1354 2239 1691 2280 circumsonare
1681 2270 1694 2290 ,

217 2301 331 2340 onec
353 2310 436 2346 eaS,
459 2295 492 2336 si
518 2295 606 2336 fieri
637 2296 784 2351 possit,
804 2295 1035 2360 quidquam
1062 2295 1178 2336 aliud
1209 2295 1368 2337 audire.
1429 2296 1560 2338 Quod
1594 2311 1693 2337 cum

208 2355 242 2386 b·
254 2352 451 2393 omnibus
477 2361 540 2393 est
571 2351 827 2403 faciendum,
852 2361 868 2385 ⁵
889 2367 960 2408 qul
981 2352 1106 2393 vitam
1135 2351 1355 2393 honestam
1384 2352 1548 2408 ingredi
1573 2352 1694 2417 cogi-

252 2417 359 2459 tant,
388 2416 480 2449 tum
513 2408 626 2450 haud
655 2409 757 2460 scio,
787 2424 838 2450 an
871 2408 1027 2450 nemini
1054 2408 1211 2464 potius,
1233 2424 1360 2464 quam
1393 2410 1484 2450 tibi.
1513 2409 1692 2451 sustines

298 2531 310 2555 1
338 2533 392 2565 quo
407 2523 508 2553 debeat
523 2522 560 2562 is]
580 2523 695 2553 Malim
713 2523 841 2554 debebat.
994 2524 1042 2554 hil
1062 2523 1228 2562 loquentes
1244 2529 1300 2552 aut
1315 2523 1485 2554 scribentes
1501 2533 1519 2553 a
1533 2533 1628 2554 sensu
1643 2533 1694 2554 so-

296 2573 314 2597 9
333 2566 470 2606 majorem
481 2566 594 2596 laudem
603 2566 656 2596 vel
662 2578 719 2595 meo
722 2565 847 2606 judicio]
862 2566 951 2596 Pear-
995 2567 1137 2597 litudinis
1155 2566 1289 2596 molesto
1305 2565 1427 2597 liberari
1443 2568 1612 2607 possimus.
1629 2566 1695 2597 ΜΒ.

251 2610 322 2639 cius
347 2610 529 2640 auctoribus
555 2610 633 2640 Mss.
658 2609 772 2639 delevit
791 2608 855 2644 vel,
882 2610 952 2648 qui·
995 2610 1071 2640 Cur.
1088 2610 1183 2639 habet
1199 2608 1293 2638 taciti.

251 2652 311 2683 bus
336 2653 493 2683 consentit
516 2652 676 2682 curiensis
704 2659 734 2682 ct
763 2653 811 2682 ed.
837 2652 950 2683 Colon.
1040 2661 1058 2683 4
1082 2652 1192 2681 inculta
1215 2663 1250 2681 ac
1272 2651 1398 2691 deserta]
1419 2664 1453 2681 ac
1473 2652 1584 2681 deserta
1607 2652 1694 2684 abest

253 2695 317 2726 Ms.
349 2696 446 2726 Goth.
478 2695 574 2725 habet
601 2695 739 2735 majorem
770 2694 883 2724 laudem
910 2707 952 2724 me
996 2696 1059 2725 Ms.
1087 2695 1184 2725 Goth.
1213 2705 1289 2725 mox
1320 2705 1375 2735 pro
1397 2702 1456 2725 tum
1475 2696 1538 2726 Ms.
1563 2695 1639 2726 Cur.
1665 2701 1696 2727 et

250 2737 307 2767 vel
325 2738 522 2778 meojudicio‚
548 2745 583 2768 ut
606 2740 654 2769 ed.
683 2738 771 2778 Mog.
797 2738 878 2768 mihi
902 2737 954 2768 vel
996 2738 1096 2769 Goth.
1113 2746 1209 2767 tamen
1225 2739 1355 2769 habent.

252 2790 317 2811 non
333 2782 508 2812 absurdum
523 2782 658 2812 videtur.
1041 2790 1056 2812 5
1083 2781 1133 2822 qui
1148 2781 1246 2811 vitam
1263 2782 1406 2812 honestam
1422 2780 1534 2822 ingredi
1550 2779 1692 2823 cogitant]

294 2830 312 2854 3
336 2831 369 2857 ut
381 2824 551 2865 cogitatione
564 2824 656 2856 tacita
671 2836 690 2855 a
707 2835 728 2855 s.
745 2822 789 2863 a.]
812 2825 830 2855 i.
852 2834 880 2856 e.
905 2825 953 2855 ni·
997 2824 1113 2856 Malim
1130 2824 1264 2865 cogitent.
