1844 3202
602 110 1025 152 CONSULATUS.
1452 120 1522 160 871

101 230 283 278 quantur
313 230 356 263 et
385 218 649 269 existiment3
680 219 832 261 domus
863 227 911 261 ut
940 218 1075 260 multa
1103 227 1228 260 nocte
1253 220 1530 275 compleatur,

100 279 292 321 omnium
323 291 528 334 generum
557 276 790 332 frequentia
818 274 941 325 adsit,
969 274 1142 316 satisfiat
1171 275 1360 316 oratione
1391 278 1529 318 omni-

100 336 210 386 bus;
241 349 286 376 re
315 346 525 390 operaque
560 332 734 374 multis:
773 331 1012 388 perficiatur
1040 330 1098 381 id,
1128 330 1243 386 quod
1274 331 1360 372 fieri
1390 342 1532 387 potest

100 391 258 442 labore,
274 400 316 432 et
332 399 434 440 arte,
450 403 498 430 ac
520 388 759 444 diligentia3
782 402 865 430 non
883 396 932 429 ut
949 387 1001 429 ad
1023 388 1228 442 populum
1249 387 1302 428 ab
1323 387 1370 428 iis
1393 389 1531 429 omni-

101 447 180 489 bus
199 447 311 488 fama
328 445 553 502 perveniat,
573 445 647 486 sed
677 454 725 487 ut
755 445 796 487 in
826 444 891 486 his
917 443 1063 485 studiis
1083 443 1265 499 populus
1287 443 1376 499 ipse
1395 458 1532 485 verse-

100 511 183 544 tur.
239 503 336 544 Jam
366 502 570 543 urbanam
606 501 722 543 illam
754 500 1088 551 multitudinem,
1121 509 1164 541 et
1198 514 1346 541 eorum
1379 500 1531 551 studia,

101 559 175 615 qui
205 559 430 600 conciones
463 567 622 609 tenent,
642 573 737 613 quae
767 557 943 612 adeptus
972 572 1015 598 es
1041 557 1084 598 in
1105 556 1308 611 Pompeio
1328 556 1531 607 ornando,
1545 567 1662 600 p-212-

100 615 270 656 Manilii
308 629 436 657 causa
467 614 720 670 recipienda,
757 614 956 656 Cornelio
994 612 1276 663 defendendo,
1313 612 1573 654 excitandaa·

101 671 222 714 nobis
243 680 366 714 sunt:
394 687 490 728 quae
518 671 656 713 adhuc
686 671 836 712 habuit
860 685 1000 721 nemo,
1021 670 1121 726 quin
1141 668 1254 710 idem
1276 676 1316 701 46
1333 668 1533 725 splendo-

101 742 191 770 rem
227 729 437 779 omnium,
474 728 794 783 voluntatesque
831 727 1019 768 haberet.
1089 725 1369 768 Efficiendum
1407 726 1534 767 etiam

101 783 223 836 illud,
243 794 292 826 ut
322 785 455 828 sciant
484 798 645 835 omnes,
673 783 756 825 Cn.
781 783 971 838 Pompeii
999 797 1208 824 summam
1241 796 1345 837 erga
1373 790 1415 823 te
1445 796 1537 824 esse

102 841 379 893 voluntatem,
399 851 442 882 et
468 841 735 882 vehementer
761 840 815 881 ad
843 839 956 880 illius
986 839 1183 890 rationes,
1214 847 1257 880 te
1287 838 1331 879 id
1357 839 1537 894 assequi,

103 898 222 954 quod
248 899 370 954 petiS,
390 897 612 954 pertinere.
673 897 892 938 Postremo
913 904 1005 937 tota
1025 896 1189 951 petitio,
1210 910 1324 946 cura,
1344 904 1393 936 ut
1414 909 1538 950 pom-

103 969 170 1010 pae
191 954 316 1011 plena
334 955 401 1005 sit,
419 964 467 998 ut
485 953 674 1004 illustris,
688 963 736 994 ut
755 952 987 1008 splendida,
1004 960 1052 993 ut
1070 952 1299 1008 populariS,
1316 961 1365 993 ut
1385 952 1543 994 habeat

106 1026 318 1053 summam
338 1012 536 1067 speciem,
556 1025 604 1051 ac
624 1009 892 1065 dignitatem,
913 1017 950 1045 ⁴⁷
969 1018 1031 1059 ut,
1051 1009 1178 1049 etiam
1207 1009 1240 1049 si
1265 1008 1369 1064 quid
1389 1009 1539 1064 possit,

107 1083 185 1110 nec
202 1068 554 1123 competitoribus
575 1067 657 1107 tuis
677 1066 848 1108 exsistat
868 1075 942 1107 aut
961 1065 1142 1116 sceleris,
1158 1074 1231 1106 aut
1250 1064 1448 1116 libidinis,
1467 1075 1542 1106 aut

105 1124 342 1180 largitionis
371 1122 693 1166 accommodata
723 1123 776 1164 ad
804 1137 952 1164 eorum
981 1136 1121 1163 mores
1149 1121 1335 1162 infamia.
1392 1122 1540 1177 Atque

107 1181 234 1222 etiam
263 1181 305 1221 in
335 1180 413 1221 hac
433 1180 635 1236 petitione
653 1179 835 1220 maxime
853 1178 1078 1219 videndum
1101 1186 1179 1229 est,
1200 1186 1249 1219 ut
1276 1192 1370 1233 spes
1397 1177 1542 1233 reipu-

107 1237 230 1278 blicae
259 1237 372 1278 bona
399 1236 452 1277 de
480 1245 521 1278 te
549 1237 616 1286 sit,
642 1244 684 1277 et
714 1235 890 1276 honesta
919 1234 1077 1290 opinio.
1115 1249 1191 1275 nec
1221 1242 1362 1275 tamen
1393 1233 1436 1274 in
1466 1248 1542 1290 pe-

108 1293 240 1335 tendo
270 1293 506 1350 respublica
531 1291 789 1348 capessenda
813 1301 890 1343 est,
920 1305 1055 1347 neque
1084 1291 1125 1332 in
1154 1300 1318 1342 senatu,
1336 1304 1473 1346 neque
1500 1290 1543 1331 in

110 1351 316 1392 concione
334 1367 343 1391 ε
375 1349 450 1392 sed
471 1350 563 1391 haec
582 1349 660 1391 tibi
679 1357 777 1390 sunt
797 1348 1014 1389 retinenda
1027 1363 1038 1398 3
1069 1357 1119 1389 ut
1138 1356 1304 1389 senatus
1333 1355 1375 1388 te
1400 1347 1543 1388 existi-

111 1417 198 1448 met
232 1421 284 1448 ex
314 1421 381 1457 eo,
415 1407 532 1462 quod
567 1405 625 1447 ita
659 1405 822 1455 vixeris,
858 1404 1121 1445 defensorem
1158 1403 1420 1445 auctoritatis
1456 1418 1543 1444 suae

110 1463 200 1504 fore
217 1481 226 1505 :
257 1463 420 1519 equites
440 1462 634 1513 Romani,
656 1470 699 1503 et
718 1461 792 1503 viri
811 1461 927 1512 boni,
948 1470 991 1502 et
1010 1460 1257 1516 locupletes,
1279 1475 1330 1501 ex
1350 1460 1434 1501 vita
1451 1468 1547 1500 acta

111 1529 155 1561 te
176 1520 413 1562 studiosum
434 1520 509 1560 otii
530 1534 579 1560 ac
598 1533 739 1560 rerum
769 1517 1092 1573 tranquillamm
1110 1534 1119 1558 ε
1157 1516 1402 1567 multitudo,
1424 1530 1474 1556 ex
1495 1530 1546 1556 eo

112 1573 330 1628 duntaxat,
351 1576 469 1632 quod
489 1576 678 1617 oratione
697 1575 739 1616 in
760 1574 964 1615 concione
983 1588 1033 1614 ac
1056 1573 1220 1628 judicio
1241 1572 1454 1629 popularis
1475 1572 1545 1613 fu-

112 1633 196 1684 isti,
218 1642 260 1674 te
289 1648 315 1675 a
341 1633 427 1674 suis
457 1631 694 1674 commodis
726 1631 910 1672 alienum
939 1645 1023 1670 non
1047 1631 1254 1671 futurum.
1313 1630 1421 1670 Haec
1442 1628 1546 1669 mibi
1566 1630 1633 1678 14

112 1690 334 1731 veniebant
352 1689 393 1730 in
414 1698 601 1730 mentem
621 1687 674 1729 de
694 1687 858 1729 duabus
884 1686 963 1727 illis
983 1685 1386 1727 commonitionibus
1407 1693 1547 1726 matu-

114 1746 227 1797 tinis,
248 1745 365 1801 quod
389 1745 467 1786 tibi
492 1744 683 1800 quotidie
712 1743 765 1785 ad
789 1744 930 1784 forum
960 1741 1229 1784 descendenti
1257 1741 1548 1783 meditandum

116 1816 209 1844 esse
229 1801 466 1843 dixeramus
486 1818 495 1842 :
526 1802 674 1842 Novus
696 1815 804 1851 sum,
826 1799 1094 1840 consulatum
1114 1808 1229 1854 peto.

173 1859 366 1900 Tertium
393 1865 536 1907 restat,
557 1858 693 1898 Roma
711 1865 789 1907 est,
809 1856 952 1897 civitas
974 1864 1013 1888 48
1029 1870 1080 1895 ex
1100 1855 1322 1896 nationum
1341 1863 1551 1896 conventu

118 1915 379 1956 constituta:
408 1915 452 1955 in
483 1927 567 1970 qua
596 1913 742 1954 multae
768 1912 944 1962 insidiae,
972 1912 1107 1953 multa
1136 1911 1314 1962 fallacia,
1344 1910 1480 1952 multa
1508 1911 1551 1952 in

117 1971 234 2013 omni
249 1985 404 2027 genere
416 1970 516 2012 vitia
532 1979 767 2011 versantur:
791 1969 1021 2009 multorum
1044 1968 1299 2023 arrogantia,
1317 1967 1552 2008 multorum

117 2027 401 2078 contumacia,
440 2026 672 2068 multorum
721 2024 1029 2075 malevolentia,
1069 2026 1301 2065 multorum
1342 2024 1554 2079 superbia,

118 2084 354 2126 multorum
387 2083 533 2124 odium
566 2097 615 2124 ac
647 2082 841 2123 molestia
873 2080 1120 2137 perferenda
1152 2089 1230 2122 est.
1286 2079 1427 2121 Video
1463 2094 1554 2121 esse

119 2140 265 2196 magni
298 2140 463 2181 consilii
493 2149 619 2196 atque
647 2139 762 2189 artis,
782 2138 825 2179 in
856 2145 922 2179 tot
951 2137 1173 2179 hominum
1203 2135 1409 2193 cujusque
1437 2135 1556 2177 modi

118 2197 242 2250 vitiis,
263 2196 474 2253 tantisque
497 2204 730 2237 versantem
757 2194 885 2235 vitare
913 2193 1204 2244 offensionem,
1225 2201 1266 2227 49
1283 2193 1411 2234 vitare
1432 2192 1553 2234 fabu-
1566 2201 1598 2233 b.

120 2252 222 2306 lam,
253 2253 382 2295 vitare
412 2252 582 2294 insidias
598 2268 611 2304 3
642 2266 733 2293 esse
765 2265 899 2292 unum
932 2250 1150 2291 hominem
1185 2248 1555 2290 accommodatum

123 2309 178 2351 ad
207 2319 369 2352 tantam
394 2323 578 2360 morum,
598 2322 645 2349 ac
665 2321 923 2357 sermonum,
945 2321 993 2347 ac
1014 2306 1279 2347 voluntatum
1299 2305 1557 2346 varietatem.

123 2367 267 2430 Quare
293 2365 421 2407 etiam
447 2373 576 2421 atque
602 2364 731 2405 etiam
757 2377 887 2418 perge
914 2373 1057 2403 tenere
1083 2362 1209 2403 istam
1230 2371 1269 2394 ⁵0
1286 2362 1409 2412 viam,
1429 2376 1558 2418 quam

121 2421 324 2472 institisti.
343 2422 502 2464 excelle
522 2420 715 2463 dicendo.
737 2419 820 2461 hoc
840 2426 884 2460 et
903 2427 1099 2460 tenentur
1120 2419 1268 2459 Romae
1287 2417 1495 2468 homines,
1515 2426 1559 2459 et

167 2540 208 2566 46
230 2533 405 2575 splendorem
429 2530 568 2572 omnium]
596 2530 660 2562 Hic
685 2532 740 2570 qui
765 2531 819 2567 sit,
863 2530 1010 2570 deinceps
1025 2530 1059 2560 in
1074 2529 1235 2560 civitatem
1250 2528 1364 2568 recepti
1377 2535 1463 2558 sunt.

125 2579 244 2609 nescio.
288 2576 466 2616 splendorem
490 2576 642 2606 vitiosum
665 2583 752 2614 puto.
779 2583 821 2604 an
907 2581 948 2606 49
959 2573 1059 2602 vitare
1060 2571 1215 2613 fabulam]
1229 2572 1361 2602 Famam
1372 2571 1560 2610 malignam.

118 2621 262 2664 favorem
272 2619 290 2649 ,9
912 2623 952 2647 50
967 2616 1064 2653 viam,
1079 2626 1167 2657 quam
1187 2612 1355 2653 instituisti]
1373 2614 1500 2643 Correxi
1516 2614 1562 2642 in·

171 2669 210 2698 47
235 2668 269 2692 u!
283 2662 371 2692 etiam
391 2661 416 2690 si
437 2659 510 2702 quid
523 2658 630 2700 possit]
649 2659 754 2690 Placet
768 2658 825 2689 Pa-
868 2658 981 2695 stitisn,
1010 2664 1049 2688 ut
1078 2659 1182 2688 visum
1212 2663 1258 2686 est
1290 2657 1386 2686 etiam
1416 2656 1562 2686 Grutero.

129 2706 221 2736 lermi
237 2705 399 2738 correctio,
413 2703 436 2733 si
453 2714 510 2744 qua
519 2703 622 2742 possit,
638 2709 674 2733 ut
688 2703 728 2733 ad
743 2702 824 2732 infa-
868 2710 945 2731 nam
972 2701 1057 2730 viam
1086 2700 1235 2729 instituere
1270 2698 1356 2728 aliud
1391 2699 1562 2736 significat,

130 2749 233 2779 miam
247 2748 362 2778 clarius
378 2746 537 2777 referatur.
866 2752 966 2782 quam
993 2743 1113 2783 ingredi
1134 2743 1233 2777 viam,
1260 2742 1345 2779 quod
1372 2747 1418 2770 est
1440 2750 1564 2780 semper

174 2797 214 2822 48
237 2801 273 2820 ex
286 2790 434 2820 nationum
450 2785 604 2825 conventu]
620 2787 671 2818 Sc.
682 2787 824 2818 Albano·
867 2785 996 2815 insistere
1017 2793 1048 2816 et
1071 2784 1145 2815 alibi
1167 2793 1296 2823 quoque
1319 2784 1351 2813 in
1375 2782 1462 2814 libris
1483 2784 1564 2814 anti·

132 2843 218 2871 mm,
242 2833 447 2870 Sabinorum,
474 2830 658 2870 AEquotum
681 2831 742 2862 δῖα.
767 2829 822 2868 qui
866 2829 938 2867 quis
954 2829 1024 2860 haec
1038 2828 1133 2859 verba
1147 2832 1326 2868 permutata
1339 2832 1427 2857 sunt.
