1844 3202
629 129 1045 168 CONSOLATIO.
1464 133 1537 178 991

118 250 218 280 sane
254 238 477 304 intelligas,
506 237 648 292 itaque
676 238 716 278 in
748 237 916 288 fabulis,
935 252 1041 293 quos
1071 237 1129 278 dii
1159 237 1341 278 maxime
1368 235 1540 279 adama·

119 300 230 346 runt,
247 310 334 361 eos,
355 311 406 336 ne
427 294 710 335 imminentem
732 294 915 349 aliquam
935 293 1218 334 calamitatem
1241 308 1281 333 sc
1288 294 1391 334 ntire
1412 308 1540 348 coge-

119 362 276 401 rentur,
297 352 331 393 si
354 351 603 414 vigilassent,
623 364 647 390 a
667 350 745 391 diis
768 350 1076 390 immortalibus
1097 361 1341 403 consopltos
1361 365 1450 389 csse
1470 365 1540 390 ac..

115 407 319 462 cepimus.
341 415 520 448 mortem
542 406 684 460 igitur,
704 406 907 470 siquidem
932 420 1080 446 somno
1103 405 1247 446 similis
1267 415 1343 455 est,
1366 406 1540 460 singulis

117 464 314 505 noctibus
332 463 560 526 induimus,
580 471 636 512 et,
656 476 751 503 cum
775 463 814 503 in
837 476 985 503 somno
1005 476 1150 503 sensus
1171 461 1224 502 sit
1244 462 1366 524 plane
1386 462 1540 513 nullus,

118 519 280 560 nullum
303 519 428 559 etiam
459 519 501 559 in
534 527 670 559 morte
699 519 887 560 futurum
910 532 999 559 esse
1021 532 1205 568 sensum,
1226 532 1435 558 xerlssnne
1456 528 1539 558 sta-

117 585 235 616 tuere
263 575 479 616 debemus.
509 575 624 630 quod
655 585 701 616 ut
732 590 854 615 sensu
882 575 974 630 ipso
1004 574 1124 629 plane
1150 573 1390 629 percipitur,
1411 573 1469 614 sie
1490 588 1540 615 ne

115 630 170 672 de
194 631 334 672 altero
368 632 539 694 quidem
568 631 748 672 dubitari
781 631 867 672 ullo
899 641 1024 686 pacto
1059 641 1215 685 potest,
1248 645 1362 685 qum,
1396 629 1541 693 quales

114 697 227 738 ante,
247 702 373 743 quam
403 703 623 737 oriremur,
649 688 819 736 fuimus,
850 688 951 728 tales
982 688 1106 728 etiam
1140 687 1296 727 mortui
1326 686 1455 727 futuri
1485 686 1541 727 si-

117 758 227 784 muS.
260 759 372 784 mors
392 744 501 784 enim
511 743 882 808 quemadmodum
904 743 956 784 ad
981 758 1094 794 eum,
1115 744 1186 798 qui
1217 743 1404 784 nondum
1425 751 1541 783 ortus

115 810 195 849 est,
217 800 318 840 nihil
340 800 554 855 pertinuit,
577 815 634 840 sic
664 814 714 839 nc
745 799 797 840 ad
825 815 923 840 eum
951 799 1136 855 quidem,
1158 800 1230 855 qui
1253 809 1442 839 mortuus
1463 808 1541 849 est,

117 855 204 896 ulla
224 856 382 897 ratione
404 856 641 911 pertinebit.
672 856 723 896 ad
750 857 997 898 morientem
1026 870 1122 896 vero
1151 856 1214 897 vel
1243 855 1362 905 nihil,
1384 855 1444 895 vel
1467 869 1541 910 pa-

118 926 212 953 rum
245 922 358 953 certe
387 914 579 967 pertinet.
620 912 826 967 siquidem
855 926 941 953 tam
977 921 1159 967 angusto
1192 912 1342 967 spatio,
1372 922 1544 967 tamque

116 967 229 1008 brevi
249 969 458 1009 curriculo
479 974 711 1018 coercetur,
732 979 791 1018 ut,
815 983 888 1009 nec
921 969 953 1009 si
983 969 1080 1010 velit
1107 968 1292 1024 quidem,
1314 983 1418 1009 ures
1445 982 1540 1008 suas

117 1023 293 1066 nimium
317 1024 546 1088 porrigere,
568 1036 639 1066 aut
660 1025 865 1079 explicare
887 1026 1031 1080 possit.
1088 1027 1196 1080 Ouae
1225 1035 1289 1065 est
1319 1024 1450 1079 igitur
1468 1038 1541 1065 eo-

115 1095 210 1122 rum
239 1081 388 1130 oratio,
410 1096 482 1136 qui
512 1090 675 1122 tintum
707 1082 746 1122 in
779 1091 913 1123 morte
941 1082 1130 1122 dolorem
1162 1096 1205 1122 se
1235 1081 1396 1131 timere,
1416 1089 1543 1136 atque

116 1150 384 1191 expavescere
405 1137 619 1178 dictitant.
610 1152 620 1169 r
653 1153 907 1193 quamquam
931 1153 1012 1178 non
1032 1153 1130 1178 sane
1151 1137 1286 1188 video,
1307 1151 1392 1193 quo
1413 1136 1543 1177 modo

116 1192 237 1234 aliter
274 1193 410 1234 facere
446 1195 621 1248 possint.
655 1195 727 1249 qui
761 1209 872 1234 enim
909 1205 1089 1235 mortem
1120 1209 1350 1249 numquam
1383 1192 1544 1248 experti

117 1248 214 1300 sint,
236 1264 363 1314 quam
386 1250 512 1290 semel
546 1250 674 1291 homo
696 1251 909 1291 subiturus
930 1260 1007 1300 est,
1031 1265 1116 1306 quo
1138 1250 1282 1301 modo,
1306 1250 1432 1300 bona,
1452 1263 1543 1290 ma-

116 1305 210 1346 lane
231 1307 297 1355 sit,
316 1320 408 1346 vere
429 1307 594 1355 sentire,
613 1321 660 1348 ac
680 1306 912 1362 dijudicare
932 1309 1138 1370 possunt?
1173 1308 1408 1347 Morientes
1426 1306 1544 1347 aiunt

115 1362 306 1413 cruciari,
336 1363 451 1417 angi,
480 1363 745 1418 distorqueri.
787 1363 902 1426 quod
938 1364 979 1403 in
1010 1363 1220 1404 nonnullis
1250 1364 1425 1404 fortasse
1455 1362 1544 1403 ani-

114 1418 316 1460 madverti
331 1428 456 1474 atque
474 1420 679 1460 observari
696 1421 848 1474 potuit.
866 1435 908 1459 m
924 1434 1010 1473 quo
1028 1430 1116 1460 tum
1135 1419 1202 1460 isti
1218 1419 1375 1474 aliquid
1391 1419 1543 1460 dixisse

117 1474 247 1518 videri
269 1484 454 1539 possent,
473 1476 514 1517 si
544 1476 625 1516 hoc
654 1490 706 1516 ex
736 1475 828 1530 ipso
858 1476 1004 1516 mortis
1034 1490 1158 1516 sensu
1186 1476 1399 1530 penderet.
1430 1490 1542 1525 nam,

114 1529 151 1571 si
170 1546 284 1572 mors
304 1532 395 1586 ipsa
414 1532 560 1573 dolore
581 1546 659 1572 suo
679 1546 830 1586 corpus
856 1546 988 1586 usque
1009 1546 1060 1573 eo
1082 1532 1302 1582 cruciaret,
1322 1542 1451 1587 atque
1472 1546 1547 1573 an-

112 1595 247 1641 geret,
269 1595 336 1630 ut
347 1587 439 1628 haec
469 1587 626 1628 doloris
657 1587 780 1628 edere
812 1587 964 1629 indicia
993 1598 1243 1652 cogeretur:
1275 1589 1419 1643 negari
1444 1602 1542 1644 pro-

113 1644 228 1685 fecto
261 1658 344 1684 non
375 1654 530 1699 posset,
560 1644 661 1699 quin
691 1644 882 1685 dolorem
912 1658 995 1684 non
1025 1644 1279 1685 levissimum
1311 1659 1426 1685 mors
1455 1645 1548 1700 ipsa.

113 1709 223 1741 esset
247 1699 436 1741 allatura.
487 1700 600 1741 Cum
631 1713 726 1741 vero
756 1699 999 1756 hujusmodi
1029 1700 1238 1742 cruciatus
1268 1701 1547 1756 paucissimos

113 1766 258 1811 angat,
284 1765 327 1796 et
350 1770 422 1797 eos
452 1756 646 1807 maxime,
671 1756 743 1812 qui
774 1767 982 1812 1ntempe1
983 1767 1114 1806 anter,
1142 1758 1364 1812 flagitiose,
1385 1757 1542 1798 nefarie

112 1812 316 1854 vixerint.
348 1821 458 1853 nunc
487 1812 670 1853 dubitari
695 1828 778 1853 non
808 1823 962 1868 potest,
983 1814 1082 1877 quin
1109 1813 1212 1854 tales
1239 1814 1430 1855 homines
1460 1828 1546 1855 non

115 1883 245 1919 mors,
268 1868 339 1910 sed
362 1869 642 1910 admissorum
665 1869 869 1910 scelerum
890 1870 1145 1910 conscientia
1165 1881 1296 1921 vexet,
1310 1871 1548 1926 habeatque

114 1925 331 1967 sollicitos.
363 1926 435 1990 qui
466 1926 578 1965 enim
610 1940 653 1966 se
683 1926 908 1966 morituros
942 1941 1172 1981 numquam
1203 1902 1469 1977 crediderint,
1495 1941 1544 1967 ac

115 1996 167 2022 ne
196 1982 426 2037 cogitarint
488 1981 645 2032 uidtm,
678 1997 776 2022 cum
809 1983 860 2022 ad
893 1983 1028 2037 ipsam
1057 1994 1239 2024 mortem
1271 1983 1546 2048 perienerint,

112 2048 339 2102 angunt-ur,
360 2052 445 2078 non
459 1997 611 2078 cdolore
632 2038 853 2089 moriendi,
875 2039 947 2079 sed
976 2039 1090 2094 quod
1121 2054 1145 2080 e
1174 2040 1255 2080 vita
1275 2040 1387 2080 inviti
1410 2039 1546 2080 disce-

112 2094 231 2136 dunt.
270 2095 312 2134 in
343 2108 427 2150 qua
457 2108 556 2135 eum
588 2095 730 2136 omnia
758 2095 956 2145 secunda,
992 2095 1212 2150 feliciaque
1245 2096 1546 2151 experirentur,

114 2165 167 2192 ne
194 2163 313 2191 secus
338 2150 517 2214 mortuis
538 2151 714 2201 accidat,
734 2151 852 2193 valde
874 2151 1016 2202 vereri,
1038 2166 1086 2193 ac
1106 2152 1298 2193 dubitare
1318 2161 1546 2208 coguntur.

111 2207 175 2249 At
192 2206 329 2257 bonis,
345 2206 417 2262 qui
437 2215 616 2247 mortem
640 2221 820 2263 semper,
840 2218 1058 2263 tamquam
1078 2209 1295 2264 praesentis
1317 2217 1544 2272 tempesta-

113 2263 167 2304 tis
192 2271 377 2318 portum,
399 2263 440 2303 in
471 2277 557 2315 ore,
578 2278 626 2304 ac
658 2278 851 2305 sermone
883 2264 1122 2316 habuerint,
1149 2280 1221 2320 qu1
1254 2280 1307 2305 ue
1336 2279 1387 2305 ex
1401 2264 1553 2329 'hujus

111 2319 205 2360 vitae
226 2319 435 2374 procelliS,
458 2320 606 2360 mortis
626 2320 844 2370 beneficio,
863 2320 1089 2376 aliquando
1119 2265 1280 2376 egredi,
1311 2322 1545 2377 saepissime

112 2375 439 2430 concupiverim,
461 2375 564 2416 nihil
585 2376 797 2428 libentius,
819 2391 868 2417 ac
889 2377 1121 2432 jucundius
1151 2379 1380 2428 mentione,
1400 2392 1447 2419 ac
1470 2392 1547 2418 no·-

114 2431 228 2472 mine
247 2431 395 2472 mortis
415 2431 582 2473 accidit.
640 2433 822 2488 Atque'
813 2448 856 2474 m
883 2433 933 2474 iis
955 2434 1082 2475 etiam
1103 2445 1318 2489 praestans,
1340 2435 1548 2498 planeque

118 2487 410 2529 admirandum
432 2488 609 2530 deorum
632 2504 787 2530 munus
806 2490 1063 2545 agnoscitur.
1091 2491 1228 2532 bonos
1248 2491 1374 2541 enim,
1395 2500 1436 2531 et
1457 2489 1550 2545 qui—

111 2544 210 2585 dem
232 2543 451 2599 plurimos,
471 2559 555 2586 non
583 2545 712 2586 modo
743 2561 842 2586 cum
870 2547 1025 2601 exiguo
1050 2546 1213 2598 dolore,
1232 2557 1280 2588 ut
1301 2556 1445 2602 optare
1467 2546 1547 2587 ho—

114 2600 249 2641 mines
269 2599 398 2655 vulgo
420 2600 570 2653 solent,
591 2602 663 2643 sed
684 2602 822 2643 onmis
840 2602 964 2657 plane
984 2602 1142 2644 doloris
1169 2612 1357 2658 expertes
1390 2617 1440 2643 ex
1467 2602 1546 2643 hac

112 2657 196 2697 vita
214 2670 420 2711 egressos,
440 2656 528 2697 sine
547 2658 633 2699 ulla
655 2658 916 2700 dubitatione
937 2661 1132 2714 reperias.
1151 2675 1202 2700 ex
1219 2660 1372 2715 quibus
1393 2660 1448 2713 Q.
1466 2659 1545 2699 Fa-

113 2713 207 2754 bius
227 2712 496 2754 consulatum
518 2714 708 2769 adeptuS,
729 2729 826 2755 cum
859 2715 900 2755 in
932 2716 1046 2757 curia
1067 2726 1366 2770 praetereuntes
1388 2715 1544 2755 saluta-

112 2777 191 2820 ret,
214 2768 315 2809 nihil
336 2769 500 2819 dolens,
517 2770 619 2812 nihil
638 2770 806 2812 molesti
825 2771 1022 2822 sentiens,
1042 2772 1174 2812 immo
1195 2772 1319 2827 plane
1338 2770 1543 2826 gaudens,

111 2839 135 2866 e
166 2825 248 2865 vita
276 2824 481 2866 discessit.
521 2835 648 2883 atque
677 2826 788 2868 idem
819 2828 999 2882 contigit
1031 2831 1085 2868 A.
1115 2828 1332 2883 Pompeio,
1368 2842 1465 2868 cum
1502 2827 1543 2867 in

839 2896 952 2938 3⁵2
