1844 3202
620 125 802 163 LIBER
838 119 1085 161 PRIMUS.
1466 128 1551 171 727

115 234 300 289 partiens
317 249 333 286 3
362 248 447 275 non
467 240 532 274 est
552 231 785 273 admodum
809 228 1095 285 vituperanda.
1114 228 1406 283 atque'etiam,
1426 230 1461 271 si
1480 244 1549 280 sa?

114 290 218 331 tiata
236 298 417 346 quaestu,
436 289 500 330 vel
520 298 721 330 contenta
740 287 896 342 potiuS‚
915 295 963 327 ut
983 299 1094 340 saepe
1114 299 1165 325 ex
1186 284 1273 325 alto
1293 284 1333 324 in
1363 295 1549 339 portum,

115 353 154 378 ⁶⁴
171 361 220 387 ex
256 348 349 403 ipso
385 354 509 401 portu
540 351 578 377 65
593 345 636 386 in
667 359 791 399 agros
822 358 866 384 se
906 341 1275 398 possessionesque
1304 341 1549 394 contulerit,

112 402 276 444 videtur
295 403 394 458 jure
415 401 578 457 optimo
604 416 727 457 posse
757 400 932 441 laudari.
993 398 1194 440 Omnium
1218 404 1360 438 autem
1391 410 1549 449 rerum,

112 473 164 499 ex
182 459 335 515 quibus
354 458 514 513 aliquid
544 458 789 514 acquiritur,
810 455 912 498 nihil
938 465 1003 498 est
1022 454 1282 511 agricultura
1301 453 1468 504 melius,
1486 455 1550 495 ni—

113 513 174 555 hil
198 515 382 563 uberius,
405 514 508 555 nihil
536 515 717 565 dulcius,
739 520 778 546 ⁶6
797 513 900 555 nihil
931 512 1104 554 homine
1128 511 1262 552 libero
1292 509 1478 565 dignius.
1498 511 1552 551 de

114 585 212 627 qua,
243 571 441 627 quoniam
475 572 515 612 in
545 572 710 613 Catone
734 571 895 627 majore
925 569 1024 612 satis
1055 568 1191 609 multa
1220 567 1418 616 diximus,
1436 565 1552 608 illinc

111 641 316 679 assumes,
336 643 431 683 quae
451 628 503 668 ad
523 628 636 669 hunc
658 628 800 669 locum
822 627 1109 683 pertinebunt.

170 683 253 725 Sed
283 685 336 725 ab
365 684 414 725 iis
442 685 647 740 partibus,
669 700 764 740 quae
791 693 890 725 sunt
918 681 1164 731 honestatis,
1187 678 1551 736 quemadmodum
1564 679 1634 728 43

112 739 249 781 officia
279 740 546 793 ducerentur,
576 741 676 782 satis
708 741 946 796 expositum
974 739 1151 780 videtur.
1211 738 1373 777 Eorum
1409 744 1551 777 autem
1568 755 1642 787 152

111 795 316 851 ipsorum,
342 813 437 854 quae
463 798 643 839 honesta
671 806 782 848 sunt,
804 804 841 833 67
857 804 999 853 potest
1025 795 1207 836 incidere
1235 807 1348 848 saepe
1377 801 1551 834 conten·

111 853 173 893 tio
183 869 195 904 3
228 853 281 895 de
309 855 476 896 duobus
509 854 698 896 honestis
729 863 873 896 utrum
903 853 1148 894 honestius:
1181 850 1254 906 qui
1278 849 1399 891 locus
1424 864 1449 890 a
1476 850 1554 890 Pa-

112 909 240 962 naetio
282 920 347 953 est
383 912 705 967 praetermissus.
762 912 878 952 Nam
914 925 1013 952 cum
1048 908 1185 950 omnis
1224 906 1423 948 honestas
1463 918 1664 952 ina-p.:31.

114 976 186 1020 net
203 981 229 1008 a
250 968 439 1023 partibus
459 977 674 1025 quattuor,
692 983 871 1024 quarum
899 981 984 1009 una
1011 966 1066 1008 sit
1090 964 1374 1021 cognitionis:
1407 962 1594 1014 altera,³·

113 1025 460 1072 communitatis:
505 1025 642 1076 tertia,
675 1023 1060 1080 magnanimitatis:
1100 1030 1263 1078 quarta,
1293 1020 1554 1061 moderatio-

115 1080 179 1120 nis
202 1097 212 1122 :
242 1081 309 1122 hae
331 1082 374 1122 in
396 1081 625 1138 deligendo
645 1082 783 1123 officio
806 1096 916 1137 saepe
943 1081 1051 1122 inter
1081 1093 1124 1120 se
1148 1086 1462 1133 comparentur,
1484 1091 1557 1118 ne-

116 1150 233 1178 cesse
253 1146 330 1179 est.
392 1139 535 1180 Placet
562 1139 706 1195 igitur,
728 1140 892 1193 aptiora
910 1151 1002 1179 esse
1027 1143 1188 1178 naturae
1213 1148 1263 1175 ea
1287 1134 1438 1184 officia,
1459 1148 1553 1189 quae
1570 1143 1642 1177 153

115 1206 168 1234 ex
201 1195 522 1245 communitate,
557 1210 683 1251 quam
719 1209 783 1243 ea,
818 1209 912 1250 quae
947 1209 998 1234 ex
1037 1191 1281 1247 cognitione
1319 1190 1556 1232 ducantur:

114 1243 243 1305 idque
272 1250 356 1292 hoc
385 1260 639 1307 argumento
670 1251 909 1293 confirmari
934 1258 1089 1307 potest,
1111 1247 1241 1305 quod,
1267 1247 1302 1288 si
1327 1246 1559 1302 contigerit

116 1319 166 1346 ea
197 1307 279 1348 vita
319 1307 511 1363 sapienti,
540 1317 588 1349 ut
621 1309 665 1349 in
700 1308 889 1349 omnium
930 1322 1070 1348 rerum
1103 1304 1373 1346 affluentibus
1407 1303 1558 1359 copiis,

116 1364 306 1418 quamvis
337 1365 493 1415 omnia,
526 1371 564 1396 68
580 1380 673 1420 quae
704 1364 952 1420 cognitione
980 1364 1111 1418 digna
1140 1361 1238 1412 sint,
1269 1375 1439 1402 summo
1468 1360 1558 1401 otio

117 1433 260 1460 secum
294 1421 384 1476 ipse
410 1421 647 1463 consideret
678 1434 721 1463 et
748 1421 1086 1476 contempletur:
1118 1428 1274 1468 tamen,
1304 1417 1338 1458 si
1369 1417 1558 1458 solitudo

115 1485 234 1517 tanta
272 1479 340 1528 sit,
378 1486 426 1519 ut
465 1479 680 1519 hominem
714 1478 850 1519 videre
890 1493 975 1518 non
1013 1475 1162 1532 possit,
1193 1474 1369 1515 excedat
1406 1488 1430 1514 e
1458 1474 1559 1514 vita.

117 1532 402 1591 Princepsque
425 1536 615 1576 omnium
636 1536 839 1576 virtutum
858 1544 923 1575 est
947 1534 1020 1576 illa
1041 1532 1257 1588 sapientia,
1278 1545 1406 1587 quam
1427 1529 1559 1583 σοφίαν

119 1589 261 1631 Graeci
289 1600 466 1633 vocant:
510 1591 777 1647 prudentiam
807 1591 935 1640 enim,
967 1605 1095 1646 quam
1127 1587 1268 1629 Graeci
1297 1587 1461 1644 φρόνησιν
1491 1586 1557 1627 di·

117 1656 232 1697 cunt,
254 1647 378 1689 aliam
404 1649 616 1704 quandam
645 1648 923 1704 intelligimus
942 1665 951 1688 :
984 1662 1078 1702 quae
1100 1655 1165 1686 est
1187 1658 1329 1685 rerum
1357 1651 1558 1699 expeten-

117 1701 266 1744 darum
291 1705 675 1761 fugiendarumque
699 1705 888 1746 scientia.
917 1704 989 1744 illa
1017 1711 1158 1744 autem
1189 1700 1406 1756 sapientia,
1428 1714 1558 1755 quam

117 1759 349 1816 principem
370 1762 468 1813 dixi,
487 1777 626 1803 rerum
644 1771 708 1802 est
727 1762 961 1802 divinarum
980 1769 1109 1815 atque
1129 1758 1405 1798 humanarum
1424 1757 1560 1797 scien·

118 1817 204 1858 tia:
237 1818 333 1859 6Oin
360 1834 444 1874 qua
471 1819 713 1859 continetur
743 1817 920 1858 deorum
947 1826 990 1857 et
1019 1816 1240 1857 hominum
1271 1813 1558 1855 communitas

119 1881 162 1913 et
190 1874 369 1916 societas
395 1876 504 1916 inter
535 1876 661 1930 ipsos.
696 1889 745 1915 ea
772 1875 807 1915 si
837 1874 1021 1914 maxima
1047 1882 1124 1922 est,
1151 1880 1197 1912 ut
1223 1879 1287 1911 est
1313 1879 1452 1921 certe3
1484 1884 1560 1910 ne·

118 1944 234 1983 cesse
254 1941 332 1983 est,
353 1932 468 1986 quod
488 1947 513 1972 a
531 1931 838 1972 communitate
863 1931 1042 1971 ducatur
1063 1929 1263 1978 officium,
1284 1926 1327 1967 id
1353 1941 1443 1967 esse
1467 1941 1560 1966 ma-

117 1986 295 2028 ximum.
353 1988 519 2029 Etenim
551 1988 742 2043 cognitio
776 1986 1164 2041 contemplatioque
1203 1994 1380 2033 naturae,
1410 1996 1561 2040 manca

119 2044 304 2099 quodam
339 2044 469 2085 modo
499 2053 627 2100 atque
665 2044 863 2085 inchoata
893 2044 959 2094 sit,
991 2043 1025 2083 si
1066 2041 1182 2083 nulla
1212 2050 1252 2077 70
1269 2041 1382 2081 actio
1420 2053 1559 2081 rerum

118 2111 416 2158 consequatur.
436 2116 485 2142 ea
505 2110 648 2142 autem
668 2101 778 2142 actio
800 2101 841 2140 in
873 2100 1094 2141 hominum
1127 2096 1367 2140 commodis
1392 2095 1560 2137 tuendis

119 2158 301 2199 maxime
322 2158 523 2202 cernitur.
582 2158 767 2199 Pertinet
784 2157 915 2213 igitur
936 2157 989 2198 ad
1011 2155 1256 2198 societatem
1282 2153 1452 2210 generis
1478 2153 1652 2202 liu-2154

166 2299 206 2325 64
229 2305 265 2324 ex
290 2294 349 2334 ipso
370 2292 471 2333 portu]
494 2294 600 2324 Intell.
623 2302 680 2325 aut
702 2294 821 2324 adden·
864 2292 962 2323 Goth.
976 2289 1452 2329 ed.Col‹›n.bene.Vulg.sunt,
1469 2289 1565 2320 male.

121 2337 202 2368 dum
217 2345 263 2369 est
275 2337 319 2367 ita
333 2337 383 2368 vel
398 2337 449 2367 sic.
907 2341 947 2368 69
972 2334 1002 2363 in
1017 2345 1075 2375 qua
1090 2333 1250 2364 continetur
1265 2333 1380 2362 deorum
1396 2340 1423 2362 e!
1440 2332 1469 2362 Ιι.
1491 2343 1565 2361 com-

169 2385 207 2410 65
231 2380 261 2409 in
284 2391 366 2421 agros
387 2380 428 2419 se]
457 2380 521 2410 Hic
541 2381 618 2411 ordo
638 2386 684 2410 est
706 2381 739 2410 in
756 2379 821 2410 Ms.
864 2377 989 2407 munitas
1006 2383 1034 2405 et
1049 2375 1180 2416 societas]
1199 2378 1220 2406 i.
1236 2386 1264 2406 e.
1281 2385 1355 2416 quae
1377 2377 1470 2406 docet
1486 2385 1566 2405 con-

122 2422 238 2454 Duisb.
254 2423 348 2463 plane
362 2423 600 2454 Ciceronianus.
625 2423 732 2462 Vulgo
747 2434 775 2452 se
790 2422 820 2451 in
861 2421 1076 2460 junctionem,
1097 2429 1170 2460 quae
1193 2420 1275 2450 inter
1296 2420 1382 2449 Deos
1404 2425 1436 2449 et
1458 2419 1566 2449 homi·

123 2476 219 2506 agros.
864 2474 919 2495 nes
935 2464 1111 2499 intercedit,
1131 2469 1201 2492 turn
1212 2464 1292 2493 inter
1306 2462 1455 2492 homines
1469 2462 1568 2501 ipsos.

169 2513 209 2539 66
233 2507 310 2537 nihil
327 2507 435 2537 homine
457 2507 544 2537 libero
561 2507 688 2550 dignius]
708 2508 820 2539 Delevi
865 2508 951 2537 Inter
972 2507 1082 2537 Deum
1105 2506 1338 2544 hominemque
1360 2511 1408 2534 est
1426 2504 1567 2542 conjun-

125 2561 202 2582 cum
220 2551 345 2582 Pearcio
360 2551 496 2581 alterum
518 2551 595 2580 nihil
616 2553 696 2582 inter
712 2551 821 2580 homine
865 2552 939 2586 ctio,
956 2550 1031 2588 quia
1048 2549 1197 2579 homines
1212 2554 1287 2579 sunt
1302 2557 1321 2577 a
1338 2548 1409 2578 Deo
1424 2547 1518 2577 creati
1534 2552 1567 2577 et

125 2601 157 2624 et
180 2594 278 2631 libero,
295 2595 477 2624 auctoribus
498 2593 566 2624 Mss
592 2595 760 2635 plerisque,
776 2600 822 2624 ct-
865 2593 1028 2623 beneficiis
1053 2592 1203 2622 maximis
1233 2591 1351 2627 affecti,
1382 2597 1454 2620 turn
1484 2591 1566 2619 inter

127 2637 192 2668 iam
208 2638 322 2668 Duisb.
340 2638 436 2667 Goth.
454 2637 529 2667 Cur.
545 2644 576 2667 et
590 2639 659 2668 edd.
676 2648 731 2677 pr..
866 2637 1026 2672 homines,
1052 2636 1128 2674 quia
1152 2635 1274 2665 mutuis
1300 2633 1428 2663 auxiliis
1447 2633 1570 2670 juvan-

171 2685 209 2715 67
228 2686 323 2719 potest
337 2679 460 2710 incidere
473 2685 546 2718 saepc
557 2681 694 2710 contentio
709 2686 737 2709 et
750 2691 823 2709 com·
866 2686 917 2709 tur
933 2682 992 2709 ἃς.

121 2721 256 2763 paratio]
273 2730 300 2752 et
318 2722 493 2762 comparatio
511 2723 592 2753 mihi
615 2723 752 2763 glossam
774 2732 824 2752 sa·
912 2728 952 2756 70
973 2720 1049 2750 actio
1072 2717 1180 2758 rerum]
1205 2719 1361 2749 Additum
1386 2723 1434 2748 est
1456 2726 1566 2754 rerum,

127 2775 200 2805 pere
229 2775 354 2805 semper
380 2767 500 2796 visum.
534 2766 620 2804 quia.
635 2766 725 2797 abest
762 2766 826 2796 Ms.
869 2771 906 2794 ut
921 2765 1131 2802 distinguatur
1146 2763 1185 2792 ab
1200 2761 1324 2791 actione
1344 2760 1479 2796 interna,
1492 2769 1568 2798 qua».

127 2809 242 2839 Duisb.
258 2809 369 2839 delevi.
865 2814 911 2837 est
927 2807 959 2837 in
975 2806 1142 2845 cogitando
1153 2811 1184 2834 et
1199 2803 1430 2842 cognoscendo.
1442 2810 1490 2833 est
1504 2803 1566 2841 igi-

170 2856 210 2883 68
232 2862 299 2893 quar
310 2864 335 2881 c.
351 2851 439 2892 digna
452 2849 522 2890 sim]
542 2850 593 2881 Sic
610 2850 688 2883 Mss.
706 2851 822 2881 Duisb.
866 2856 918 2881 tur
926 2850 1020 2887 actio,
1030 2858 1103 2889 quae
1113 2853 1252 2878 versatur
1264 2847 1298 2877 in
1311 2845 1403 2878 rebus
1417 2845 1572 2877 externis..
