1844 3202
289 91 367 131 688
824 92 902 131 DE
938 93 1200 133 OFFICIIS

289 207 334 239 et
365 205 497 254 paret,
529 206 579 241 ut
612 209 796 266 pastum,
831 210 880 243 ut
911 202 1101 252 latibula,
1129 211 1177 243 ut
1211 201 1292 243 alia
1320 200 1509 265 ejusdem
1540 202 1720 256 generis.

292 254 533 297 Commune
554 264 593 288 95
611 257 711 298 item
732 257 1006 300 animantium
1026 259 1214 300 omnium
1237 269 1301 299 est
1320 257 1629 314 conjunctionis
1647 271 1720 312 ap-

289 311 462 367 petituS,
485 312 731 368 procreandi
752 327 891 364 causa,
912 321 955 355 et
974 329 1075 356 cura
1102 315 1294 369 quaedam
1325 329 1486 365 eorum,
1506 328 1600 369 quae
1622 328 1722 369 pro-

292 377 432 409 creata
451 379 561 410 sunt.
621 369 705 410 Sed
734 369 842 410 inter
870 369 1085 411 hominem
1105 380 1148 411 et
1169 371 1336 411 beluam
1357 371 1439 411 hoc
1460 370 1641 411 maxime
1660 370 1724 410 in-

292 434 437 475 terest,
457 425 574 481 quod
598 425 690 466 haec
713 432 752 457 96
769 433 950 477 tantum,
980 435 1185 482 quantum
1216 441 1340 468 sensu
1369 437 1576 478 movetur,
1601 425 1654 467 ad
1682 426 1725 468 id

292 482 446 532 solum,
480 481 594 537 quod
631 482 764 533 adest,
794 482 992 547 quodque
1023 497 1206 538 praesens
1237 492 1314 546 est,
1345 497 1388 523 se
1417 482 1727 532 accommodat,

292 537 530 593 paullulum
579 537 811 579 admodum
858 539 1038 580 sentiens
1088 538 1364 602 praeteritum,
1405 547 1478 580 aut
1518 540 1726 580 futurum.
1837 578 1840 591 ,

295 594 443 636 Homo
461 603 618 658 autem,
640 595 754 650 quod
784 595 956 636 rationis
986 603 1049 636 est
1076 594 1300 650 particepS,
1320 609 1394 650 per
1423 609 1550 650 quam
1577 610 1728 636 conse·
1838 602 1842 636 ξ

295 650 469 706 quentia
489 650 636 701 cernit,
658 665 805 692 causas
834 666 974 692 rerum
1003 651 1129 702 videt,
1151 665 1379 706 earumque
1404 665 1667 707 progressus,
1686 660 1730 693 et
1839 654 1842 665 ‘

297 708 418 763 quasi
446 707 753 749 antecessiones
784 723 866 749 non
897 708 1079 763 ignorat,
1110 708 1403 749 similitudines
1433 717 1666 762 comparat,
1687 717 1732 749 et
1843 756 1844 760 Ἰ

297 764 421 805 rebus
456 764 731 819 praesentibus
767 763 963 821 adjungit
998 773 1126 821 atque
1157 764 1342 806 annectit
1371 764 1567 805 f:uturas
1608 763 1730 805 facile
1840 766 1844 805 ἰ

255 829 287 860 b.
299 821 430 861 totius
451 821 544 861 vitae
564 835 735 862 cursum
754 821 880 872 videt,
900 821 952 862 ad
972 835 1149 877 eamque
1173 821 1414 885 degendam
1440 829 1647 876 praeparat
1666 833 1733 861 res
1843 825 1844 829 ’

239 887 286 918 12
299 877 569 918 necessarias.
617 877 862 941 Eademque
882 886 1030 918 natura
1049 878 1086 918 vi
1107 878 1278 919 rationis
1299 877 1516 919 hominem
1535 876 1735 918 conciliat

299 933 463 974 homini
481 942 524 974 et
545 932 598 974 ad
619 933 835 983 orationis,
856 942 899 974 et
928 933 979 974 ad
1007 934 1101 974 vitae
1129 935 1401 975 societatem:
1431 933 1735 997 ingeneratque

298 989 341 1029 in
361 989 506 1044 primis
526 989 789 1044 praecipuum
811 989 1021 1045 quendam
1041 1004 1230 1031 amorem
1259 991 1300 1031 in
1328 1005 1416 1040 eos,
1435 990 1507 1045 qui
1527 988 1735 1054 procreati

297 1053 430 1087 sunt:
468 1045 746 1110 impellitque,
781 1054 830 1086 ut
861 1045 1084 1087 hominum
1117 1054 1268 1097 coetuS,
1299 1054 1344 1087 et
1372 1054 1408 1082 97
1429 1045 1735 1087 celebrationes

298 1116 404 1153 esse,
423 1110 467 1143 et
487 1117 511 1143 a
531 1117 573 1143 se
594 1101 703 1143 obiri
721 1101 846 1144 velit:
878 1102 935 1143 ob
966 1116 1121 1159 easque
1148 1117 1295 1144 causas
1321 1102 1486 1144 studeat
1507 1116 1652 1158 parare
1671 1115 1736 1154 ea,

299 1173 396 1214 quae
427 1158 701 1224 suppeditent
730 1167 773 1199 et
801 1158 854 1199 ad
882 1158 1062 1210 cultum,
1084 1168 1126 1200 et
1146 1158 1198 1200 ad
1219 1159 1404 1201 victum.
1437 1173 1514 1200 nec
1535 1159 1613 1200 sibi
1641 1159 1735 1210 soli,

300 1214 374 1268 sed
401 1215 591 1271 conjugi,
612 1215 767 1265 liberis,
788 1214 1036 1270 ceterisque,
1058 1230 1166 1279 quos
1196 1230 1316 1256 caros
1348 1215 1516 1265 habeat,
1544 1215 1737 1271 tuerique

300 1270 466 1312 debeat.
525 1275 636 1314 Ouae
655 1285 757 1312 cura
775 1271 1000 1312 exsuscitat
1021 1271 1149 1313 etiam
1169 1272 1345 1323 animos,
1364 1280 1406 1313 et
1426 1273 1636 1336 majores
1632 1280 1669 1303 -8
1684 1271 1739 1313 ad

244 1335 287 1367 13
303 1341 391 1368 ren]
407 1315 648 1393 ’gerendam
669 1327 784 1369 facit.
836 1327 1128 1392 Inprimisque
1156 1328 1342 1370 hominis
1372 1336 1436 1370 est
1465 1328 1635 1386 propria
1654 1328 1739 1369 veri

301 1384 532 1440 inquisitiO,
555 1394 682 1440 atque
702 1383 983 1440 investigatio.
1044 1386 1192 1440 Itaque
1212 1399 1310 1426 curn
1332 1400 1476 1426 sumus
1498 1384 1738 1426 necessariis

302 1441 483 1496 negotiis
513 1441 708 1505 curisque
738 1441 870 1492 vacui,
899 1449 991 1482 turn
1019 1455 1188 1482 avernus
1218 1441 1379 1497 aliquid
1407 1440 1558 1492 videre,
1579 1440 1739 1492 audire,

300 1497 541 1539 addiscere.
573 1497 946 1553 cognitionemque
966 1512 1106 1538 rerum
1131 1507 1205 1540 aut
1225 1498 1488 1539 occultarum
1510 1506 1584 1539 aut
1603 1497 1738 1539 admi-

301 1554 497 1595 rabilium
529 1554 581 1595 ad
611 1555 734 1595 beate
763 1554 985 1595 vivendum
1017 1555 1292 1596 necessariam
1322 1553 1533 1595 ducimus.
1572 1569 1623 1595 ex
1652 1569 1738 1610 quo

302 1609 567 1666 intelligitur,
599 1609 714 1666 quod
743 1624 903 1659 verum,
931 1610 1124 1666 simplex,
1151 1611 1445 1666 sincerumque
1476 1611 1545 1662 sit,
1576 1610 1619 1651 id
1648 1624 1741 1651 esse

303 1676 465 1708 naturae
501 1667 684 1708 hominis
720 1667 999 1722 aptissimum.
1060 1667 1174 1708 Huic
1207 1668 1290 1708 veri
1323 1666 1487 1709 videndi
1519 1666 1742 1722 cupiditati

303 1723 503 1778 adjuncta
523 1732 586 1764 est
607 1723 812 1779 appetitio
831 1723 1026 1788 quaedam
1055 1723 1345 1788 principatus,
1349 1733 1397 1765 ut
1418 1723 1574 1765 nemini
1594 1737 1742 1778 parere

303 1780 468 1820 animus
496 1780 606 1821 bene
636 1796 660 1821 a
688 1787 837 1821 natura
862 1779 1112 1822 informatus
1140 1781 1251 1830 velit,
1271 1781 1348 1821 nisi
1375 1780 1649 1845 praecipienti,
1670 1789 1744 1821 aut

305 1835 491 1886 docenti,
515 1845 588 1877 aut
609 1836 800 1877 utilitatis
818 1851 958 1887 causa,
972 1835 1088 1892 juste
1121 1844 1163 1877 et
1194 1837 1384 1892 legitime
1412 1836 1660 1892 imperanti:
1692 1851 1743 1878 ex

305 1906 392 1947 quo
426 1893 555 1933 animi
588 1892 840 1948 magnitudo
872 1893 1047 1943 exsistit,
1076 1892 1443 1958 humanarumque
1470 1907 1609 1934 rerum
1639 1907 1743 1934 con·

249 1954 295 1986 14
308 1950 471 1990 temtio.
530 1951 624 1991 Nec
645 1964 741 1990 veio
761 1949 831 1990 illa
852 1963 976 2013 parva
995 1950 1053 1990 vis
1076 1959 1235 1990 naturae
1255 1958 1318 1991 est
1337 1950 1608 2004 rationisque,
1630 1949 1745 2004 quod

308 2020 440 2046 unum
463 2006 544 2046 hoc
564 2005 720 2046 animal
741 2005 881 2056 sentit,
898 2004 999 2061 quid
1017 2005 1069 2046 sit
1086 2005 1213 2056 or;do
1235 2005 1335 2062 quid
1352 2006 1419 2057 sit,
1422 2005 1552 2070 quod
1572 2006 1744 2057 deceat3

307 2061 350 2102 in
381 2062 501 2102 factis
531 2061 739 2116 dictisque
768 2061 840 2118 qui
871 2061 1039 2103 modus.
1071 2061 1214 2117 itaque
1243 2076 1390 2103 eorum
1421 2062 1626 2117 ipsorum,
1647 2076 1743 2119 quae

307 2118 509 2173 adspectu
529 2119 779 2182 sentiuntur,
802 2117 963 2159 nullum
993 2118 1108 2159 aliud
1135 2118 1290 2159 animal
1311 2118 1656 2174 pulcritudinem,
1677 2132 1745 2160 ve-

308 2183 538 2225 nustatem,
560 2174 892 2216 convenientiam
911 2175 1095 2240 partium
1116 2175 1257 2216 sentit.
1277 2189 1405 2230 quam
1428 2174 1745 2219 similitudinem

310 2240 460 2273 natura
479 2231 669 2287 ratioque
689 2231 742 2272 ab
759 2231 893 2273 oculis
913 2231 965 2273 ad
982 2231 1169 2274 animum
1187 2232 1451 2282 transferens,
1466 2230 1603 2273 multo
1619 2231 1749 2273 etiam

310 2350 365 2386 sed
390 2359 494 2389 operae
524 2360 588 2380 non
620 2359 761 2389 paruere,
789 2349 1008 2390 dederuntque

310 2393 481 2433 vulgatum
510 2399 583 2423 ante
609 2392 759 2435 omniaque
782 2403 1010 2434 quaecumque—-

311 2436 381 2467 sint.
420 2436 486 2475 Ego
508 2442 636 2466 secutus
658 2446 732 2466 sum
755 2437 805 2466 ed.
829 2435 923 2466 Rom.
940 2436 1011 2465 Me-

312 2479 389 2510 diol.
406 2479 494 2518 Mog.
516 2488 589 2518 quae
608 2479 701 2509 lectio
717 2480 838 2518 optima
853 2485 909 2509 est.
934 2488 1011 2508 nam

313 2521 407 2550 omnia
422 2521 470 2552 vel
493 2532 679 2563 quaecumque
697 2521 882 2560 intelligitur
896 2530 950 2560 per
965 2531 1010 2557 se,

315 2570 351 2594 ut
367 2565 399 2594 in
414 2565 626 2604 superioribus
641 2565 807 2601 membris,
819 2573 878 2594 nec
890 2564 919 2593 id
932 2573 1011 2603 opus

315 2614 380 2637 erat
395 2607 428 2637 in
445 2608 507 2637 hoc
523 2608 604 2637 addi.

360 2657 399 2681 25
425 2649 509 2690 irem]
535 2651 586 2680 Sic
609 2659 686 2679 cum
714 2649 838 2678 Pearcio
863 2649 932 2678 dedi
957 2658 1011 2687 pro

316 2693 445 2731 vulgato
471 2699 578 2730 autem,
603 2692 687 2732 quod
712 2699 756 2722 est
783 2692 822 2721 ab
848 2691 880 2721 h.
895 2691 915 2722 1.
937 2691 1013 2720 alie—

315 2746 410 2766 num.
448 2737 498 2766 Sic
529 2736 581 2765 ille
612 2735 643 2764 in
673 2735 743 2764 cdd.
776 2734 952 2773 Leodegarii
984 2740 1014 2764 et

310 2776 428 2808 Lamia.
445 2780 566 2818 reperit.
604 2777 656 2808 Sic
679 2784 710 2807 et
732 2778 880 2808 Davisius
902 2777 1013 2817 corrigi

315 2821 450 2851 volebat.

1095 2355 1135 2381 26
1160 2356 1285 2387 tantum,
1301 2357 1441 2391 quantum
1456 2361 1536 2380 sensu
1550 2357 1694 2387 movetur,
1711 2349 1751 2380 ad

1053 2392 1086 2422 id
1112 2392 1200 2422 solum
1231 2392 1306 2433 δια]
1339 2394 1376 2423 In
1406 2394 1467 2423 hoc
1497 2403 1622 2434 semper
1658 2395 1747 2424 haesL-

1054 2436 1185 2474 Conjeci
1200 2436 1249 2467 vel
1266 2443 1406 2477 quantum
1421 2436 1594 2468 delendum
1610 2446 1689 2474 esse,
1700 2435 1751 2474 vel

1054 2478 1154 2508 solum.

1099 2527 1135 2556 ¹27
1162 2520 1360 2550 celebrationes
1387 2532 1441 2551 esse
1465 2528 1492 2551 et
1513 2533 1532 2550 a
1554 2532 1583 2550 se
1604 2521 1677 2551 obiri
1696 2519 1748 2562 v.]

1056 2563 1154 2594 Valde
1178 2565 1209 2593 in
1235 2564 1296 2593 hoc
1319 2563 1390 2598 loco
1412 2565 1533 2595 variant
1555 2564 1624 2595 libri
1644 2574 1704 2595 ser.
1719 2570 1752 2597 et

1054 2607 1124 2636 edd.
1140 2607 1210 2636 haec
1226 2606 1320 2637 lectio
1334 2608 1456 2647 optima
1471 2608 1602 2637 videtur.

1099 2656 1138 2679 28
1169 2649 1209 2678 ad
1236 2661 1294 2679 rem
1320 2650 1475 2689 gerendam
1493 2648 1592 2690 facit]
1627 2650 1752 2681 Graevio

1056 2691 1158 2730 placet
1173 2693 1323 2722 correctio
1337 2694 1366 2722 J.
1382 2694 1414 2723 F.
1432 2693 1581 2724 Gronovii
1598 2704 1656 2723 rem
1672 2703 1752 2734 que·

1057 2735 1184 2764 rendam.
1207 2735 1261 2766 sed
1278 2736 1339 2766 hoc
1353 2745 1448 2766 sensu
1471 2742 1501 2767 et
1521 2747 1579 2765 rm
1593 2746 1691 2776 gerere
1706 2735 1754 2765 di-

1056 2778 1151 2814 citur,
1170 2784 1204 2810 ut
1219 2778 1285 2811 Off.
1303 2779 1346 2816 11,
1363 2785 1410 2809 11.
