1844 3202
314 97 391 136 666
847 101 922 140 DE
961 102 1210 142 LEGIBUS

250 211 296 247 61
315 218 419 255 esse,
450 206 636 261 sepelire,
671 215 714 250 et
746 224 879 251 urere.
937 211 1047 253 Duae
1084 220 1182 253 sunt
1210 219 1410 266 praeterea
1439 211 1554 266 leges
1589 210 1641 252 de
1670 226 1734 254 se-

312 260 481 315 pulcris.
511 278 689 319 quarum
722 265 852 307 altera
882 267 1142 322 privatorum
1175 267 1374 317 aedificiis,
1396 269 1527 309 altera
1552 268 1649 322 ipsis
1671 282 1735 309 se-

311 316 467 371 pulcris
487 330 617 362 cavet.
676 322 873 377 Namque
890 337 1032 378 rogum
1055 323 1262 364 bustumve
1280 339 1421 365 novum
1444 334 1553 364 vetat
1568 324 1736 378 propius

309 374 527 430 sexaginta
541 377 663 430 pedes
685 377 807 432 adjici
825 378 930 420 oedes
949 378 1120 430 alienas,
1141 378 1264 420 invito
1285 381 1464 421 domino:
1498 380 1734 421 incendium

311 442 474 471 veretur
505 433 717 474 acerbum.
776 434 906 490 Quod
935 445 1074 476 autem
1099 435 1263 490 forum,
1295 436 1338 477 id
1371 445 1447 487 est,
1482 435 1735 477 vestibulum

311 487 505 541 sepulcri,
544 488 751 530 bustumve
791 491 957 545 usucapz'
992 500 1116 542 vetat,
1146 499 1288 532 tuetur
1320 492 1391 547 jus
1430 492 1734 547 sepulcrorum.

309 542 418 583 Haec
439 543 641 586 habemus
668 545 709 585 in
738 546 994 597 Duodecim,
1017 562 1113 588 sane
1139 547 1369 588 secundum
1394 558 1608 589 naturam:
1640 563 1734 603 quae

309 613 457 640 norma
477 600 582 656 legis
603 610 678 642 est.
751 603 927 658 Reliqua
945 612 1042 643 sunt
1062 603 1104 644 in
1126 618 1242 645 more
1260 621 1270 645 ε
1301 605 1425 644 funus
1449 613 1494 645 ut
1513 604 1735 655 indicatur,

309 655 343 694 si
366 655 466 710 quid
491 657 714 708 ludorum3
746 657 1026 714 dominusque
1054 660 1209 700 funeris
1235 670 1378 701 utatur
1406 675 1581 701 accenso
1610 668 1736 715 atque

245 718 297 755 62
309 710 540 754 lictoribus.
587 714 889 756 Honoratorzcm
910 715 1086 756 virorum
1108 715 1247 757 laudes
1268 716 1309 757 in
1330 717 1512 757 concione
1532 725 1546 753 7
1554 726 1570 748 2
1586 731 1735 756 memo-

308 774 463 820 rentur,
483 784 628 826 easque
647 771 770 812 etiam
793 779 934 813 cantus
953 772 1006 812 ad
1027 771 1227 813 tibicinem
1245 779 1543 828 prosequatur:
1568 773 1636 813 cui
1656 787 1734 813 no-

307 838 406 864 men
426 826 583 867 neniae:
610 842 694 882 quo
713 829 917 869 vocabulo
937 829 1061 869 etiam
1086 829 1245 870 Graecis
1266 839 1412 870 cantus
1433 829 1634 885 lugubres
1655 843 1735 870 no-

224 880 293 928 25
307 880 532 923 minantur.
562 885 617 938 Q.
642 884 821 925 Gaudeo
842 894 983 926 nostra
996 885 1096 940 jura
1115 885 1167 926 ad
1189 894 1378 927 naturam
1399 885 1734 926 accommodari:

306 937 603 994 majorumque
636 940 838 994 sapientia
870 941 1100 982 admodum
1131 941 1332 983 delector.
1391 943 1456 982 M.
1479 942 1562 982 Sed
1591 941 1734 992 credo,

306 993 480 1048 Quinte,
512 1004 752 1037 utssceteros
783 1005 962 1047 sumtus,
996 998 1053 1038 sic
1082 999 1207 1038 etiarn
1238 998 1526 1053 sepulcrorum
1558 998 1734 1039 modum

306 1058 420 1089 recte
442 1050 609 1104 requiri.
640 1066 746 1106 quos
775 1053 885 1093 enim
917 1053 969 1093 ad
1000 1062 1163 1094 sumtus
1194 1068 1416 1109 progressa
1438 1055 1530 1110 jam
1560 1054 1640 1094 ista
1668 1068 1735 1095 res

305 1104 373 1155 sit,
395 1104 437 1146 in
460 1105 512 1146 C.
535 1107 673 1162 Figuli
703 1109 896 1163 sepulcro
927 1109 1053 1150 vides,
1113 1109 1197 1150 Sed
1227 1110 1353 1152 credo
1382 1111 1600 1151 minimam
1630 1110 1733 1151 olim

304 1159 423 1202 istius
444 1163 504 1203 rei
523 1163 649 1204 fuisse
669 1165 959 1220 cupiditatem.
990 1166 1194 1221 Alioquin
1215 1166 1348 1207 multa
1367 1176 1575 1208 exstarent
1594 1180 1735 1207 exem-

305 1217 375 1271 pla
394 1218 618 1274 majorum.
677 1222 849 1262 Nostrae
877 1221 1046 1277 quidem
1079 1222 1185 1278 legis
1212 1222 1470 1278 interpretes,
1489 1236 1575 1279 quo
1596 1223 1733 1278 capite

178 1274 503 1329 p.18›3.jubentur
536 1285 716 1327 sumtus,
751 1287 793 1318 et
828 1278 990 1319 luctum
1026 1293 1238 1319 removere
1274 1294 1299 1319 a
1333 1279 1508 1320 deorum
1544 1280 1732 1320 manium

265 1332 410 1388 ³·jure,
432 1330 512 1372 hoc
544 1332 801 1388 intelligunt,
824 1334 864 1375 in
890 1335 1034 1390 primis
1062 1335 1349 1390 sepulcrorum
1378 1336 1731 1392 magnificentiam

241 1390 290 1428 63
305 1401 396 1429 esse
415 1388 699 1430 minuendam.
749 1391 843 1432 Nec
865 1391 955 1432 haec
977 1406 1001 1431 a
1023 1391 1337 1446 sapientissimis
1355 1393 1497 1447 legum
1520 1391 1733 1448 scriptori-

304 1446 383 1486 bus
404 1444 598 1499 neglecta
618 1456 728 1487 sunt.
750 1462 847 1488 nam
868 1456 911 1488 et
930 1447 1111 1488 Athenis
1133 1448 1268 1503 73jam
1290 1448 1359 1489 ille
1376 1463 1467 1489 mos
1485 1463 1508 1489 a
1527 1448 1733 1503 Cecrope,

304 1509 353 1542 ut
372 1499 501 1550 aiunt,
525 1502 767 1556 permansit,
789 1503 869 1544 hoc
883 1503 954 1559 jus
976 1512 1085 1545 terra
1105 1504 1307 1545 humandi
1326 1521 1335 1545 ι
1367 1519 1492 1560 quam
1515 1520 1612 1545 cum
1633 1519 1730 1559 pro-

302 1556 403 1598 ximi
434 1556 675 1613 injecerant,
706 1559 974 1616 obductaque
1005 1571 1113 1601 terra
1142 1569 1246 1611 erat,
1279 1561 1473 1616 frugibus
1507 1561 1731 1602 obsereba-

302 1623 385 1662 tur,
412 1622 458 1653 ut
486 1614 600 1655 sinus
630 1623 672 1655 et
701 1616 909 1670 gremium
943 1616 1061 1672 quasi
1091 1617 1235 1657 matris
1264 1628 1434 1657 mortuo
1464 1617 1732 1667 tribueretur,

300 1668 441 1711 solum
460 1679 603 1712 autem
623 1671 816 1726 frugibus
842 1673 1054 1728 expiatum
1075 1682 1117 1713 vt
1135 1673 1233 1714 vivis
1254 1672 1512 1715 redderetur.
1570 1673 1729 1728 Seque-

300 1726 454 1768 bantur
474 1727 625 1782 epulae‚
646 1743 748 1784 quas
769 1729 930 1770 inibant
951 1736 965 1765 7
973 1739 988 1761 4
1007 1729 1232 1785 propinqui
1251 1730 1440 1771 coronati
1459 1746 1468 1770 z
1490 1728 1603 1784 apud
1623 1743 1727 1784 quas

299 1782 352 1823 de
373 1784 528 1824 mortui
547 1784 686 1835 laude,
708 1800 805 1825 cum
826 1785 926 1840 quid
945 1786 1028 1826 veri
1048 1794 1150 1836 erat,
1171 1785 1461 1840 praedicatum.
1494 1800 1588 1826 nam
1611 1799 1729 1826 men-

236 1845 286 1882 64
299 1838 366 1880 tiri
387 1840 502 1880 nefas
523 1839 770 1882 habebatur.
793 1849 830 1878 75
848 1842 905 1882 ita
919 1841 1037 1898 justa
1055 1843 1246 1883 confecta
1264 1852 1394 1883 erant.
1436 1843 1729 1898 Posteaquam,

299 1906 347 1937 ut
377 1896 521 1937 scribit
556 1896 792 1948 Phalereus,
820 1907 1039 1940 sumtuosa
1068 1899 1155 1939 fieri
1184 1898 1344 1949 funera,
1375 1909 1417 1939 et
1445 1897 1730 1940 lamentabilia

299 1952 540 2006 coepissent,
571 1953 738 1994 Solonis
768 1954 865 2010 lege
895 1954 1061 1995 sublata
1091 1966 1202 1996 sunt.
1241 1969 1366 2011 quam
1397 1955 1535 2010 legem
1568 1953 1727 1995 eisdem

298 2022 429 2063 prope
456 2010 592 2051 verbis
621 2010 751 2051 nostri
778 2010 1003 2051 decemviri
1026 2011 1119 2051 Tfiin
1141 2011 1349 2052 decimam
1375 2011 1560 2052 tabulam
1583 2011 1729 2066 conje-

298 2074 462 2106 cerunt.
519 2067 634 2106 Nam
665 2066 717 2107 de
747 2067 881 2108 tribus
912 2067 1080 2118 riciniis,
1108 2075 1143 2103 77
1161 2077 1204 2109 et
1233 2067 1430 2123 pleraque
1460 2067 1531 2108 illa
1561 2066 1729 2108 Solonis

298 2131 409 2161 sunt.
453 2129 491 2157 78
513 2122 565 2162 de
595 2122 789 2164 lamentis
820 2138 915 2164 vero
945 2138 1138 2180 expressa
1167 2124 1302 2165 verbis
1332 2134 1443 2165 sunt.
1486 2131 1524 2160 79
1538 2123 1728 2164 mulieres

1034 2231 1137 2255 erant.-
1160 2226 1245 2265 quod
1267 2233 1313 2257 est
1333 2226 1436 2256 nihili.
1481 2226 1569 2257 Olim
1585 2226 1681 2256 etiam
1697 2236 1729 2257 e-

1034 2277 1080 2299 rat
1094 2269 1135 2297 ad
1150 2279 1204 2308 pro
1220 2275 1262 2299 at.

1080 2316 1118 2347 76
1135 2313 1165 2341 in
1180 2312 1319 2341 decimam
1335 2309 1476 2348 rabulam]
1496 2311 1547 2341 Sic
1564 2310 1642 2341 Mss.
1659 2311 1730 2350 plu-

340 2230 378 2258 72
396 2231 597 2261 memorentur,
609 2236 710 2266 easque
721 2237 744 2256 0.
759 2233 858 2254 cantus
870 2226 911 2254 ad
924 2226 991 2255 ribi-

297 2266 385 2295 cinem
397 2267 602 2308 prosequatur]
616 2268 667 2298 Sic
682 2269 744 2297 Ms.
758 2269 864 2299 Guelf.
881 2269 913 2298 in
926 2279 990 2308 quo

296 2316 342 2339 est
357 2317 457 2338 cantus
473 2320 528 2349 pro
542 2311 672 2350 vulgato
692 2317 791 2348 cantu,
808 2313 893 2350 quod
910 2312 990 2342 mihi

295 2353 420 2382 dudum
452 2352 483 2382 in
514 2360 657 2383 mentem
685 2362 822 2384 venerat.
854 2356 897 2384 ita
926 2365 991 2385 non

295 2404 375 2434 opus
393 2404 468 2425 cum
485 2395 613 2426 Davisio
629 2397 779 2435 corrigere
796 2405 947 2427 memorent
962 2404 993 2427 et

291 2444 513 2479 prosequantur.
536 2439 611 2469 alias
634 2446 747 2470 cantus
770 2441 885 2470 dicitur
900 2441 940 2469 ad
954 2441 991 2469 ri-

296 2480 357 2509 bias
375 2481 453 2510 fieri.

341 2529 379 2558 73
395 2524 462 2563 jam
490 2522 539 2552 ille
565 2534 621 2552 mos
643 2536 662 2552 α
690 2523 822 2563 Cecrope]
842 2525 992 2555 Roeverus

296 2567 378 2605 apud
396 2566 623 2596 Valkenarium
649 2567 686 2596 V.
699 2567 736 2596 C.
759 2569 797 2597 ad
820 2568 992 2598 Ammoni-

298 2618 354 2639 um
372 2619 401 2648 p.
417 2615 445 2644 7.
461 2609 658 2648 corrigitjam
669 2609 736 2638 olim
750 2621 824 2639 more
836 2620 879 2640 sc.
891 2611 991 2649 majo-

295 2661 382 2688 rum,
399 2651 489 2681 valde
504 2652 654 2691 probante
669 2652 870 2682 Valkenario.

340 2701 377 2728 74
403 2693 575 2735 propinqui]
609 2695 681 2724 Hoc
710 2705 787 2725 cum
815 2695 944 2725 Davisio
973 2705 991 2725 e

296 2737 373 2767 Mss.
390 2744 420 2767 et
435 2739 504 2768 edd.
520 2747 566 2776 pr.
581 2738 661 2767 edidi
679 2748 733 2777 pro
743 2744 890 2777 parentes.

339 2786 376 2813 75
403 2781 443 2809 ita
460 2781 545 2818 justa
572 2780 699 2820 confecta
723 2779 818 2819 erant]
838 2781 888 2810 Sic
910 2790 986 2811 cum

294 2824 403 2852 codem
436 2833 489 2861 pro
520 2822 649 2862 vulgato
685 2830 718 2852 at
743 2824 829 2862 justa
863 2824 986 2863 conjecta

1035 2364 1095 2390 res,
1112 2355 1206 2385 etiam
1223 2355 1331 2385 Guelf.
1346 2362 1377 2384 et
1392 2355 1461 2383 edd.
1477 2364 1522 2392 pr.
1539 2354 1630 2384 bene.
1652 2364 1729 2385 nam

1034 2407 1145 2436 graecae
1168 2397 1231 2427 illae
1253 2397 1336 2436 leges
1359 2397 1390 2426 in
1414 2396 1523 2426 decem
1549 2397 1663 2427 tabulis
1680 2397 1729 2427 fu-

1034 2450 1095 2470 ere.
1120 2440 1247 2480 reliquae
1261 2441 1333 2470 duae
1354 2439 1491 2469 habuere
1506 2439 1729 2480 supplementa

1036 2483 1191 2513 Romana.

1078 2531 1115 2560 77
1142 2533 1169 2554 ct
1191 2525 1331 2567 pleraque
1361 2523 1428 2563 illa]
1455 2525 1506 2555 Sc.
1533 2534 1606 2563 quae
1634 2534 1729 2563 supra

1035 2568 1133 2606 hujus
1149 2569 1270 2607 generis
1286 2575 1462 2598 memorata
1478 2575 1564 2598 sunt.
1586 2573 1617 2596 at
1634 2567 1727 2597 Lam-

1034 2610 1128 2641 binus
1143 2618 1174 2641 et
1189 2611 1335 2640 Davisius
1351 2610 1404 2639 illa
1420 2620 1580 2641 correxere
1594 2609 1667 2640 alia.

1077 2658 1116 2688 78
1147 2654 1181 2682 de
1210 2654 1280 2683 lam.
1307 2665 1341 2683 v.
1368 2659 1500 2693 expressa
1526 2652 1622 2682 verbis
1646 2651 1724 2691 sunt]

1034 2695 1109 2726 Non
1124 2705 1240 2726 sanum
1257 2697 1318 2726 hoc
1334 2697 1438 2726 credo.
1462 2704 1520 2725 nec
1539 2703 1644 2725 tamen
1663 2695 1726 2725 Da-

1032 2739 1100 2769 visii
1124 2740 1306 2777 conjectura
1330 2740 1431 2779 placet
1483 2745 1614 2778 expressa
1636 2737 1726 2767 verba

1031 2788 1107 2811 sunt.

1075 2830 1114 2858 79
1139 2822 1443 2862 mutieres—habento]
1474 2824 1554 2854 Haec
1577 2823 1647 2861 jam
1673 2832 1725 2853 su-
