1844 3202
660 121 1017 174 RARADOXA.
1473 130 1549 165 851

123 241 292 290 potest:
321 238 365 275 et
391 246 508 275 servo
534 245 648 286 saepe
666 229 754 272 sine
772 230 922 288 injuria
943 246 1026 273 non
1046 237 1200 286 potest.
1260 231 1402 274 Causa
1420 232 1550 288 igitur

122 291 229 342 haec,
258 305 343 332 non
376 300 528 332 natura·
553 287 810 344 distinguit3
845 296 882 321 1⁸
899 303 994 344 quae
1028 287 1198 343 quando
1229 295 1325 328 utro
1359 289 1549 341 accessit,

124 348 218 389 wid
240 348 286 389 fit
305 345 550 404 propensius
570 360 582 395 ;
615 344 647 385 si
680 354 860 400 utroque
887 345 1086 400 adjuncta
1113 344 1182 395 sit,
1200 344 1315 400 paria
1340 345 1453 395 fiant,
1475 360 1548 386 ne-

120 419 234 446 cesse
256 414 333 445 est.
362 402 468 444 illud
487 412 628 442 tamen
648 401 834 452 interest,
854 401 969 457 quod
990 401 1033 442 in
1053 414 1170 442 servo
1193 400 1396 452 necando,
1418 401 1453 441 si
1472 403 1548 443 ad-

117 461 173 502 sit
207 460 370 516 injuria,
405 459 532 500 semel
566 467 762 514 peccatur
780 474 792 509 ;
822 458 865 499 in
900 458 1028 514 patris
1059 457 1144 499 vita
1176 457 1382 508 violanda,
1414 457 1549 499 multa

118 524 357 572 peccantur.
387 515 564 556 violatur
595 516 644 564 is,
669 515 742 571 qui
773 515 1031 569 procreavit:
1062 514 1112 565 is,
1138 514 1211 570 qui
1241 513 1371 555 aluit:
1403 513 1452 563 is,
1475 515 1546 569 qui

117 572 319 613 erudivit:
342 573 391 622 is,
409 572 481 627 qui
504 572 545 612 in
567 571 664 613 sede
685 586 734 612 ac
755 572 897 622 domo,
920 580 1047 627 atque
1068 571 1108 611 in
1129 570 1346 628 republica
1364 570 1547 611 colloca·
1558 571 1593 605 b.

116 629 187 670 vit.
217 628 488 670 multitudine
508 637 779 684 peccatorum
800 638 985 683 praestat,
1003 642 1140 683 eoque
1160 642 1284 683 poena
1304 627 1463 683 majore
1482 627 1546 668 di-

114 699 225 741 gnus
246 694 324 726 est.
382 685 466 726 Sed
498 701 574 726 nos
605 685 646 725 in
681 685 778 734 vita,
807 700 888 726 non
920 700 1014 740 quae
1045 685 1198 740 cuique
1227 694 1401 740 peccato
1423 697 1549 739 poena

115 743 182 792 sit,
203 741 276 783 sed
294 751 499 798 quantum
527 742 677 797 cuique
705 741 840 790 liceat,
862 750 1049 796 spectare
1077 741 1280 782 debemus
1300 757 1309 781 τ
1342 739 1557 796 quidquid*

115 813 200 839 non
230 808 412 854 oportet,
443 799 579 840 scelus
607 811 728 848 esse3
761 797 969 854 quidquid
998 812 1082 839 non
1113 797 1226 848 licet,
1252 798 1367 838 nefas
1398 806 1547 852 putare

117 854 335 896 debemus.
395 855 587 896 Etiamne
606 854 650 895 in
670 854 855 895 minimis
875 855 1025 896 rebus?
1049 854 1199 896 etiam:
1232 854 1266 895 si
1287 853 1459 910 quidem
1481 868 1547 895 re·-

113 926 208 953 rum
235 911 412 954 modum
439 912 595 967 fingere
627 925 711 952 non
739 925 967 967 possumus
980 927 992 962 ;
1024 912 1261 953 animorum
1282 909 1460 952 modum
1482 920 1546 952 te-

112 979 211 1009 nere
235 983 477 1024 possumus.
509 968 673 1009 Histrio
695 967 728 1009 si
750 968 941 1023 paullum
963 983 1007 1010 se
1027 968 1157 1009 movit
1174 976 1290 1009 extra
1305 982 1547 1019 numerum,

112 1035 187 1066 aut
206 1025 239 1066 si
256 1039 396 1066 versus
414 1025 705 1080 pronuntiatus
721 1033 786 1066 est
802 1026 965 1081 syllaba
982 1039 1067 1066 una
1082 1025 1258 1075 brevior,
1272 1034 1346 1066 aut
1362 1025 1555 1080 longior,v

111 1081 369 1132 exsibilatur,
384 1091 426 1122 et
445 1081 706 1137 exploditur:
728 1081 771 1122 in
792 1082 876 1123 vita
897 1091 958 1133 tu,
977 1082 1049 1138 qui
1070 1081 1185 1123 omni
1205 1090 1331 1137 gestu
1349 1081 1545 1122 modera-

112 1138 208 1187 tior,
231 1139 348 1179 omni
368 1152 486 1179 versu
512 1139 650 1194 aptior
677 1152 768 1179 esse
798 1138 938 1190 debes,
959 1149 1008 1180 ut
1035 1138 1077 1179 in
1107 1138 1270 1195 syllaba
1299 1147 1342 1179 te
1371 1151 1550 1194 peccare

111 1193 254 1237 dices?
286 1200 454 1249 poetam
477 1209 562 1235 non
583 1194 710 1236 audio
732 1195 773 1235 in
796 1195 920 1250 nugis
939 1212 947 1236 :
979 1195 1022 1236 in
1041 1195 1134 1236 vitae
1154 1195 1355 1236 societate
1375 1193 1546 1235 audiam

111 1251 260 1301 civem,
294 1251 439 1306 digitis
469 1260 643 1306 peccata
673 1251 965 1293 dimetientem
1001 1253 1103 1292 sua?
1139 1267 1233 1307 quae
1271 1252 1303 1292 si
1336 1251 1420 1293 visa
1449 1260 1548 1292 sunt

110 1307 313 1357 breviora,
334 1307 487 1348 leviora
519 1308 591 1363 qui
621 1308 784 1363 possint
812 1308 954 1359 videri,
976 1323 1075 1349 cum
1105 1307 1310 1365 quidquid
1330 1317 1546 1363 peccatur,

110 1364 424 1418 perturbatione
442 1373 641 1419 peccetur
659 1365 832 1406 rationis
853 1374 979 1422 atque
1000 1365 1182 1406 ordinis?
1207 1365 1451 1420 perturbata
1470 1379 1546 1405 au-

110 1429 198 1460 tem
233 1420 364 1461 semel
392 1422 553 1462 ratione
586 1429 628 1462 et
658 1421 818 1473 ordine,
852 1422 954 1463 nihil
985 1422 1121 1477 possit
1151 1421 1264 1472 addi,
1295 1436 1382 1477 quo
1411 1420 1553 1478 magis

107 1477 273 1532 peccari
291 1491 416 1533 posse
433 1477 635 1519 videatur.

581 1590 960 1633 PARADOXON
1001 1591 1079 1633 IV.

266 1664 358 1708 “Ort
377 1671 449 1716 πᾶς
468 1666 591 1724 ἄφρων
609 1668 793 1721 μαίνεται.

283 1733 452 1776 Omnem
469 1734 646 1776 stultum
669 1735 860 1776 insanire.

164 1819 205 1843 20
221 1812 317 1867 Ego
344 1826 441 1853 vero
473 1811 515 1853 te
544 1827 629 1853 non
651 1812 843 1863 stultum,
864 1821 911 1853 ut
934 1826 1044 1867 saepe
1064 1827 1074 1860 ;
1106 1825 1190 1852 non
1215 1809 1476 1866 improbum,
1499 1817 1546 1852 ut
1563 1804 1589 1850 l

107 1875 275 1923 semper
288 1883 299 1919 ;
331 1868 402 1910 sed
420 1868 675 1919 dementem,
695 1879 737 1910 et
752 1869 945 1910 insanum
967 1877 1003 1901 21
1025 1869 1149 1909 rebus
1170 1867 1331 1908 vincam
1354 1873 1545 1909 necessa·-

105 1924 190 1965 riis.
236 1925 444 1980 Sapientis
464 1925 630 1966 animus
651 1926 944 1981 magnitudine
963 1924 1143 1976 consilii,
1161 1923 1385 1965 tolerantia·
1404 1938 1544 1965 rerum

104 1980 402 2032 humanarum,
422 1983 709 2023 contemtione
735 1984 933 2035 fortunae,
953 1982 1176 2024 virtutibus
1201 1980 1381 2036 denique
1402 1980 1543 2021 omni-

105 2037 201 2087 bus,
223 2047 271 2078 ut
300 2035 510 2079 moenibus
540 2048 698 2095 septus,
734 2039 933 2090 vincetur,
963 2048 1006 2080 et
1033 2037 1359 2093 expugnabitur,
1389 2037 1461 2092 qui
1492 2052 1545 2078 ne

105 2094 272 2135 civitate
293 2095 465 2151 quidem
487 2095 587 2151 pelli
606 2097 776 2152 potest?
809 2096 919 2138 Quae
941 2104 1005 2137 est
1026 2096 1138 2136 euim
1159 2093 1301 2135 civitas
1318 2095 1331 2134 ?
1369 2093 1543 2136 Omnis-

844 2203 939 2241 cujus
961 2210 1094 2243 aequatae
1116 2202 1223 2233 lances
1244 2210 1322 2232 cum
1342 2208 1430 2238 sunt,
1447 2200 1544 2232 altera

103 2203 184 2234 haec.
227 2203 313 2232 Nihil
334 2215 368 2233 ne
392 2203 520 2239 interest,
546 2211 592 2234 est
612 2203 801 2242 objicienti&
1360 2244 1364 2245 ⁷

845 2246 1028 2281 inclinatur,
1059 2246 1232 2282 descendit,
1257 2246 1440 2284 propendet,
1465 2254 1544 2275 cum

103 2247 307 2286 respondetur
330 2248 362 2276 in
383 2247 454 2276 his:
479 2246 556 2275 nuda
579 2246 635 2275 ista
657 2247 681 2275 si
698 2253 800 2286 ponas,

103 2289 125 2318 i.
138 2299 165 2318 e.
189 2291 258 2320 sine
279 2290 497 2328 adjunctione,
517 2290 555 2319 de
577 2298 673 2319 causa
696 2290 801 2320 caedis.

103 2331 206 2370 Pergit
228 2332 315 2371 loqui
339 2333 544 2368 adversarius,
560 2333 668 2362 dicens
686 2342 726 2362 ex
748 2333 803 2363 illa

102 2375 253 2414 opinione
273 2377 310 2405 de
333 2376 510 2415 aequalitate
531 2382 735 2414 peccatorum
750 2385 799 2406 se·

103 2419 158 2456 qui
182 2417 433 2456 Saguntinorum
452 2419 571 2448 factum
590 2419 686 2448 fuisse
705 2419 799 2457 parri-

102 2460 224 2490 cidium
241 2473 246 2478 ·
264 2462 347 2498 quod
361 2471 426 2491 esse
439 2468 547 2491 contra
561 2471 692 2492 sensum
709 2471 799 2492 com-

104 2513 240 2533 munem
253 2509 283 2532 et
296 2504 463 2541 injustum.
477 2506 553 2534 hinc
565 2514 637 2543 ergo
650 2505 795 2544 intelligi,

104 2546 188 2576 idern
207 2546 328 2575 factum
344 2546 419 2577 alias
437 2556 503 2578 esse
523 2549 709 2585 honestum,
725 2548 801 2578 alias

103 2589 293 2619 sceleratum
310 2591 369 2620 &c-

151 2638 188 2662 18
213 2643 278 2672 quae
293 2644 322 2673 q.
340 2639 402 2660 utro
419 2631 548 2672 accessit]
572 2633 654 2664 Haec
668 2640 714 2663 est
729 2642 801 2663 vera

103 2673 210 2710 lectio,
227 2684 309 2714 saepe
326 2675 379 2705 illa
394 2675 499 2705 vitiata
513 2676 546 2706 in
562 2675 660 2713 libris,
674 2677 728 2716 qui
745 2677 801 2705 ha-

103 2716 181 2747 bent
206 2727 288 2757 saepe
314 2717 390 2747 ultro
416 2728 471 2757 pro
497 2725 574 2755 utro,
601 2720 676 2749 item
704 2718 801 2749 alteri.

103 2766 168 2789 utro
189 2767 236 2792 est
258 2770 314 2800 pro
335 2761 462 2799 utrovis,
478 2762 512 2792 in
535 2762 716 2793 utramlibet
734 2773 803 2802 par-

105 2808 184 2834 tem·

149 2853 188 2879 19
211 2845 291 2887 idflt
301 2845 482 2888 propensius]
507 2846 661 2881 Sumtum
677 2858 695 2879 a
711 2848 800 2886 libra,

844 2289 963 2328 aliquid
993 2290 1132 2320 alterutri
1169 2288 1331 2327 adjectum
1367 2295 1426 2326 est,
1455 2288 1542 2327 quod

844 2340 1051 2362 momentum
1068 2333 1172 2363 faciat.

887 2382 926 2406 20
952 2375 1015 2414 Ego
1041 2386 1110 2404 vero
1139 2381 1166 2404 te
1194 2372 1269 2406 &ml
1296 2373 1334 2403 In
1362 2374 1423 2403 hoc
1454 2382 1542 2412 para-

841 2418 924 2448 doxo
941 2419 1108 2453 manifeste
1126 2417 1338 2448 adversarium
1352 2416 1411 2446 sibi
1427 2417 1541 2447 sumsit

842 2461 951 2492 Cicero
967 2461 1139 2492 Clodium:
1163 2461 1218 2500 qui
1241 2467 1274 2490 et
1296 2461 1418 2499 primus
1439 2459 1541 2499 loqui·

841 2511 903 2537 tur,

887 2555 923 2578 21
951 2547 1032 2576 rebus
1055 2546 1188 2575 addicam
1209 2542 1387 2583 necessariis]
1407 2543 1471 2574 Hic
1494 2543 1540 2573 lo-

843 2599 900 2620 cus
915 2590 1007 2620 valde
1022 2596 1153 2620 vexatus
1170 2596 1228 2625 est,
1242 2595 1272 2617 et
1291 2588 1490 2617 librariorum
1507 2588 1540 2616 in

842 2634 1007 2663 scribendo
1028 2634 1188 2668 varietate,
1212 2639 1243 2660 et
1267 2631 1407 2660 virorum
1433 2631 1541 2660 docto-

844 2687 916 2706 rum
934 2677 965 2706 in
983 2677 1183 2706 emendando
1199 2681 1229 2704 et
1244 2674 1441 2713 explicando.
1461 2672 1542 2711 opti-

845 2729 940 2749 mum
963 2721 1069 2758 putavi
1093 2728 1171 2749 curn
1190 2717 1315 2747 Graevio
1331 2715 1482 2754 corrigere
1498 2726 1543 2744 re-

845 2761 895 2791 bus
909 2762 1028 2792 vincam
1044 2760 1219 2797 necessariis,
1236 2761 1256 2789 i.
1273 2769 1300 2789 e.
1318 2758 1542 2788 demonstrabo

844 2806 1018 2845 perspicuis
1033 2812 1064 2837 et
1078 2803 1252 2837 necessario
1267 2802 1349 2835 veris
1370 2808 1544 2840 argumenta

845 2854 895 2878 tis.

835 2900 950 2947 314
