1844 3202
251 122 332 166 934
621 118 681 156 M.
710 117 924 157 TULLII
960 119 1292 160 CICERONIS

249 233 362 275 runt,
383 231 427 267 et
451 225 570 283 quasi
599 225 773 277 nodum,
794 227 1089 285 vinculumque
1117 230 1365 272 desiderant.
1425 231 1508 273 Sed
1533 233 1676 275 vincu-

248 282 387 324 lorum
418 281 462 323 id
491 291 555 324 est
584 284 862 338 aptissimum,
893 294 1018 341 atque
1048 287 1361 341 pulcerrimum,
1391 289 1504 344 quod
1534 304 1583 330 ex
1613 304 1672 341 se,

247 348 375 394 atque
411 339 463 379 de
492 339 572 389 his,
603 354 696 395 quae
732 340 968 396 adstringit,
999 357 1125 397 quam
1157 345 1337 385 maxime
1369 360 1499 385 unum
1533 346 1672 387 efficit.

248 395 300 436 Id
331 395 489 451 optime
517 396 767 451 assequitur,
788 412 882 452 quae
914 398 1063 439 Graece
1091 401 1288 454 ἀναλογία,
1319 401 1467 443 Latine
1501 402 1671 455 (auden-

245 451 346 498 dum
370 461 434 493 est
453 452 579 502 enim,
597 452 794 508 quoniam
819 454 908 494 haec
928 455 1111 509 primum
1128 471 1152 496 a
1172 458 1292 498 nobis
1314 461 1531 511 novantur)
1554 473 1673 499 com-

210 520 234 553 5
248 510 423 564 paratio,
444 510 710 564 proportiove
730 509 812 550 dici
834 519 987 565 potest.
1027 513 1209 568 Quando
1230 514 1338 554 enim
1361 515 1487 555 trium
1509 515 1570 556 vel
1592 530 1681 556 ηιμ,

245 580 475 616 merorum,
496 565 557 605 vel
589 565 834 621 figurarum,
855 567 918 609 vel
937 582 1302 625 quorumcumque
1332 585 1549 626 generum,
1570 586 1671 613 con-

243 622 386 677 tingit,
406 631 455 663 ut
484 621 599 677 quod
629 622 815 663 medium
841 623 908 673 sit,
930 624 991 664 uti
1020 625 1202 679 primum
1234 627 1519 681 proportione,
1541 628 1599 669 ita
1628 629 1672 670 id

241 688 462 734 postremo
484 687 764 733 comparetur,
786 679 1049 736 vicissimque
1070 692 1117 723 ut
1137 691 1369 723 extremum
1396 697 1494 724 cum
1515 684 1672 735 medio,

243 735 303 775 sic
337 735 522 776 medium
558 749 655 776 cum
687 734 823 791 primo
856 738 1119 789 conferatur3
1151 739 1192 779 id
1227 739 1340 795 quod
1372 739 1556 781 medium
1592 750 1672 791 est,

240 800 336 832 tum
355 792 538 847 primum
569 791 637 842 sit,
657 800 747 833 tum
779 802 1038 849 postremum
1058 811 1069 846 3
1100 805 1313 851 postrema
1332 810 1443 847 vero,
1463 805 1505 837 et
1534 797 1670 852 prima

241 847 380 888 media
396 849 511 898 fiunt,
530 847 587 888 ita
607 849 830 891 necessitas
852 851 984 906 cogit,
1005 861 1052 892 ut
1072 852 1218 893 eadem
1239 853 1321 893 sint
1339 867 1402 903 ea,
1418 868 1512 909 quae
1528 853 1671 909 dijun-

240 912 310 945 cta
330 905 510 945 fuerunt.
532 904 680 945 eadem
702 915 843 946 autem
869 921 968 948 cum
997 908 1107 949 facta
1132 909 1229 959 sint,
1250 909 1440 960 efficitur,
1461 918 1508 950 ut
1529 911 1671 950 omnia

240 960 323 1001 sint
343 976 490 1002 unum.
548 962 678 1017 Quod
705 961 739 1003 si
770 963 1043 1005 universitatis
1076 979 1244 1020 corpus,
1265 965 1437 1020 planum
1466 975 1509 1006 et
1529 981 1669 1021 aequa-

236 1016 323 1058 bile
353 1017 644 1072 explicaretur,
674 1032 808 1074 neque
838 1020 879 1060 in
915 1034 967 1061 eo
996 1021 1225 1077 quidquam
1256 1029 1366 1062 esset
1395 1022 1668 1076 requisitum:

236 1085 371 1114 unum
401 1073 670 1130 interjectum
701 1076 903 1126 medium,
924 1085 967 1118 et
994 1092 1037 1118 se
1065 1079 1218 1133 ipsum,
1239 1088 1282 1119 et
1302 1091 1364 1128 ea,
1386 1078 1538 1134 quibus
1559 1087 1670 1120 esset

237 1129 546 1186 interpositum,
572 1131 806 1186 colligaret.
866 1133 949 1175 Sed
977 1148 1075 1175 cum
1101 1135 1288 1176 soliditas
1318 1134 1478 1176 mundo
1505 1149 1667 1190 quaere-

236 1195 379 1228 retur:
421 1187 556 1230 solida
592 1198 734 1232 autem
764 1189 907 1230 omnia
936 1205 1021 1232 uno
1051 1191 1192 1232 medio
1222 1206 1471 1248 numquam,
1501 1192 1670 1233 duobus

235 1257 400 1298 semper
427 1244 703 1300 copulentur:
735 1245 795 1286 ita
823 1246 1017 1302 contigit,
1039 1256 1088 1289 ut
1116 1249 1223 1289 inter
1251 1248 1395 1303 ignem
1425 1257 1468 1288 et
1498 1256 1667 1299 terram,

234 1313 387 1355 aquam
407 1301 539 1353 Deus,
557 1301 827 1358 animamque
846 1313 1033 1358 poneret,
1052 1319 1184 1360 eaque
1204 1305 1310 1346 inter
1331 1318 1375 1345 se
1391 1315 1667 1360 compararet,

234 1366 278 1397 et
298 1358 571 1412 proportione
592 1358 884 1414 conjungeret,
902 1370 950 1401 ut
970 1361 1329 1417 quemadmodum
1352 1361 1475 1416 ignis,
1490 1362 1666 1412 animae3

234 1412 292 1454 sic
312 1413 452 1454 anima
470 1429 590 1470 aquae
610 1431 619 1456 :
652 1416 851 1472 quodque
881 1416 1019 1458 anima
1040 1433 1186 1473 aquae3
1217 1417 1259 1458 id
1283 1432 1393 1472 aqua
1424 1426 1546 1458 terrae
1565 1432 1665 1473 pro—

232 1470 426 1524 portione
454 1472 660 1513 redderet.
719 1474 817 1529 Qua
843 1486 894 1514 ex
926 1473 1224 1530 conjunctione
1249 1474 1405 1515 coelum
1431 1474 1489 1515 ita
1518 1484 1666 1530 aptum

233 1535 312 1576 est,
335 1535 383 1567 ut
411 1527 489 1568 sub
518 1528 765 1583 adspectum
796 1538 838 1570 et
867 1537 1027 1571 tactum
1048 1530 1182 1571 cadat.
1243 1531 1391 1585 Itaque
1413 1539 1455 1570 et
1485 1531 1540 1571 ob
1571 1545 1672 1572 eamv

234 1595 420 1634 causam,
440 1593 484 1625 et
515 1585 569 1626 ab
597 1586 646 1626 iis
672 1585 809 1636 rebus,
832 1600 1005 1627 numero
1027 1595 1241 1642 quattuor,
1262 1586 1409 1627 mundi
1430 1595 1493 1627 est
1512 1600 1667 1642 corpus

233 1639 447 1690 effectum,
467 1654 517 1681 ea
537 1650 826 1682 constructum
850 1643 1134 1697 proportione,
1155 1657 1240 1698 qua
1259 1642 1368 1683 dixi:
1399 1657 1449 1683 ex
1470 1657 1554 1698 quo
1577 1643 1665 1698 ipse

233 1709 277 1736 se
298 1696 499 1738 concordi
521 1698 700 1753 quadam
721 1698 905 1739 amicitia
924 1708 968 1739 et
988 1699 1160 1740 caritate
1181 1699 1477 1753 complectitur
1496 1715 1505 1739 :
1536 1709 1665 1755 atque

232 1752 292 1793 ita
320 1762 417 1808 apte
445 1753 644 1805 cohaeret,
666 1763 713 1795 ut
743 1754 911 1796 dissolvi
942 1755 1059 1796 nullo
1088 1755 1217 1796 modo
1249 1764 1387 1811 queat,
1408 1755 1486 1796 nisi
1507 1755 1560 1796 ab
1589 1770 1663 1797 eo-

231 1807 345 1860 dem,
365 1824 389 1850 a
410 1824 495 1865 quo
525 1820 590 1852 est
618 1811 859 1867 colligatus.
917 1813 1073 1853 Earum
1103 1821 1246 1853 autem
1277 1820 1477 1868 quattuor
1505 1826 1662 1863 rerum,

232 1880 337 1921 quas
367 1881 492 1922 supra
519 1867 618 1919 dixi,
643 1868 701 1909 sic
729 1870 771 1909 in
799 1868 915 1909 omni
935 1868 1096 1909 mundo
1118 1883 1265 1909 omnes
1284 1877 1423 1924 partes
1442 1867 1661 1910 collocatae

231 1932 344 1973 sunt,
366 1932 414 1965 ut
442 1923 557 1964 nulla
578 1939 673 1980 pars
695 1924 873 1981 hujusce
893 1926 1060 1980 generis
1081 1925 1301 1966 excederet
1320 1933 1450 1975 extra,
1471 1933 1597 1980 atque
1617 1925 1663 1967 in

231 1978 315 2020 hoc
335 1980 526 2021 universo
546 1981 729 2022 inessent
747 1996 905 2036 genera
923 1981 994 2022 illa
1010 1981 1211 2023 universa.
1261 1981 1313 2022 Id
1331 1982 1386 2022 ob
1407 1995 1475 2022 eas
1497 1995 1661 2033 causas,

229 2036 411 2090 primum
435 2045 483 2077 ut
502 2037 685 2079 mundus
705 2039 907 2089 animans,
927 2039 1062 2093 possit
1076 2052 1126 2079 ex
1146 2038 1340 2094 perfectis
1359 2037 1547 2093 partibus
1568 2051 1659 2079 esse

229 2093 468 2147 perfectus:
499 2093 651 2135 deinde
679 2103 728 2135 ut
752 2109 860 2136 unus
886 2103 1008 2145 esset,
1030 2095 1145 2135 nulla
1168 2104 1300 2149 parte,
1322 2094 1432 2135 unde
1459 2093 1564 2135 alter
1590 2095 1659 2150 gi-

229 2158 445 2204 gneretur,
464 2150 607 2191 relicta
625 2168 634 2192 z
665 2159 881 2206 postremo
910 2165 961 2191 ne
983 2151 1076 2208 quis
1104 2151 1278 2192 morbus
1299 2166 1396 2192 eum
1418 2150 1564 2206 possit,
1585 2158 1660 2192 aut

229 2215 421 2247 senectus
450 2205 647 2262 affligere.
707 2207 857 2249 Omnis
884 2208 995 2248 enim
1025 2208 1337 2263 coagmentatio
1364 2207 1566 2261 corporis,
1593 2207 1657 2248 vel

228 2261 381 2314 calore,
404 2263 468 2304 vel
498 2263 669 2319 frigore,
693 2263 756 2305 vel
785 2264 926 2319 aliqua
954 2265 1206 2320 impulsione
1235 2263 1469 2305 vehementi
1498 2263 1658 2305 labefa-

228 2327 380 2370 ctatur,
409 2329 452 2360 et
480 2321 703 2376 frangitur,
731 2329 773 2361 et
801 2321 854 2361 ad
883 2321 1071 2372 morbos,
1097 2330 1444 2375 senectutemque
1468 2319 1657 2375 compel-

226 2374 340 2416 litur.
400 2376 523 2417 Hanc
543 2377 673 2432 igitur
694 2377 840 2418 habuit
865 2378 1068 2419 rationem
1091 2378 1262 2419 effector
1282 2375 1444 2426 mundi,
1463 2375 1655 2417 molitor-

227 2445 310 2486 que
338 2432 473 2483 Deus,
495 2441 543 2474 ut
571 2447 701 2474 unum
727 2448 833 2489 opus
861 2442 1017 2485 totum,
1035 2443 1161 2490 atque
1188 2433 1418 2489 perfectum
1441 2446 1492 2473 ex
1518 2432 1655 2474 omni-

227 2488 306 2529 bus
339 2490 454 2540 totis,
484 2498 610 2545 atque
643 2490 838 2544 perfectis
868 2491 1164 2540 absolveretur,
1198 2489 1312 2545 quod
1342 2489 1458 2529 omni
1489 2489 1655 2539 morbo,

189 2544 392 2587 &seniove
411 2556 585 2587 careret.
643 2545 839 2588 Formam
865 2555 1005 2588 autem
1027 2555 1069 2587 et
1096 2547 1276 2586 maxime
1306 2546 1384 2586 sibi
1412 2554 1654 2600 cognatam,

227 2611 270 2643 et
307 2601 501 2644 decoram
534 2601 663 2644 dedit.
720 2604 761 2644 A
790 2617 875 2659 quo
908 2604 1019 2644 enim
1049 2603 1258 2644 animante
1292 2616 1436 2643 onmes
1469 2601 1653 2657 reliquos

225 2659 430 2700 contineri
450 2658 574 2700 vellet
593 2659 839 2710 animantes,
859 2659 972 2700 hunc
1003 2674 1052 2700 ea
1081 2659 1218 2700 forma
1240 2659 1443 2714 figuravit,
1465 2672 1548 2714 qua
1567 2671 1651 2700 una

224 2729 371 2756 omnes
401 2715 572 2772 reliquae
601 2715 748 2757 formae
778 2716 1112 2758 concluduntur:
1143 2725 1185 2757 et
1213 2716 1416 2771 globosus
1437 2726 1501 2755 est
1520 2714 1668 2755 fabri-⁴

224 2781 342 2812 catus
359 2787 372 2822 3
403 2772 518 2829 quod
537 2773 753 2829 σφαιροειδὲς
771 2773 910 2814 Graeci
930 2783 1091 2814 vocant.
1113 2773 1233 2829 cujus
1253 2771 1390 2813 omnis
1409 2771 1649 2812 extremitas

223 2828 390 2883 paribus
410 2843 436 2871 a
455 2829 596 2871 medio
613 2828 738 2872 radiis
758 2829 1005 2887 attingitur3
1035 2829 1161 2886 idque
1182 2830 1239 2871 ita
1266 2828 1458 2880 tornavit,
1478 2835 1525 2869 ut
1545 2826 1648 2869 nihil
