1844 3202
584 107 766 146 LIBER
800 105 1086 146 TERTIUS.
1479 111 1556 154 777

121 215 433 258 contineretur·
465 215 508 257 in
531 214 597 256 his
625 212 769 269 magni
795 227 885 254 esse
907 212 1081 269 Judieis,
1103 218 1286 254 statuere
1310 213 1561 268 (praesertim

121 287 222 313 cum
244 282 282 307 9‘2
300 273 343 314 111
374 272 582 329 plerisque
611 279 751 311 essent
772 270 943 334 judicia
965 269 1190 333 contraria)
1220 268 1322 323 quid
1350 284 1560 326 quemque

122 330 275 384 cuique
302 338 498 393 praestare
520 335 748 383 oporteret.
806 326 1020 368 Ouocirca
1039 326 1204 366 astutiae
1230 324 1428 366 tollendae
1450 336 1620 378 sunt,71

121 399 258 449 eaque
280 385 453 435 malitia,
474 399 570 440 quae
590 384 678 425 vult
706 383 778 424 illa
807 369 980 439 quidem
1002 390 1039 416 93
1055 381 1184 423 videri
1206 396 1248 422 se
1269 395 1359 421 esse
1380 382 1564 437 pruden-

120 441 250 482 tiam:
283 441 354 482 sed
384 441 504 482 abest
533 441 587 481 ab
615 454 678 491 ea,
703 439 916 495 distatque
947 439 1195 495 plurimum.
1256 438 1481 478 Prudentia
1500 448 1564 479 est

122 498 234 538 enim
268 496 407 538 locata
441 497 483 538 in
513 496 682 538 delectu
712 497 938 547 bonorum,
970 505 1013 537 et
1042 495 1282 536 malorum:
1320 494 1483 536 malitia
1514 496 1565 548 (si

122 553 280 604 omnia,
300 568 394 609 quae
427 554 566 609 turpia
594 563 706 604 sunt,
731 553 844 594 mala
872 555 985 606 sunt)
1010 551 1122 593 mala
1151 551 1273 592 bonis
1304 551 1425 606 ponit
1454 561 1565 592 ante.

121 609 219 651 Nec
239 624 336 651 vero
357 611 398 651 in
420 610 587 665 praediis
608 610 777 651 50111111
761 624 832 666 Jus
854 609 990 661 civile,
1013 609 1189 650 ductum
1213 623 1238 648 a
1259 618 1421 672 natura,
1443 607 1566 648 mali-

121 665 241 716 tiam,
261 666 538 722 fraudemque
560 667 764 707 vindicat:
788 666 862 707 sed
882 666 1009 707 ctiam
1032 666 1073 706 in
1093 665 1400 719 mancipiorum
1423 663 1568 705 vendi-

123 722 240 763 tione
270 723 382 764 fraus
409 723 632 764 venditoris
662 723 798 763 omnis
824 722 1073 763 excluditur.
1105 722 1178 777 qui
1207 721 1320 761 enim
1353 721 1458 762 scire
1490 720 1565 761 de-

123 779 230 830 buit,
253 788 291 823 9¹
309 780 362 820 de
393 780 582 830 sanitate,
612 779 664 820 de
694 780 812 834 fuga,
842 779 895 819 de
922 777 989 820 1111
994 789 1060 830 tis,
1090 786 1262 833 praestat
1290 776 1431 818 edicto
1462 777 1565 818 aedi-

124 835 246 876 lium.
306 836 528 877 Heredum
559 836 640 877 alia
669 850 797 877 causa
827 845 905 876 est.
965 837 1028 875 Ex
1053 850 1140 891 quo
1167 834 1434 889 intelligitur,
1455 843 1600 890 quo-7

125 891 239 933 niam
263 892 372 949 juris
404 903 555 934 natura
580 893 674 933 fons
702 893 769 942 sit,
791 892 874 933 hoc
896 891 1126 933 secundum
1149 901 1341 932 naturam
1363 905 1470 942 esse,
1493 905 1566 932 ne-

126 948 285 999 minem
315 949 358 990 id
376 964 547 1014 magere,
548 959 596 990 ut
617 964 668 990 ex
687 949 860 990 alterius
886 949 1098 1004 praedetur
1117 948 1348 989 inscientia.
1381 962 1456 989 nec
1484 948 1569 990 ulla

127 1005 330 1069 pernicies
351 1006 444 1046 xitae
467 1006 602 1062 major
628 1006 800 1046 inveniri
830 1014 984 1060 potest,
1005 1020 1075 1060 quz
1066 1020 1132 1045 1111
1153 1005 1194 1045 in
1216 1019 1268 1044 m
1262 1005 1376 1045 uitia
1395 1004 1487 1045 51111
1477 1005 1568 1045 111-

127 1061 189 1102 tio
211 1062 528 1117 intelligentiae:
560 1077 609 1103 ex
641 1077 726 1118 quo
755 1071 792 1096 95
808 1063 888 1103 ista
912 1061 1235 1103 innumerabilia
1256 1071 1498 1112 nascuntui,
1521 1072 1570 1103 ut

129 1118 250 1159 utilia
276 1133 373 1160 cum
406 1119 592 1160 honestis
622 1133 811 1175 pugnare
831 1118 1062 1159 videantur.
1123 1119 1293 1159 Ouotus
1316 1118 1428 1158 enim
1452 1119 1569 1173 quis-

128 1188 211 1230 que
231 1175 476 1230 reperietur,
496 1175 568 1231 qui
601 1176 866 1240 impunitate,
888 1183 930 1215 et
958 1162 1224 1230 ignoratione
1255 1174 1445 1215 omnium
1468 1189 1569 1230 pro-

127 1231 283 1287 posita,
302 1231 511 1272 abstinere
529 1232 662 1296 possit
681 1232 856 1296 injuria..
849 1233 861 1263 ³

190 1287 492 1338 Periclitemur,
515 1289 549 1328 si
578 1288 732 1343 placet,
754 1304 795 1329 m
824 1288 872 1328 iis
901 1287 1072 1344 quidem
1102 1288 1354 1344 exemplis,'
1344 1303 1386 1329 m
1416 1287 1568 1344 qtibus
1588 1283 1654 1331 18

130 1344 296 1409 peccari
328 1344 479 1409 yulgus
512 1344 735 1386 hominum
765 1345 942 1386 fortasse
973 1359 1057 1385 non
1087 1354 1222 1400 putat
1282 1346 1434 1400 Neque
1457 1345 1565 1386 enim
1582 1357 1632 1398 73

130 1400 184 1442 de
218 1401 389 1452 sicariis,
420 1401 627 1452 veneficis,
666 1401 1007 1452 testamentariis,
1041 1401 1219 1452 furibus,
1254 1402 1570 1456 peculatoribus

130 1450 215 1498 1100
244 1457 342 1498 1000
373 1457 663 1499 disserendum
693 1467 787 1509 est;
818 1459 890 1514 qui
919 1472 1002 1498 non
1033 1457 1167 1498 verbis
1195 1467 1291 1499 sunt
1312 1468 1355 1499 et
1380 1458 1572 1513 disputa-

132 1514 248 1555 tione
268 1514 637 1570 philosophorum,
659 1515 733 1557 sed
759 1515 932 1556 vinculis
963 1524 1006 1555 et
1035 1528 1202 1556 carcere
1229 1514 1465 1570 fatigandi:
1498 1515 1622 1561 sedb0

131 1569 226 1612 haec
256 1570 588 1622 consideremus,
617 1587 712 1628 quae
742 1571 938 1613 faciunt
928 1571 972 1623 11,
1000 1570 1073 1627 qui
1103 1571 1312 1612 habentur
1344 1571 1461 1613 boni.
1520 1573 1574 1614 L.

131 1626 315 1669 Minucii
362 1627 506 1679 Basili,
554 1628 778 1683 locupletis
824 1627 1023 1679 hominis,
1066 1628 1223 1669 falsum
1270 1636 1576 1670 testamentum

133 1689 174 1720 9⁶
194 1684 366 1739 quidam
395 1698 418 1725 e
449 1684 616 1725 Graecia
647 1686 827 1726 Romam
858 1685 1120 1726 attulerunt.
1160 1684 1277 1740 quod
1298 1699 1385 1740 quo
1411 1685 1576 1727 facilius

133 1740 390 1791 obtinerent,
425 1741 675 1796 scripserant
709 1740 884 1782 heredes
919 1755 1062 1782 secum
1098 1741 1165 1782 M.
1198 1741 1415 1805 Crassum,
1445 1750 1488 1782 et
1517 1743 1576 1798 Q.

135 1796 433 1847 Hortensium,
469 1797 662 1838 homines
698 1797 889 1854 ejusdem
925 1797 1060 1838 aetatis
1093 1797 1442 1852 potentissimos:
1487 1814 1576 1854 qm,

136 1867 236 1899 cum
267 1853 374 1895 illud
403 1854 557 1895 falsum
589 1869 680 1895 esse
713 1855 1039 1910 suspicarentur,
1062 1854 1142 1895 sibi
1169 1862 1312 1895 autem
1333 1855 1488 1896 nullius
1509 1870 1578 1896 es-

135 1919 229 1950 sent
248 1910 406 1951 eonseii
427 1910 594 1966 culpae·
582 1940 594 1963 ,
619 1911 752 1952 alieni
778 1911 973 1952 facinoris
1005 1910 1307 1952 munusculum
1336 1926 1422 1952 non
1450 1927 1577 1976 repu-

135 1965 373 2010 diav.erunt
427 1967 544 2023 Quid
575 1968 710 2023 ergo?
743 1960 865 2009 satin'
889 1968 971 2008 hoe
997 1977 1076 2017 est,
1097 1977 1146 2008 ut
1165 1982 1250 2008 non
1270 1967 1496 2024 deliquisse
1516 1969 1577 2009 11-

137 2023 345 2065 deantur?
391 2024 504 2064 mihi-
531 2024 712 2080 quidem
741 2039 825 2066 non
859 2024 1052 2067 videtur.
1097 2038 1353 2080 quamquam
1395 2026 1575 2066 alterum

137 2079 273 2121 amavi
294 2080 448 2131 vivum,
467 2079 647 2122 alterum
679 2096 763 2122 non
795 2080 868 2122 odi
892 2090 1125 2122 mortuum.
1186 2080 1270 2121 Sed
1290 2095 1389 2122 cum
1411 2081 1575 2123 Basilus
1588 2090 1644 2134 74

137 2136 207 2178 M.
242 2136 442 2188 Sat-rium,
482 2138 637 2179 sororis
674 2138 822 2190 filium,
857 2151 1013 2178 nomen
1053 2152 1178 2179 suum
1217 2137 1324 2178 ferre
1363 2138 1578 2190 voluisset,

138 2195 322 2249 eumque
341 2194 507 2235 fecisset
525 2194 751 2236 heredem:
782 2202 818 2232 97
831 2195 943 2235 hunc
963 2194 1059 2235 dico
1081 2204 1306 2250 patronum
1328 2195 1418 2250 agri
1439 2171 1581 2237 Piceni

139 2258 192 2291 et„
204 2250 376 2292 Sabini:
411 2253 454 2304 (o
476 2258 643 2306 turpem
674 2261 818 2293 notam
851 2261 1089 2306 tempoium
1116 2250 1284 2292 illorum
1302 2251 1329 2303 !)
1360 2266 1460 2292 num
1491 2263 1582 2294 erat

142 2320 327 2362 aequum,
348 2307 557 2364 principes
578 2308 688 2349 01105
706 2322 795 2351 rem
816 2307 985 2360 habere,
1006 2306 1060 2349 ad
1082 2307 1263 2349 Satrium
1295 2308 1400 2350 nihil
1426 2318 1582 2366 praeter

187 2459 226 2485 92
250 2451 281 2482 ἱη
305 2451 450 2495 plerisque
470 2453 589 2494 judicia
618 2461 697 2484 contr
699 2452 779 2493 ινὶα]
811 2453 842 2484 in

928 2461 966 2488 95
991 2454 1048 2483 ista
1071 2454 1296 2484 innumerabilia
1319 2453 1490 2495 nascuntur]
1516 2455 1583 2488 Μς

137 2494 299 2537 me'sque,
321 2502 357 2526 ut
379 2497 411 2527 in
431 2498 541 2534 tutela,
561 2498 691 2535 fiducia,
709 2498 842 2528 manda-

885 2498 961 2528 Cur.
977 2497 1060 2528 delet
1075 2505 1132 2527 xsta
1155 2499 1225 2530 edd.
1245 2499 1333 2538 Mog.
1352 2499 1448 2545 Rom.
1463 2499 1585 2529 habent

143 2547 189 2576 to,
203 2540 284 2569 actio
300 2546 427 2570 estnon
449 2541 545 2571 modo
568 2541 681 2581 pupilli
702 2542 734 2571 in
756 2548 840 2571 tuto-

145 2591 226 2618 rem,
242 2582 297 2612 sed
311 2583 407 2612 etiam
423 2585 533 2614 tutoris
550 2584 581 2613 in
599 2584 771 2624 pupillum.
795 2584 841 2614 lo-

143 2625 256 2655 01110115
280 2625 312 2655 111
337 2626 565 2657 conductorem
586 2634 617 2658 et
640 2628 842 2658 conductoris

143 2667 178 2698 in
195 2667 366 2698 locatorem
383 2670 442 2699 &c-

191 2716 229 2742 93
245 2710 344 2740 videri
359 2723 386 2741 se
402 2723 458 2741 esse
465 2711 681 2765 prudentiam]
686 2712 842 2744 Usitatius

141 2752 225 2785 joret
239 2753 337 2783 videri
348 2754 519 2794 prudentia.

191 2802 232 2829 94
246 2795 280 2825 de
295 2798 431 2838 sanitate,
448 2799 482 2827 d«
485 2796 584 2841 suga]
599 2798 649 2830 Sc.
665 2808 842 2839 servorum,

143 2847 226 2883 ‘³¹³9‘
241 2840 360 2882 venam

703 2917 735 2951 0

884 2540 950 2571 illa.

928 2588 968 2617 96
1006 2581 1356 2625 quidam—attulerunt]
1389 2584 1452 2614 Με-
1484 2584 1583 2625 Goth,

885 2626 1039 2667 attulerat.
1075 2627 1208 2657 Videtur
1229 2628 1302 2657 dare
1325 2627 1469 2657 librarius
1491 2627 1584 2656 volu-

886 2671 944 2699 isse
959 2669 1141 2700 attulerant.
1138 2681 1144 2687 ·
1167 2677 1199 2700 et
1218 2671 1263 2701 510
1283 2680 1360 2700 mox
1376 2679 1442 2699 esse
1457 2670 1584 2699 deberet

885 2713 1067 2752 scripserant.
1089 2713 1204 2743 saltem
1218 2715 1281 2743 hoc
1296 2720 1342 2743 est
1357 2713 1583 2743 necessarium.

886 2765 946 2786 nec
961 2756 1101 2786 dubitavi
1117 2757 1162 2786 sic
1179 2757 1342 2795 corrigere.

890 2821 892 2823 ,
931 2803 967 2834 97
996 2798 1069 2827 hunc
1083 2799 1145 2827 dico
1161 2788 1489 2841 patronum—Sabim]
1502 2798 1585 2830 Sunt

886 2841 980 2873 verba
995 2842 1186 2882 testamenti.
