1844 3202
542 134 721 173 LIBER
761 130 1099 170 SECUNDUS.
1447 135 1532 176 >741

106 256 152 289 ut
172 260 270 290 cum
292 242 565 288 admiratione
588 240 824 291 hominum,
846 240 1007 280 honore
1037 238 1091 280 ab
1122 237 1173 278 iis
1194 236 1312 293 digni
1326 238 1538 294 judicare-

107 321 216 346 mur.
277 302 551 345 Admirantur
589 299 719 354 igitur
756 297 1042 338 communiter
1079 295 1140 336 illi
1178 294 1349 349 quidem
1383 296 1541 348 omnia,

109 378 202 414 qum
244 373 407 413 ·:›:1gna‚
441 366 483 396 et
516 366 668 410 praeter
699 354 942 409 opinionem
976 367 1095 394 suam
1131 350 1543 394 animadverterunt:

111 416 330 472 separatim
353 426 495 454 autem
518 412 559 452 in
581 411 773 466 singulis,
796 412 828 451 si
857 410 1115 466 perspiciunt
1135 422 1213 449 nec
1233 407 1403 463 opinata
1424 423 1544 463 quae-

110 475 205 514 <Imm
241 476 362 512 bona.
391 470 534 524 itaque
567 482 638 509 eos
668 468 776 508 vicos
798 467 1046 522 suspiciunt,
1067 464 1346 521 maximisque
1367 464 1546 505 efferunt

107 529 320 578 laudibus,
340 527 381 567 in
404 527 558 581 quibus
580 525 820 565 existimant
839 538 881 564 se
903 523 1152 564 excellentes
1173 521 1377 578 quasdam
1399 529 1442 562 et
1463 520 1549 561 sin-

107 585 277 641 gulares
308 584 479 624 virtutes
511 581 772 637 perspicere3
804 580 1040 636 despiciunt
1076 589 1219 620 autem
1254 593 1343 628 eos,
1373 585 1417 618 et
1445 591 1548 618 con-

109 649 318 691 temnunt,
342 641 383 681 in
405 640 558 695 quibus
579 638 680 679 nihil
709 638 886 688 virtutis,
907 637 1012 678 nihil
1034 636 1177 687 animi,
1200 635 1303 676 nihil
1325 647 1550 675 nervorum

96 707 275 754 putant.
307 711 390 737 non
420 697 532 737 enim
564 709 708 735 omnes
740 708 813 735 eos
847 703 1143 744 contemnunt,
1172 692 1224 733 de
1255 692 1409 747 quibus
1440 689 1553 732 male

112 754 365 795 existimant.
389 768 483 793 nam
509 766 615 807 quos
641 752 873 805 improbos,
895 749 1138 801 maledicos,
1158 748 1451 790 fraudulentos
1472 761 1551 803 pu-

113 819 221 862 tant,
250 820 293 850 et
321 812 373 850 ad
405 809 639 850 faciendam
672 807 868 863 injuriam
899 807 1140 856 instructos,
1171 820 1244 847 eos
1275 811 1555 846 contemnunt

119 867 291 923 quidem
328 867 589 921 neutiquam,
626 864 699 905 sed
739 864 791 905 de
830 863 894 904 his
929 864 1040 904 male
1077 863 1330 904 existimant.
1389 862 1554 918 Quam-

116 927 280 974 obrem,
321 926 384 975 (ut
414 933 511 963 ante
542 921 642 973 dixi)
669 929 998 962 contemnuntur
1019 920 1061 970 ii,
1090 920 1163 976 qui
1185 933 1261 960 nec
1283 918 1377 970 sibi,
1396 932 1472 959 nec
1494 917 1557 959 al-

116 980 208 1030 teri,
236 989 284 1021 ut
314 979 482 1028 dicitur,
502 978 544 1019 in
575 978 730 1034 quibus
750 977 889 1018 nullus
911 978 1045 1027 labor,
1064 977 1183 1018 nulla
1200 975 1418 1027 industria,
1440 973 1558 1016 nulla

117 1051 217 1078 cura
235 1045 312 1077 est.
370 1035 666 1076 Admiratione
697 1035 934 1075 afficiuntur
954 1034 995 1084 ii,
1017 1034 1089 1089 qui
1110 1033 1268 1074 anteire
1287 1041 1453 1074 ceteros
1473 1031 1617 1076 vir-37

118 1103 211 1134 tute
234 1101 450 1149 putantur,
470 1104 511 1133 et
533 1106 630 1133 cum
654 1092 769 1132 omni
790 1104 930 1132 carere
951 1090 1172 1142 dedecore,
1194 1100 1287 1131 tum
1308 1104 1405 1131 vero
1426 1089 1475 1130 iis
1496 1088 1556 1129 vi—
1567 1084 1603 1115 b.

119 1151 204 1200 tiis,
236 1149 390 1199 quibus
421 1149 491 1189 alii
522 1164 606 1189 non
636 1148 758 1189 facile
788 1157 966 1202 possunt
997 1148 1214 1188 obsistere.
1245 1161 1342 1187 nam
1373 1155 1417 1187 et
1436 1145 1560 1187 volu-

120 1202 273 1262 ptates,
304 1205 588 1246 blandissimae
619 1204 819 1255 dominae,
851 1212 892 1237 39
905 1203 1088 1260 majores
1119 1213 1256 1260 partes
1277 1203 1406 1243 animi
1436 1203 1562 1243 avir-

120 1273 213 1304 tute
234 1263 517 1317 detorquent3
548 1272 591 1302 et
612 1261 810 1302 dolorum
833 1275 931 1302 cum
962 1260 1239 1302 admoventur
1260 1260 1387 1311 faces,
1409 1267 1563 1315 praeter

121 1319 302 1361 modum
323 1319 513 1374 plerique
542 1327 831 1359 exterrentur:
863 1318 959 1368 vita,
980 1332 1110 1368 mors,
1133 1317 1302 1367 divitiae,
1322 1325 1564 1372 paupertas,

124 1390 271 1417 ornnes
310 1375 501 1416 homines
541 1375 908 1415 vehementissime
941 1383 1202 1429 permovent.
1261 1375 1372 1431 Quae
1412 1373 1486 1429 qui
1521 1373 1566 1414 in

124 1444 347 1488 utramque
370 1441 531 1487 partem
553 1432 718 1472 excelso
739 1432 882 1472 animo
908 1445 1152 1487 magnoque
1172 1430 1423 1486 despiciunt,
1443 1444 1566 1471 cum·

116 1493 208 1545 *que
230 1490 370 1544 aliqua
391 1489 455 1529 his
486 1489 641 1544 ampla,
662 1498 705 1529 et
736 1488 913 1528 honesta
932 1502 997 1528 res
1019 1489 1188 1544 objecta
1208 1496 1284 1537 est,
1305 1495 1419 1528 totos
1442 1487 1495 1527 ad
1520 1500 1584 1527 se-

103 1556 332 1588 -eonvertlt
361 1555 404 1586 et
429 1546 551 1601 rapit,
584 1555 676 1586 tum
708 1545 802 1601 quis
824 1559 907 1585 non
933 1544 1164 1586 admiretur
1185 1543 1448 1600 splendorem
1471 1543 1568 1599 pul-

102 1635 105 1638 .
127 1603 466 1658 critudinemque
487 1602 651 1643 virtutis
670 1604 682 1642 ?
716 1604 833 1656 Ergo
864 1610 907 1642 et
934 1601 1027 1642 haec
1048 1601 1177 1642 animi
1197 1600 1472 1655 despicientia
1492 1599 1566 1640 ad·
1585 1596 1608 1641 l
1623 1595 1649 1642 l

100 1691 104 1694 -
127 1659 444 1701 mirabilitate-<m
466 1674 663 1714 magnam
686 1658 788 1699 facit
806 1674 815 1698 :
845 1667 888 1698 et
906 1657 1090 1698 maxime
1104 1658 1271 1714 justitia
1294 1660 1361 1711 (ex
1380 1672 1465 1712 qua
1485 1671 1568 1698 una
1580 1669 1632 1702 33

128 1718 283 1757 virtute
312 1716 386 1756 viri
417 1716 517 1756 boni
547 1715 828 1770 appellantur)
866 1715 1043 1755 mirifica
1071 1714 1268 1771 quaedam
1303 1713 1570 1755 multitudini

105 1773 322 1818 ,videtum
355 1787 431 1813 nec
465 1772 630 1828 injuria.
689 1773 832 1812 Nemo
863 1771 975 1811 enim
1001 1770 1146 1827 justus
1185 1785 1276 1812 esse
1307 1779 1461 1826 potest,
1498 1770 1573 1826 qui

132 1839 332 1877 mortem,
365 1831 437 1884 qui
474 1829 680 1879 dolorem,
714 1828 787 1883 qui
819 1828 1026 1878 exsilium,
1062 1829 1135 1883 qui
1167 1835 1401 1883 egestatem
1437 1826 1573 1878 timet,

106 1908 108 1910 v
132 1894 207 1926 aut
236 1886 307 1941 qui
339 1900 404 1935 ea,
423 1901 518 1942 quae
550 1885 614 1925 his
644 1895 742 1926 sunt
771 1885 995 1935 contraria,
1015 1885 1205 1940 aequitati
1234 1884 1464 1939 anteponit.
1485 1898 1577 1924 ma·
1603 1899 1606 1901 ’

105 1973 108 1978 .
133 1942 330 1997 ximeque
361 1942 622 1983 admirantur
651 1956 765 1992 eum,
787 1941 856 1996 qui
887 1941 1067 1996 pecunia
1095 1956 1179 1982 non
1207 1950 1427 1982 movetur:
1458 1939 1576 1996 quod

108 2031 113 2035 .
134 1998 177 2040 in
195 2013 281 2054 quo
301 1998 388 2039 viro
416 2008 685 2054 perspectum
707 1998 774 2048 sit,
798 1998 909 2038 hunc
931 1997 1020 2053 igni
1046 2007 1282 2053 spectatum
1305 1997 1576 2038 arbitrantur.

109 2087 113 2090 .
137 2056 286 2111 Itaque
306 2055 378 2096 illa
403 2056 614 2111 tria,'quae
643 2054 861 2110 proposita
892 2064 990 2095 sunt
1009 2054 1063 2095 ad
1081 2055 1277 2110 gloriam,
1298 2054 1441 2094 omnia
1452 2053 1580 2109 justi-

137 2112 197 2155 tia
222 2112 418 2153 conficit:
449 2122 491 2153 et
520 2111 869 2161 benevolentiam,
892 2110 1007 2166 quod
1029 2111 1230 2166 prodesse
1250 2111 1336 2152 vult
1355 2110 1547 2166 plurimis
1567 2127 1576 2151 :

137 2178 180 2211 et
210 2168 267 2210 ob
297 2168 474 2211 eandem
506 2183 693 2219 causam,
732 2168 884 2208 fidem:
922 2178 966 2209 et
994 2167 1333 2218 admirationem,
1364 2167 1479 2223 quod
1508 2181 1580 2207 eas

137 2240 203 2268 res
223 2225 382 2281 spernit
410 2233 453 2267 et
483 2225 679 2281 negligit,
700 2223 754 2266 ad
779 2239 881 2280 quas
903 2224 1093 2280 plerique
1113 2224 1365 2266 inflammati
1383 2223 1582 2265 aviditate

138 2282 372 2338 rapiuntur.

198 2340 265 2380 Ac
285 2353 380 2379 mea
400 2336 573 2394 quidem
593 2337 799 2378 sententia
821 2337 958 2378 omnis
979 2337 1088 2379 ratio
1109 2344 1238 2393 atque
1257 2336 1468 2378 institutio
1487 2335 1581 2378 vitae
1593 2351 1646 2393 39

143 2394 388 2452 adjumenta
406 2395 628 2435 hominum
650 2393 880 2449 desiderat:
903 2394 944 2435 in
964 2394 1210 2450 primisque,
1228 2403 1279 2435 ut
1299 2394 1470 2445 habeas,
1488 2393 1585 2449 qui-

143 2452 324 2494 buscum
357 2451 493 2507 possis
519 2450 745 2493 familiares
770 2451 961 2492 conferre
989 2465 1228 2492 sermones:
1260 2451 1376 2506 quod
1393 2458 1459 2491 est
1477 2449 1586 2491 diffi-

145 2508 241 2559 cile,
263 2506 342 2548 nisi
372 2508 555 2563 speciem
580 2522 668 2563 prae
696 2517 739 2548 te
758 2507 861 2548 boni
881 2507 955 2549 viri
974 2508 1098 2549 feras.
1156 2509 1274 2563 Ergo
1294 2507 1422 2548 etiam
1443 2506 1588 2548 solita-

191 2660 233 2686 39
255 2652 375 2692 majores
385 2658 486 2691 partes
500 2651 607 2693 animi]
622 2653 684 2684 Int.
698 2663 775 2692 quas
789 2663 847 2683 no-
890 2661 956 2685 tem
979 2655 1152 2685 lectionem
1178 2654 1326 2684 vitiosam
1349 2658 1451 2692 putat,
1482 2651 1590 2690 legen-

149 2698 203 2727 stri
226 2697 407 2735 philosophi
432 2696 595 2726 facultates
613 2699 787 2736 superiores
800 2698 848 2726 di·
890 2698 1047 2737 dumque,
1068 2696 1186 2738 majoris
1201 2696 1300 2736 partis
1325 2697 1383 2735 (sc.
1400 2693 1588 2733 hominum)

150 2746 244 2775 cunt,
262 2740 418 2769 rationem
441 2745 472 2767 et
492 2738 703 2770 voluntatem.
747 2739 849 2770 Volu-
890 2740 1013 2778 animos,
1035 2742 1121 2780 quod
1143 2741 1225 2771 bene
1249 2739 1414 2778 respondet
1437 2739 1478 2776 τῷ
1490 2736 1592 2776 plures

151 2789 219 2822 ptas
240 2782 326 2819 facit,
353 2789 390 2811 ut
415 2780 500 2811 male
522 2782 560 2811 de
584 2782 676 2811 rebus
702 2782 795 2812 bonis
818 2788 850 2812 et
893 2784 925 2812 in
941 2783 1039 2814 altero
1055 2784 1214 2821 membro,
1231 2782 1309 2812 etin
1325 2781 1415 2812 tertio
1431 2790 1522 2810 omnes
1544 2779 1595 2809 ho—

152 2825 247 2855 malis
258 2824 416 2862 judicent,
429 2831 459 2854 et
467 2825 616 2854 virtutem
627 2831 850 2863 contemnant,
894 2826 994 2856 mines.

134 2877 215 2906 *nnec
236 2875 386 2907 appetam
405 2876 478 2898 vere
493 2868 589 2898 bona.
633 2867 780 2898 Peaxcius
794 2877 851 2898 au—
