1844 3202
605 108 1022 150 CONsoLATm.
1454 110 1533 158 969

107 235 214 276 quos
244 228 286 261 et
315 228 406 262 acta
436 233 532 261 cum
563 218 714 259 virtute
743 217 825 258 vita
853 216 987 257 claros
1017 215 1169 265 effecit,
1199 223 1241 255 et
1270 230 1398 268 mors,
1432 217 1533 258 satis

106 277 305 318 diuturna
325 276 406 317 vita
426 274 683 331 perfunctos,
703 271 898 314 molestia
916 271 1078 312 afficere
1098 285 1181 312 non
1201 281 1352 326 potest.
1402 274 1532 315 Nasci

108 347 218 383 vero,
240 348 322 374 non
349 331 554 386 intelligo,
575 331 729 386 quibus
748 328 955 385 expediat.
975 342 1072 368 nam
1102 327 1143 368 in
1165 342 1385 380 aerumnas,
1406 332 1535 372 mise-

107 389 272 445 riasque
293 387 572 443 ingredientes
592 386 693 442 quid
713 396 899 442 gratum,
914 384 1015 440 quid
1033 383 1162 424 hilare
1179 383 1427 438 aspicimus?
1451 402 1535 441 qua

108 459 153 486 re
181 445 322 500 potius
354 458 437 484 non
468 443 751 484 offendimur?
784 441 899 498 quod
919 441 1077 496 primus
1098 439 1167 480 ille
1189 442 1446 481 nascentium
1471 443 1536 482 in-

107 501 286 542 fantium
314 500 494 555 vagitus,
513 508 556 540 et
583 499 762 556 ejulatus
783 498 880 539 satis
901 497 1100 538 declarat.
1130 495 1312 537 tributus
1341 497 1450 537 enim
1473 509 1537 539 est

106 558 159 597 ab
190 557 353 612 optima
384 566 551 611 parente
582 566 741 605 natura,
761 569 856 611 quae
887 553 989 594 nihil
1020 553 1141 594 inane
1172 552 1279 594 solet
1307 553 1467 604 efferre,
1489 569 1538 594 ac

107 613 250 668 potius
278 613 326 653 iis
352 612 492 662 rebuS,
513 627 615 667 quas
643 611 784 661 efficit,
804 610 1048 651 admiranda
1070 623 1235 664 semper
1263 608 1350 649 edit
1370 609 1431 650 vel
1451 610 1539 664 pie-

108 669 220 719 tatis,
240 668 303 710 vel
318 667 513 725 justitiae,
532 668 592 709 vel
615 667 846 723 prudentiae
866 666 1135 708 documenta.
1194 666 1257 705 Ex
1277 680 1363 720 quo
1384 666 1538 707 intelli-

108 725 154 780 gi
182 725 295 775 licet,
314 739 399 766 non
428 725 539 765 nasci
569 724 697 780 longe
723 724 933 779 optimum
956 736 1061 773 esse,
1085 736 1160 762 nec
1181 721 1222 761 in
1242 721 1319 762 hos
1341 722 1540 777 scopulos

108 781 292 823 incidere
322 781 431 822 vitae.
457 781 694 836 proximum
725 789 880 829 autem,
901 779 933 820 si
963 788 1085 819 natus
1116 778 1186 828 sis,
1206 792 1332 833 quam
1355 778 1538 833 primum

109 839 233 888 mori,
254 845 297 878 et
315 846 529 892 tamquam
552 852 601 878 cx
621 836 815 877 incendio
834 835 1021 891 effugere
1041 835 1235 875 fortunae.
1295 834 1424 875 Sileni
1445 851 1538 890 quae

109 893 241 935 fertur
271 893 429 944 fabula,
450 893 485 934 si
513 893 772 948 gravioribus
803 891 963 933 ludicra
992 889 1202 932 interdum
1233 890 1463 932 admiscere
1490 891 1540 932 li-

109 959 218 1000 ceat,
249 949 360 991 idem
390 959 503 991 certe
533 949 765 990 confirmat.
797 948 869 1004 qui
898 957 1045 1003 captus
1075 962 1099 988 a
1128 946 1265 998 Mida,
1296 947 1539 989 missionem

112 1006 305 1047 doctrina
325 1005 516 1047 redemit.
538 1005 684 1047 docuit
705 1014 846 1046 autem
868 1018 1029 1059 regem,
1045 1018 1276 1058 numquam
1298 1004 1411 1045 nasci
1433 1005 1543 1059 opti-

109 1077 227 1103 mum
258 1076 363 1113 esse,
383 1062 457 1103 sed
485 1062 743 1103 celeritatem
775 1061 922 1102 mortis
952 1060 1142 1115 proxime
1170 1060 1384 1101 accedere.
1405 1060 1542 1101 idem-

113 1133 195 1174 que
216 1117 427 1173 Euripidis
448 1118 706 1169 testimonio,
727 1124 865 1173 poetae
894 1116 1203 1172 sapientissimi,
1224 1117 1541 1171 comprobatur.

112 1174 196 1216 Sed
226 1174 408 1215 Crantor
439 1184 580 1216 noster
610 1175 730 1230 patri,
755 1174 824 1214 filii
853 1183 1031 1214 mortem
1057 1173 1272 1228 aegerrime
1293 1173 1456 1223 ferenti,
1476 1188 1542 1214 re-

112 1245 315 1286 sponsum
335 1230 392 1271 ait
412 1230 558 1272 datum
580 1245 669 1272 esse
689 1231 731 1271 in
754 1229 1095 1286 Psychomantio,
1113 1229 1197 1270 filio
1219 1243 1294 1270 suo
1316 1229 1422 1270 bene
1445 1230 1543 1270 bea-

113 1295 239 1343 teque
265 1301 368 1337 esse,
390 1287 617 1343 utiliusque
639 1287 830 1329 futurum
856 1286 998 1336 fuisse,
1022 1286 1055 1327 si
1081 1285 1209 1326 etiam
1230 1295 1348 1340 pater
1367 1286 1456 1342 pari
1477 1301 1542 1326 ra-

114 1343 228 1384 tione
267 1343 364 1384 fatis
401 1345 688 1385 concessisset.
764 1342 1074 1393 Quamobrem,
1111 1341 1145 1382 si
1182 1341 1378 1384 dolorum
1420 1343 1544 1383 finem

114 1414 227 1441 mors
257 1400 391 1450 affert,
413 1399 447 1440 si
477 1400 697 1442 securioris
727 1408 770 1440 et
799 1398 984 1440 melioris
1012 1398 1176 1439 initium
1199 1398 1321 1448 vitae3
1353 1399 1386 1439 si
1406 1399 1547 1440 futura

116 1456 229 1497 mala
248 1456 420 1506 avertit3
451 1457 486 1499 si
505 1456 697 1497 medetur
717 1455 989 1511 praesentibus
1006 1470 1018 1505 ;
1049 1454 1084 1495 si
1104 1468 1180 1496 nos
1201 1468 1251 1495 ex
1271 1455 1462 1510 plurimis
1483 1454 1546 1496 vel

113 1513 377 1563 morborum,
398 1512 461 1553 vel
491 1512 793 1562 molestiarum,
823 1508 886 1552 vel
913 1510 1190 1551 acerbitatum
1216 1511 1412 1566 periculis
1440 1511 1545 1552 edu-

113 1568 171 1609 cit
194 1584 203 1610 :
234 1583 310 1609 cur
328 1582 419 1609 eam
443 1576 661 1624 tantopere
682 1581 892 1619 accusare,
912 1576 986 1608 aut
1010 1566 1203 1608 dolorem
1225 1581 1276 1608 ex
1294 1581 1343 1608 ea
1363 1567 1547 1608 derivare

111 1624 302 1675 velimus,
332 1638 383 1665 ex
412 1639 497 1680 qua
524 1624 666 1679 potius
696 1624 1044 1673 consolationem,
1072 1637 1121 1664 ac
1152 1623 1341 1664 laetitiam
1382 1623 1547 1665 haurire

115 1681 177 1722 fas
207 1681 346 1722 esset?
378 1681 475 1722 Nisi
508 1682 557 1730 si,
588 1681 702 1736 quod
731 1690 912 1721 mortem
942 1679 1228 1734 subsequitur,
1265 1694 1341 1720 nos
1370 1680 1550 1721 fortasse

117 1736 321 1778 sollicitos
351 1735 493 1778 habet.
524 1736 577 1777 de
607 1752 692 1792 quo
721 1737 823 1777 libet
854 1750 986 1792 pauca
1015 1735 1165 1786 dicere,
1187 1750 1239 1776 ne
1269 1735 1337 1776 hic
1367 1751 1474 1777 unus
1493 1736 1547 1778 ad

118 1792 372 1843 molestiam,
406 1792 683 1849 doloremque
719 1792 916 1834 alendum
950 1791 1132 1847 angulus
1171 1792 1443 1848 relinquatur.
1475 1792 1548 1849 qui

118 1850 308 1904 profecto
326 1848 618 1905 insipientibus
639 1848 900 1905 objiciendus
923 1863 1006 1890 non
1025 1858 1102 1898 est,
1123 1862 1198 1889 nec
1218 1848 1260 1889 in
1283 1857 1400 1889 tanto
1421 1863 1547 1905 argu-

117 1914 356 1947 mentorum
387 1920 549 1957 acervo,
579 1907 730 1962 quibus
760 1914 940 1946 mortem
973 1906 1105 1960 ipsam
1137 1904 1259 1946 nobis
1285 1905 1551 1961 obstringere

118 1976 336 2012 conamur,
366 1962 735 2013 committendum,
756 1971 804 2004 ut
833 1962 914 2003 hoc
946 1976 1030 2002 uno
1061 1961 1230 2002 nomine
1259 1962 1397 2003 minus
1429 1961 1550 2003 nobis

118 2018 272 2059 debere
292 2017 492 2060 videatur.»
513 2027 555 2060 et
575 2033 834 2075 quamquam
855 2018 946 2060 haec
967 2018 1096 2058 futuri
1125 2027 1222 2072 post
1241 2028 1421 2060 mortem
1441 2027 1551 2059 tem—

117 2074 231 2130 poris
250 2088 353 2117 cura
368 2074 552 2118 hominis
571 2075 740 2132 propria
759 2090 843 2116 non
865 2075 930 2127 sit,
954 2073 1026 2115 sed
1046 2073 1124 2114 diis
1143 2074 1451 2116 immortalibus
1471 2089 1549 2131 po-

116 2130 203 2172 tius
233 2130 522 2188 relinquenda,
549 2146 732 2188 quorum
761 2146 838 2173 nos
866 2132 931 2172 vel
959 2130 1215 2182 liberalitati,
1243 2131 1306 2172 vel
1335 2131 1550 2187 sapientiae

119 2188 364 2242 permittere
390 2188 468 2239 fas,
487 2188 689 2245 piumque
708 2196 843 2230 esset:
874 2188 948 2243 qui
976 2187 1090 2228 enim
1120 2188 1380 2229 nascentium
1405 2202 1550 2229 curam

119 2243 369 2300 suscipiunt,
387 2244 462 2301 qui
480 2244 660 2286 viventes
679 2252 923 2300 protegunt,
943 2244 1074 2295 alunt,
1093 2252 1279 2295 tuentur,
1300 2245 1456 2295 fovent,
1476 2259 1553 2286 cur

119 2301 348 2343 morientes
370 2301 564 2343 deserant
582 2304 594 2343 ?
628 2311 769 2343 tamen
790 2300 950 2356 aliquid
970 2300 1096 2342 etiam
1118 2301 1310 2343 modeste
1331 2300 1383 2341 de
1410 2300 1460 2341 iis
1479 2315 1553 2341 ex«

151 2356 301 2409 uirere,
318 2372 407 2400 non
432 2367 497 2399 est
527 2357 688 2400 inutile.
746 2359 933 2399 Necesse
962 2366 1026 2398 est
1051 2365 1208 2408 autem,
1230 2358 1284 2398 sit
1302 2357 1479 2399 alterum
1500 2357 1553 2399 de

120 2371 306 2466 duobus,
334 2422 384 2456 ut
410 2423 485 2456 aut
513 2428 658 2456 sensus
687 2414 852 2471 penitus
882 2427 1029 2455 omnes
1059 2428 1174 2455 mors
1203 2414 1378 2464 auferat,
1406 2422 1480 2454 aut
1509 2413 1552 2454 in

120 2469 251 2511 alium
281 2469 490 2531 quendam
518 2470 663 2513 locum
692 2485 743 2512 ex
772 2470 836 2512 his
863 2470 969 2512 locis
990 2478 1133 2510 morte
1146 2469 1364 2525 migretur.
1383 2469 1496 2525 quod
1518 2469 1553 2512 si

123 2535 261 2568 morte
281 2540 426 2569 sensus
453 2527 748 2583 exstinguitur,
769 2526 994 2583 obitusque
1014 2536 1154 2568 noster
1173 2527 1212 2566 ei
1233 2541 1383 2567 somno
1405 2525 1551 2566 similis

123 2592 201 2634 est,
223 2582 296 2639 qui
325 2597 641 2640 nonnumquam
667 2584 811 2634 etiam,
829 2584 916 2625 sine
944 2582 1039 2624 visis
1059 2583 1335 2632 somniorum,
1357 2581 1551 2636 placatis-

125 2639 276 2681 simam
296 2639 484 2695 quietem
504 2640 638 2693 affert,
654 2640 757 2697 quid
777 2640 883 2681 lucri
901 2649 967 2681 est
987 2640 1120 2681 emori
1138 2640 1152 2679 ?
1184 2647 1256 2679 aut
1273 2638 1388 2694 quod
1410 2638 1550 2679 omni-

125 2710 181 2738 no
200 2705 368 2751 tempus
392 2696 562 2752 reperiri
590 2706 746 2752 potest,
768 2695 884 2752 quod
903 2696 942 2737 ei
971 2695 1152 2751 tempori
1172 2703 1462 2750 anteponatur,
1482 2694 1552 2735 cui

126 2752 272 2794 similis
291 2753 432 2794 futura
452 2760 516 2793 est
534 2753 789 2810 perpetuitas
808 2753 944 2794 omnis
963 2751 1259 2807 consequentis
1280 2750 1414 2793 aetatis
1431 2751 1444 2790 ?
1478 2750 1551 2791 Sin

127 2808 422 2864 migrationem
454 2808 651 2852 malimus
679 2823 769 2852 esse
799 2817 980 2852 mortem
1009 2808 1052 2849 in
1081 2822 1150 2849 eas
1177 2822 1286 2858 oras,
1301 2821 1449 2863 quase
1470 2806 1551 2850 vita
