1844 3202
296 120 373 166 782
818 119 896 156 DE
934 117 1199 157 OFFICIIS

298 227 505 279 Fabricio,
545 228 618 284 qui
658 227 752 268 talis
792 228 834 269 in
871 228 949 269 hac
986 227 1106 277 urbe,
1147 226 1281 282 qualis
1311 223 1518 266 Aristides
1549 222 1730 265 Athenis

298 285 391 336 suit,
422 285 484 325 vel
524 284 686 326 senatui
722 292 882 337 nostro,
916 293 952 316 14
968 284 1041 340 qui
1081 298 1309 339 numquam
1347 281 1570 323 utilitatem
1605 294 1630 320 a
1667 278 1731 319 di-

296 341 459 396 gnitate
491 341 686 397 sejunxit,
720 341 846 382 armis
878 355 976 382 cum
1011 340 1135 380 hoste
1166 348 1340 389 certare,
1370 353 1422 379 an
1451 337 1647 378 venenis?
1689 335 1734 376 Si

296 398 445 452 gloriae
467 413 592 439 causa
620 397 843 453 imperium
864 396 1146 452 expetendum
1167 406 1245 447 est,
1265 395 1401 437 scelus
1432 394 1554 444 absit,
1576 393 1618 434 in
1648 405 1734 448 quo

299 469 383 496 non
415 464 555 510 potest
585 469 675 494 esse
706 453 872 508 gloria:
905 454 969 494 sin
1002 453 1102 507 ipsae
1135 467 1236 507 opes
1271 461 1524 507 expetuntur
1560 462 1736 506 quoquo

298 511 444 561 modo,
477 526 562 551 non
592 518 792 566 poterunt
821 509 944 551 utiles
978 522 1068 549 esse
1100 523 1198 549 cum
1231 508 1417 549 infamia.
1473 509 1577 549 Non
1607 506 1737 562 igitur

299 567 413 609 utilis
435 567 507 608 illa
537 569 586 608 L.
616 566 810 622 Philippi,
830 568 886 622 Q.
911 567 953 606 F.
975 565 1205 606 sententia:
1237 579 1339 620 quas
1359 565 1544 621 civitates
1565 565 1616 604 L.
1637 561 1735 603 Sul-

299 624 354 674 la,
384 623 561 679 pecunia
591 630 779 678 accepta,
806 637 855 663 ex
891 621 1256 663 senatusconsulto
1290 621 1558 671 liberavisset,
1591 628 1641 661 ut
1669 618 1736 659 hae

300 696 442 721 rursus
463 679 687 735 vectigales
709 689 874 720 essent:
907 693 1042 735 neque
1063 678 1128 719 his
1159 678 1396 733 pecuniam,
1417 692 1545 733 quam
1575 690 1653 732 pro
1683 675 1734 715 li-

301 737 464 778 bertate
485 736 700 787 dederant,
719 735 1002 777 redderemus.
1045 737 1122 776 Est
1139 735 1177 775 ei
1196 742 1364 776 senatus
1384 748 1591 775 assensus.
1614 741 1737 787 turpe

301 793 494 849 imperio.
531 793 760 848 piratarum
792 792 904 834 enim
937 791 1087 833 melior
1119 791 1235 842 fides,
1271 806 1398 847 quam
1435 798 1616 831 senatus.
1675 789 1738 830 At

302 859 427 891 aucta
455 849 702 904 vectigalia:
745 849 849 890 utile
882 849 1025 905 igitur.
1084 849 1320 905 Quousque
1351 846 1569 888 audebunt
1597 845 1738 887 dicere

240 906 534 962 88quidquam
575 905 693 956 utile,
724 905 839 961 quod
874 921 956 946 non
994 905 1251 946 honestum?
1302 905 1444 945 Potest
1481 913 1622 944 autem
1662 901 1739 943 ulli

302 963 495 1018 imperio,
532 962 648 1019 quod
684 961 822 1018 gloria
860 962 1015 1003 fultum
1054 975 1145 1002 esse
1186 961 1329 1011 debet,
1369 968 1411 1000 et
1450 959 1740 1001 benevolentia

301 1019 530 1068 sociorum,
562 1018 665 1059 utile
703 1032 794 1059 esse
826 1018 987 1068 odium,
1020 1027 1063 1059 et
1099 1017 1301 1058 infamia?
1343 1017 1438 1071 Ego
1475 1015 1600 1056 etiam
1643 1029 1741 1056 curn

303 1075 470 1116 Catone
500 1090 597 1116 meo
628 1089 738 1130 saepe
769 1073 958 1115 dissensi.
989 1073 1112 1115 nimis
1143 1072 1247 1114 mihi
1277 1073 1496 1128 praefracte
1522 1071 1744 1114 videbatur

303 1132 496 1173 aerarium
525 1132 828 1187 vectigaliaque
860 1131 1098 1181 defendere,
1133 1130 1277 1172 omnia
1307 1128 1540 1185 publicanis
1573 1144 1742 1185 negare,

303 1189 438 1230 multa
457 1189 580 1230 sociis
601 1206 611 1229 z
642 1203 740 1229 cum
763 1189 805 1229 in
826 1188 904 1229 hos
925 1187 1102 1229 benefici
1122 1201 1213 1228 esse
1233 1186 1482 1227 deberemus
1498 1201 1510 1236 3
1542 1201 1640 1227 cum
1658 1185 1741 1226 illis

303 1245 362 1286 sic
401 1260 545 1300 agere,
579 1255 627 1286 ut
665 1260 763 1286 cum
795 1245 958 1286 colonis
992 1244 1146 1286 nostris
1178 1243 1388 1285 solemus:
1417 1257 1552 1297 eoque
1587 1243 1740 1298 magis,

303 1317 389 1358 quo
422 1302 494 1343 illa
527 1302 724 1343 ordinum
760 1301 1007 1357 conjunctio
1037 1301 1090 1342 ad
1122 1301 1300 1342 salutem
1334 1299 1576 1354 reipublicae
1615 1299 1744 1355 perti-

303 1359 442 1400 nebat.
504 1359 623 1400 Male
660 1359 786 1400 etiam
822 1359 970 1408 Curio,
1003 1372 1099 1399 cum
1142 1372 1312 1399 causam
1345 1355 1741 1411 Transpadanorum

303 1431 468 1472 aequam
491 1430 581 1456 esse
601 1415 769 1456 dicebat
787 1432 796 1456 ε
829 1429 994 1471 semper
1013 1423 1155 1455 autem
1178 1413 1374 1463 addebat,
1395 1413 1549 1454 Vincat
1570 1413 1742 1455 utilitas.

306 1473 451 1514 Potius
481 1471 653 1523 diceret,
675 1487 759 1513 non
790 1486 881 1513 esse
903 1486 1084 1528 aequam,
1105 1471 1206 1527 quia
1225 1485 1309 1511 non
1338 1477 1447 1512 esset
1467 1470 1582 1511 utilis
1603 1470 1743 1526 reipu-

302 1526 441 1579 blicae,
475 1538 511 1561 1⁵
529 1544 673 1585 quam,
702 1543 800 1570 cum
832 1528 979 1570 utilem
1010 1542 1100 1569 esse
1138 1527 1311 1578 diceret,
1342 1542 1426 1568 non
1455 1541 1547 1568 esse
1578 1542 1741 1584 aequam

304 1586 522 1627 fateretur.

220 1653 291 1701 23
364 1642 515 1682 Plenus
541 1651 605 1683 est
630 1651 771 1683 sextus
797 1642 902 1682 liber
933 1641 986 1682 de
1016 1641 1163 1683 officiis
1195 1640 1425 1682 Hecatonis
1450 1640 1598 1681 talium
1626 1655 1743 1699 quae-

241 1727 292 1768 39
305 1698 492 1740 stionum
510 1715 519 1739 z
552 1698 670 1739 Sitne
699 1698 799 1740 boni
821 1698 909 1750 viri,
931 1698 974 1739 in
1004 1698 1186 1739 maxima
1210 1697 1383 1738 caritate
1404 1712 1599 1748 annonae,
1620 1697 1744 1738 fami-

196 1780 294 1816 p-70·
305 1755 406 1796 liam
437 1770 521 1796 non
551 1755 677 1797 alere.
707 1755 751 1796 in
782 1763 1006 1811 utramque
1036 1762 1198 1809 partem
1240 1753 1455 1809 disputat:
1490 1754 1565 1795 sed
1603 1762 1746 1795 tamen

264 1827 294 1849 a.
306 1812 359 1854 ad
381 1820 616 1853 extremum
640 1811 822 1854 utilitate
842 1820 965 1868 putat
985 1811 1171 1853 officium
1192 1810 1317 1865 dirigi
1338 1811 1490 1866 magis,
1511 1825 1638 1867 quam
1667 1810 1748 1852 hu-

306 1869 524 1911 manitate.
583 1869 763 1925 Quaerit,
798 1869 833 1910 si
867 1869 909 1910 in
943 1868 1048 1910 mari
1078 1867 1248 1925 jactura
1277 1867 1469 1908 facienda
1498 1868 1566 1919 sit,
1595 1866 1755 1923 equine

305 1926 481 1982 pretiosi
512 1926 653 1982 potius
677 1926 891 1982 jacturam
917 1925 1058 1976 faciat,
1087 1940 1140 1966 an
1165 1924 1316 1965 servuli
1341 1924 1444 1966 vilis.
1470 1924 1538 1965 hic
1573 1923 1655 1965 alio
1681 1939 1747 1966 res

306 1982 539 2034 familiaris,
565 1982 649 2024 alio
676 1982 795 2024 ducit
821 1982 1078 2024 humanitas.
1137 1981 1182 2023 Si
1216 1980 1404 2022 tabulam
1437 1980 1490 2022 de
1525 1981 1749 2036 naufragio

306 2040 462 2081 stultus
483 2039 717 2095 arripuerit,
739 2039 1065 2094 extorquebitne
1084 2053 1178 2079 eam
1204 2037 1382 2092 sapiens,
1407 2044 1444 2068 ¹6
1464 2036 1496 2078 si
1526 2038 1712 2093 potuerit
1731 2039 1746 2079 ?

307 2106 451 2151 negat,
484 2096 584 2151 quia
616 2095 670 2136 sit
700 2095 916 2152 injurium.
974 2095 1122 2151 Quid?
1155 2094 1352 2136 dominus
1385 2094 1512 2143 navis,
1545 2094 1753 2149 eripietne

311 2159 344 2188 ¹7
366 2154 523 2193 suum?
557 2152 756 2193 minime:
787 2166 872 2193 non
905 2151 1016 2208 plus,
1049 2166 1175 2207 quam
1211 2151 1245 2191 si
1282 2150 1547 2206 navigantem
1585 2150 1627 2191 in
1660 2149 1747 2192 alto

307 2208 458 2265 ejicere
484 2208 536 2250 de
562 2209 653 2249 navi
674 2209 784 2259 velit,
803 2208 903 2265 quia
919 2223 994 2250 sua
1021 2209 1088 2249 sit.
1111 2208 1253 2263 quoad
1282 2207 1392 2248 enim
1424 2219 1669 2263 perventum
1695 2208 1750 2250 sit

307 2280 375 2317 eo,
397 2280 482 2322 quo
504 2274 644 2306 sumta
670 2266 782 2307 navis
803 2274 879 2316 est,
900 2280 985 2306 non
1015 2264 1176 2306 domini
1203 2272 1267 2305 est
1298 2264 1424 2315 navis,
1446 2263 1519 2305 sed
1550 2264 1751 2320 navigan-

243 2326 297 2376 ·'90
310 2322 431 2364 tium.
492 2322 622 2378 Quid,
656 2322 690 2364 si
726 2336 807 2364 una
838 2321 982 2364 tabula
1016 2322 1084 2374 sit,
1109 2321 1194 2363 duo
1231 2321 1438 2377 naufragi,
1474 2328 1510 2352 ¹8
1529 2335 1650 2377 aeque
1683 2336 1749 2363 sa-

354 2489 391 2512 14
416 2481 465 2522 qui
489 2481 657 2522 numquam]
684 2483 829 2512 Pearcius
853 2489 941 2521 putat
965 2482 1009 2511 le·
1098 2486 1134 2511 16
1159 2480 1184 2510 si
1191 2479 1332 2521 potuerit]
1354 2481 1463 2511 Immo
1477 2480 1503 2510 si
1509 2478 1620 2521 poterit
1630 2480 1679 2512 vel
1684 2488 1750 2521 pos-

305 2527 450 2564 gendum
473 2525 523 2566 qui
540 2532 600 2553 tum
617 2536 783 2566 numquam.
807 2532 930 2565 propter
953 2535 1008 2556 ex·
1051 2524 1100 2555 sit.

308 2568 415 2608 empla
453 2568 627 2607 posterioris
661 2569 810 2607 temporis
840 2569 1008 2605 contraria,
1100 2574 1134 2602 17
1160 2564 1256 2606 suum]
1277 2567 1338 2597 Int.
1355 2573 1390 2597 ut
1405 2577 1514 2597 suum.

307 2613 407 2651 possis
424 2613 519 2641 etiam
536 2611 691 2648 conjicere
707 2611 885 2651 sejunxissct.
1100 2617 1135 2640 18
1161 2610 1246 2651 hique
1261 2609 1417 2652 sapientes]
1438 2609 1581 2640 Graevius
1597 2620 1679 2651 aeque
1689 2616 1750 2649 sap.

354 2663 390 2685 15
416 2666 515 2696 quam,
539 2664 602 2682 cum
621 2653 722 2683 utilem
749 2653 1004 2694 essc--fizteretur]
1050 2653 1146 2690 dedit,
1171 2653 1256 2691 quod
1280 2654 1399 2683 habent
1420 2660 1452 2683 et
1472 2653 1535 2682 MS·
1558 2653 1656 2683 Goth.
1679 2654 1749 2683 edd.

305 2696 388 2728 Haec
417 2708 482 2727 nou
506 2704 587 2727 recte.
613 2707 645 2726 se
670 2697 801 2734 habent,
827 2704 861 2727 ut
887 2704 917 2727 et
941 2697 1006 2734 alii,
1053 2697 1148 2726 Rom.
1165 2697 1247 2726 Ven.
1266 2703 1357 2731 1471.
1375 2698 1433 2727 8ῑο-
1451 2696 1499 2725 ed.
1516 2695 1629 2726 Colon.
1653 2696 1752 2727 habet

306 2751 407 2780 nuper
441 2741 594 2776 Pearcius,
619 2750 753 2770 sensere.
799 2741 938 2771 Arbitror
963 2741 1007 2770 sic
1050 2739 1144 2776 ambo,
1161 2740 1247 2778 quod
1263 2739 1366 2770 lenius
1382 2745 1483 2770 sonat.
1501 2745 1604 2778 posset
1620 2745 1650 2769 ct
1664 2738 1750 2780 hiqut

306 2784 528 2813 constituenda
550 2793 629 2819 esse,
647 2794 733 2825 quam
751 2794 806 2812 esse
822 2795 938 2825 aequam
948 2783 1007 2825 fa·
1049 2783 1166 2813 omitti.
1183 2784 1229 2813 sic
1248 2782 1344 2815 habet
1358 2783 1407 2815 ed.
1431 2782 1520 2822 Mog.
1544 2782 1638 2823 idque
1659 2791 1749 2812 secu*

305 2833 426 2865 uretur,
442 2838 497 2856 non
511 2838 568 2856 csse
582 2825 684 2857 utilem
698 2826 816 2857 diceret.
1051 2832 1102 2857 tus
1117 2835 1202 2862 ⁴sum·-
