1844 3202
641 127 1049 177 FRAGMENTA.
1467 139 1551 187 919

121 246 207 298 tur,
226 252 429 289 aete'rnurn
448 244 491 288 id
509 257 614 294 esse,
635 243 751 300 quod
770 259 795 286 a
815 257 858 285 se
885 243 977 299 ipso
1007 249 1236 293 moveatur,
1258 243 1350 300 quis
1377 252 1455 295 est,
1474 245 1546 302 qui

125 301 234 343 hanc
270 311 459 344 naturam
490 301 638 343 animis
675 315 765 342 esse
794 300 993 342 tributam
1026 301 1181 356 neget?
1223 299 1452 342 inanimum
1482 309 1550 343 est

124 358 237 400 enim
259 374 399 410 omne,
419 357 532 414 quod
552 357 676 412 pulsu
702 358 885 413 agitatur
912 365 1112 398 externoz
1142 355 1258 412 quod
1286 365 1428 396 autern
1456 357 1546 398 ani-

124 415 207 456 mal
237 425 312 466 est,
332 415 374 455 id
402 424 520 456 motu
539 414 670 455 cietur
691 413 898 465 interiore,
919 421 962 454 et
981 427 1071 454 suo.
1093 426 1189 453 nam
1209 412 1299 452 haec
1319 420 1383 452 est
1400 421 1549 454 natura

124 470 294 526 propria
311 470 453 521 animi,
472 478 597 526 atque
617 470 689 511 vis.
749 471 857 526 Quae
885 470 918 510 si
942 478 1005 511 est
1034 483 1118 511 una
1145 483 1195 509 ex
1220 467 1431 518 omnibus,
1452 483 1547 524 quae

127 541 217 567 sese
237 536 428 568 moveat:
458 541 591 582 neque
610 535 706 567 nata
723 535 786 567 est
805 534 932 577 certe,
953 535 995 567 et
1026 534 1180 567 aeterna
1206 535 1283 566 est.
1342 524 1467 564 Hanc
1500 532 1549 565 tu

123 581 270 623 'exerce
289 583 329 624 in
350 582 519 638 optimis
539 583 678 624 rebus.
700 592 796 624 sunt
816 591 957 623 autem
984 582 1155 637 optImae
1183 595 1308 632 curae,
1328 580 1382 621 de
1414 579 1550 621 salute

156 639 302 680 atriae:
342 640 494 695 quibus
524 639 707 695 agitatus
736 648 779 680 et
807 639 1056 680 exercitatus
1085 638 1263 688 animus,
1292 636 1475 678 velocius
1504 635 1548 677 in

124 652 232 735 siano
253 695 409 747 sedem,
426 705 469 737 et
488 695 663 737 domum
685 710 803 736 suam
825 694 1055 750 pervolabit
1074 711 1082 735 z
1115 694 1240 750 idque
1262 693 1378 734 ocius
1409 692 1550 743 faciet,

123 750 158 791 ‘si
170 751 260 806 jam
280 761 386 801 tum,
408 761 505 793 cum
531 752 609 793 erit
636 751 821 792 inclusus
843 752 884 792 in
915 765 1113 806 corpore„
1132 750 1333 791 eminebit
1361 749 1486 799 foras,
1507 756 1550 789 et

123 820 190 857 ea,
214 822 307 863 quae
341 816 456 849 extra
481 817 618 858 erunt,
642 807 944 862 contemplans,
970 822 1094 863 quam
1123 806 1302 847 maxime
1333 819 1376 846 se
1404 819 1429 845 a
1455 818 1550 845 cor-

157 877 227 903 ore
248 863 474 905 abstrahet.
533 865 733 920 Namque
759 878 905 905 eorum
933 863 1075 914 animi,
1097 864 1168 919 qui
1198 877 1242 903 se
1272 861 1456 917 corporis
1477 875 1550 902 vo-

121 876 358 974 fupmtibus
397 919 656 971 dediderunt,
688 935 916 976 earumque
952 935 996 961 se
1034 919 1154 976 quasi
1190 919 1402 960 ministros
1442 931 1549 972 prae-

127 975 325 1027 buerunt,
362 977 629 1032 impulsuque
666 977 888 1018 libidinum
923 975 1208 1032 voluptatibus
1248 974 1551 1025 obedientium,

122 1031 333 1084 Deorum,
352 1042 394 1074 et
414 1033 636 1074 hominum
650 1033 748 1089 jura
767 1034 1033 1083 violaverunt,
1055 1032 1302 1087 corporibus
1321 1030 1449 1085 elapsi
1469 1029 1550 1071 cir-

122 1101 223 1128 cum
240 1098 390 1130 terram
408 1089 542 1144 ipsam
563 1090 826 1140 volutantur3
858 1104 933 1130 nec
954 1090 1064 1130 hunc
1092 1089 1134 1129 in
1163 1088 1320 1138 locum,
1342 1087 1419 1128 nisi
1439 1086 1552 1127 mul-

122 1143 182 1184 'tis
206 1145 404 1200 exagitati
433 1145 611 1197 saeculis,
631 1156 905 1188 revertuntur.
967 1146 1043 1186 Ille
1074 1145 1293 1186 discessit:
1322 1157 1405 1199 ego
1434 1156 1553 1186 som-

127 1213 183 1240 no
203 1200 364 1242 solutus
387 1216 496 1243 sum.

532 1291 599 1332 M.
627 1292 811 1333 TULL11
848 1272 1148 1334 CICEnoms.

499 1366 600 1407 DE
642 1368 846 1409 JURE
892 1367 1187 1410 CIVILI.

185 1442 375 1496 Cims.)
401 1443 560 1500 Aliquo
581 1444 809 1486 excellente
829 1459 877 1486 ac
895 1445 1026 1486 nobili
1046 1445 1147 1486 viro.
1428 1475 1430 1477 »

181 1500 302 1540 GEL.
331 1500 359 1540 l.
386 1510 419 1541 1.
453 1515 486 1541 c.
513 1503 594 1553 22.)
629 1502 722 1542 Nec
752 1515 849 1542 vero
879 1501 1050 1542 scientia
1071 1501 1180 1557 juris
1209 1497 1441 1556 majoribus
1469 1496 1555 1540 suis

118 1555 185 1611 Q.
206 1556 344 1601 AElius
363 1556 532 1598 Tubero
549 1557 697 1608 defuit,
718 1556 910 1599 doctrina
930 1557 1055 1599 etiam
1076 1556 1296 1612 superfuit.

488 1646 663 1687 MARCI
694 1647 879 1687 TULLII
914 1645 1198 1686 CICERONIS

542 1725 586 1765 D
609 1725 645 1765 E
685 1725 727 1765 A
749 1724 792 1765 U
814 1724 855 1765 G
877 1725 920 1765 U
941 1725 978 1766 R
998 1725 1016 1765 I
1040 1725 1058 1765 I
1079 1724 1124 1766 S.

188 1803 336 1846 Omnia
353 1819 403 1846 ex
421 1803 672 1857 CAR1s10.)
698 1804 852 1846 Oscen.

186 1861 267 1902 Avi
288 1861 460 1903 incerta.

187 1917 367 1959 Oscinis.

488 2006 668 2049 «MARcl
700 2006 884 2072 TuLLn
919 2006 1203 2048 Cmmoms

297 2085 380 2127 DE
409 2084 816 2127 PHILOSOPHIA
849 2099 961 2126 swa
994 2085 1388 2127 HORTENSIUS.

116 2158 120 2162 “
185 2159 318 2201 NON.
343 2156 577 2214 Occupare.)
601 2161 628 2187 ἵε
643 2160 698 2200 Et
719 2158 912 2200 Paullum
933 2159 1129 2201 Marcelli
1150 2160 1431 2216 occupavisse.

187 2216 321 2257 Nox.
350 2215 571 2268 Annuere.)
610 2215 740 2273 Quod
775 2230 874 2257 cum
904 2225 1080 2272 uterque
1110 2226 1300 2258 nostrum
1330 2214 1557 2266 annuisset,

115 2271 364 2327 'omnesque
383 2271 436 2312 ad
462 2271 505 2313 id
533 2280 714 2328 tempus,
735 2271 850 2328 quod
880 2281 968 2313 erat
997 2273 1174 2324 dictum,
1202 2280 1372 2329 postero
1403 2272 1470 2314 die
1488 2286 1559 2313 ve-

136 2342 354 2369 mssemus.

192 2386 225 2424 F
229 2384 432 2436 RONTo.)
467 2385 647 2426 Lucullo
672 2384 843 2442 quidem
870 2392 1012 2426 noster
1040 2384 1241 2427 adventus
1270 2393 1313 2428 et
1342 2392 1489 2442 gratus
1517 2394 1560 2426 et

130 2439 345 2498 jucundus
364 2440 504 2482 fuisse.

192 2497 335 2548 Ide-m.)
360 2497 444 2538 Hic
465 2497 647 2552 primum
667 2497 844 2539 Catulus
865 2497 1095 2539 delectatur
1114 2499 1206 2554 ipso
1225 2498 1337 2538 loco.

191 2553 324 2594 Nox.
347 2553 564 2605 Inanima.)
597 2556 710 2596 Nam
739 2569 837 2596 cum
857 2553 993 2595 omnis
1017 2553 1203 2595 sollertia
1221 2551 1464 2595 admiranda
1481 2560 1558 2603 est,

136 2618 227 2651 tum
258 2623 319 2660 ea,
341 2624 434 2664 quae
465 2610 604 2662 efficit,
625 2619 672 2652 ut
700 2611 883 2652 inanima
912 2626 1006 2667 quae
1037 2621 1148 2662 sunt,
1168 2611 1301 2652 vivere
1332 2618 1375 2651 et
1405 2610 1560 2665 spirare

136 2666 368 2707 videantur.

192 2723 324 2763 Nox.
347 2720 522 2776 Effero.)
548 2725 573 2750 ²*
592 2723 744 2764 Praeter
762 2732 920 2764 ceteras
941 2732 1083 2765 nostra
1102 2723 1249 2764 extulit
1268 2722 1424 2763 civitas.

192 2777 326 2820 Nox.
342 2778 528 2830 Lentus.)
548 2781 573 2806 ἧς
587 2779 698 2820 hunc
716 2779 931 2829 Crassum,
949 2780 1021 2834 qui
1039 2780 1177 2820 lentus
1198 2782 1261 2830 (ut
1276 2778 1406 2830 scitis)
1423 2777 1560 2821 dicere

139 2833 315 2887 solebat,
334 2834 387 2876 ad
404 2834 680 2878 imitationem
701 2835 821 2893 quasi
839 2836 969 2877 nostri
988 2836 1152 2891 generis
1170 2833 1448 2876 contendisse.
