1844 3202
261 127 340 177 976
644 129 702 169 M.
739 129 954 168 TULLII
991 129 1330 170 CICERONIS

265 237 361 288 fert,
394 237 506 279 mala
534 237 780 289 inciderent,
806 248 986 281 mortem
1021 239 1100 281 sibi
1126 240 1267 282 dedita
1292 254 1421 296 opera
1451 240 1703 283 conscivisse

266 294 368 335 scio.
399 294 514 351 quod
553 305 693 337 tamen
725 311 808 338 non
838 297 990 337 iccirco
1026 298 1185 338 dictum
1219 299 1357 348 velim,
1390 297 1488 353 quia
1521 299 1706 354 proban-

267 350 370 392 dum
411 361 583 407 putem3
628 353 714 403 sed,
744 362 792 394 ut
821 367 870 393 ex
909 367 961 393 eo
993 364 1204 408 appareat,
1238 354 1422 395 humana
1454 355 1538 396 vita
1575 370 1704 411 quam

266 408 413 449 multis
444 409 628 465 undique
655 418 868 465 prematur
895 408 1225 450 difficultltibus.
1286 411 1540 452 Cleomenes
1574 413 1708 453 Lace-

267 464 574 506 daemoniorum
601 480 686 515 rex,
707 466 884 530 ejusque
904 466 1029 516 filius,
1050 476 1186 507 morte
1212 466 1324 507 ultro
1352 468 1564 523 appetita:
1597 483 1707 523 prae-

268 530 382 563 terea
401 522 650 577 Theagenes
675 522 979 573 Numantinus,
1001 522 1087 578 qui,
1111 537 1161 563 ne
1187 522 1228 564 in
1256 523 1443 565 hostium
1470 540 1619 566 manus
1639 539 1707 565 ve·

269 578 390 628 niret,
417 579 597 644 primum
631 579 730 630 suis,
753 578 904 619 deinde
925 579 1005 620 sibi
1035 580 1113 634 1psi
1142 588 1322 620 mortem
1350 581 1504 632 attulit,
1517 590 1707 637 quanto-

270 649 368 699 pere
394 637 476 676 vita
504 635 705 690 fugienda
734 636 801 686 sit,
822 635 921 676 satis
940 635 1134 677 videntur
1163 646 1304 691 aperte
1335 637 1581 680 declarasse.
1639 639 1707 679 Ae

271 692 347 732 nisi
377 701 499 746 turpe
521 692 720 744 videatur,
747 692 940 733 homines
969 707 993 733 a
1022 692 1295 743 mulierculis,
1315 694 1452 735 multo
1483 705 1594 736 certe
1624 696 1706 736 iin-

270 748 570 813 becillioribus,
600 749 860 789 fortitudinis
891 749 1082 814 exempla
1112 759 1266 805 petere,
1294 759 1534 815 repetamus
1564 767 1613 793 ex
1645 752 1710 792 hi·

270 805 409 847 storiis
430 805 682 846 Asdrubalis
703 820 876 846 uxorem
898 805 1029 856 illam,
1051 821 1145 862 quae
1169 806 1459 862 Carthagine
1450 823 1491 848 m
1520 807 1707 849 hostium

269 872 525 918 potestatem
546 862 730 913 redacta,
753 877 795 903 se
818 862 951 928 ipsam
973 878 1069 904 cum
1094 863 1227 904 tribus
1255 863 1386 904 filiis
1377 880 1418 904 1n
1443 865 1706 920 conflagran-

270 919 323 960 tis
346 919 490 974 patriae
512 918 751 960 incendium
775 919 963 960 immisit.
1023 919 1106 960 Sed
1127 929 1281 974 praeter
1299 920 1405 971 haec,
1427 922 1623 977 quaejam
1648 932 1708 962 te-

270 985 379 1016 stata
406 984 519 1025 sunt,
547 984 589 1016 et
616 975 808 1025 illustria,
838 976 1044 1017 fateamur
1071 990 1169 1016 sane
1203 977 1399 1031 ingenue,
1432 986 1588 1018 tantam
1617 992 1707 1019 esse

271 1032 468 1073 humanae
490 1042 649 1074 naturae
670 1032 894 1083 miseriam,
916 1042 963 1073 ut
982 1047 1118 1088 neque
1141 1047 1276 1088 genus
1303 1035 1438 1089 ipsum
1471 1034 1709 1086 hominum,

272 1104 347 1129 nec
370 1104 392 1129 e
422 1097 514 1129 toto
539 1103 693 1153 genere
719 1089 877 1144 singuli
906 1090 1166 1131 miseriarum
1192 1100 1381 1145 expertes
1411 1105 1501 1131 6886
1533 1091 1708 1147 possiit.

272 1145 387 1201 quod
419 1160 471 1186 6ο
501 1146 638 1201 magis
670 1145 906 1187 mirandum
938 1156 1016 1197 est,
1046 1146 1161 1202 quod
1195 1162 1279 1188 non
1310 1147 1358 1188 iis
1398 1148 1534 1188 solum
1572 1148 1707 1200 malis,

271 1203 426 1258 quibus
457 1202 640 1243 hominis
670 1212 818 1244 natura
848 1202 1013 1244 assidue
1045 1202 1259 1258 affligitur,
1290 1204 1401 1245 mala
1431 1214 1571 1246 nostra
1603 1220 1708 1269 prae-

272 1260 427 1314 scripta
457 1269 581 1301 sunt:
614 1259 687 1300 sed
719 1260 797 1315 ipsi
823 1274 913 1311 nos,
935 1270 1138 1315 quantum
1162 1261 1202 1301 in
1229 1260 1350 1301 nobis
1375 1270 1708 1312 est,m1se110res

272 1317 461 1371 quotidie
483 1316 656 1357 reddere
675 1332 891 1357 Conamul.
916 1316 1077 1358 nullum
1105 1317 1215 1358 enim
1246 1317 1398 1358 aliud
1389 1333 1430 1358 m
1456 1327 1549 1359 toto
1580 1329 1710 1359 terra-

273 1388 366 1413 rum
400 1374 503 1414 orbe
534 1388 670 1428 genus
703 1374 980 1415 animantium
1009 1374 1206 1439 reperias,
1227 1384 1379 1438 praeter
1408 1390 1536 1416 unum
1568 1374 1709 1416 homi-

272 1445 386 1480 nem,
409 1430 560 1485 quod
550 1446 592 1471 m
626 1429 842 1486 proprium
869 1445 1019 1486 genus,
1041 1442 1168 1487 itque
1197 1431 1240 1471 in
1271 1446 1315 1471 86
1342 1431 1479 1486 ipsum
1508 1431 1709 1473 saevitiam

273 1497 465 1528 exerceat
495 1501 629 1528 suam.
659 1487 895 1542 meritoque
925 1487 1231 1529 Dicaearchus
1222 1503 1262 1528 in
1285 1502 1336 1528 eo
1358 1488 1480 1553 libro,
1500 1503 1625 1544 quem
1657 1488 1710 1530 de

273 1543 458 1584 hominis
493 1544 662 1584 interitu
692 1543 972 1608 luculentum,
1000 1555 1041 1585 et
1072 1544 1285 1585 eruditum
1314 1545 1578 1608 consciipsit,
1607 1545 1709 1587 nihil

272 1600 426 1640 habere
446 1599 722 1642 dubitationis
751 1601 926 1656 putavit,
948 1601 1049 1666 quin
1075 1601 1211 1642 multo
1240 1601 1378 1656 plures
1410 1602 1601 1643 exstincti
1628 1603 1710 1643 sint

273 1656 497 1698 homines
488 1671 577 1712 ipsa
595 1656 819 1698 hominum
840 1658 1010 1708 saevitia,
1030 1667 1072 1698 et
1091 1658 1332 1722 acerbitate,
1353 1673 1480 1713 quam
1506 1660 1622 1699 omni
1646 1673 1709 1699 re-

271 1713 389 1770 liquo
411 1728 564 1769 genere
592 1713 856 1754 calamitatis.
884 1724 999 1755 tanta
1026 1722 1089 1754 est
1116 1714 1229 1754 enim
1257 1714 1296 1754 in
1328 1715 1548 1769 permultis
1578 1715 1710 1756 avari-

270 1771 345 1820 tia,
374 1779 541 1812 tantum
571 1770 834 1835 ambitionis,
862 1771 1039 1825 imperii,
1070 1771 1307 1811 divitiaium
1338 1771 1541 1821 studium,
1563 1781 1610 1812 ut
1640 1786 1711 1813 ex-

270 1827 436 1883 plendae
461 1826 703 1883 cupiditatis
726 1827 863 1882 gratia
889 1828 991 1868 nihil
1020 1827 1097 1868 sibi
1128 1842 1211 1868 non
1238 1827 1364 1868 licere
1393 1837 1556 1883 putent.
1582 1838 1711 1885 atque

273 1885 356 1925 hoc
389 1885 551 1926 malum
578 1899 661 1925 non
685 1899 778 1940 jam
807 1884 997 1940 angustis
1024 1884 1173 1925 finibus
1194 1898 1482 1940 compressum
1505 1884 1709 1937 videmus,

273 1941 346 1982 sed
367 1941 651 2005 superioribus
672 1940 821 1982 seculis
852 1941 1039 1996 erupisse
1061 1941 1340 1991 vehementer,
1361 1949 1402 1982 et
1434 1957 1623 1983 manasse
1649 1942 1709 1983 la-

272 1998 373 2038 tius.
413 2013 497 2039 non
535 1998 646 2038 enim
683 2006 847 2038 certum
882 1998 1065 2053 aliquem
1107 1997 1329 2038 hominum
1364 2013 1602 2063 numerum,
1636 1999 1712 2041 sed

272 2069 402 2110 regna
422 2055 524 2110 ipsa,
545 2064 587 2095 et
608 2064 718 2095 totas
746 2068 932 2110 persaepe
958 2055 1148 2096 funditus
1179 2055 1347 2096 sustulit
1372 2056 1574 2097 civitates.
1633 2057 1710 2107 At,

272 2126 306 2152 si
327 2112 379 2152 ad
403 2111 592 2167 singulos
622 2111 831 2163 homines,
854 2127 947 2167 quae
968 2111 1160 2167 proxima
1187 2112 1292 2152 ratio
1314 2121 1390 2162 est,
1413 2121 1616 2164 mentem,
1637 2127 1709 2154 co-

270 2168 608 2223 gitationemque
628 2169 896 2218 converteris,
918 2183 969 2208 ne
988 2168 1029 2209 in
1052 2168 1101 2209 iis
1127 2168 1299 2224 quidem
1328 2168 1559 2225 quidquam
1590 2183 1709 2225 repe-

272 2226 369 2275 ries,
398 2225 513 2280 quod
535 2225 689 2265 valde
679 2235 891 2280 appetere,
911 2233 984 2266 aut
1009 2225 1244 2280 approbare
1275 2226 1424 2280 possis.
1459 2226 1569 2281 finge
1597 2226 1709 2267 enim

273 2283 415 2323 animo
447 2281 652 2346 quidquid
684 2281 846 2323 homini
876 2282 991 2333 felix,
1018 2292 1092 2323 aut
1121 2282 1294 2322 beatum
1323 2296 1375 2323 ex
1404 2282 1601 2337 opinione
1621 2283 1715 2324 iul-⁷

272 2339 365 2393 gari
394 2339 525 2393 possit
548 2354 590 2379 111
609 2338 692 2379 8168
720 2339 982 2403 contingere.
1010 2348 1292 2394 congerantur
1322 2338 1490 2389 divitiae,
1510 2339 1622 2380 bona
1641 2354 1711 2381 xa-

272 2394 424 2445 litudo,
465 2395 660 2444 honores,
701 2396 904 2449 potentia.
941 2395 1069 2437 etiam
1099 2395 1334 2449 voluptates
1364 2395 1580 2437 accedant.
1610 2410 1710 2438 cum

273 2451 366 2492 haec
387 2452 528 2492 omnia
550 2451 591 2491 in
620 2451 835 2492 hominem
857 2451 1100 2502 contuleris,
1123 2452 1227 2493 nihil
1250 2460 1393 2493 tamen
1412 2451 1607 2494 tribueris
1627 2462 1712 2494 sta-

273 2508 374 2559 bile,
401 2517 475 2550 aut
505 2508 688 2559 firmum,
720 2508 838 2559 nihil,
869 2508 986 2563 quod
1017 2523 1101 2549 non
1132 2508 1406 2564 repentinam,
1426 2518 1469 2550 et
1498 2509 1709 2551 assiduam

272 2566 361 2621 pati
391 2565 668 2606 mutationem
691 2565 838 2620 possit.
860 2565 1019 2606 caduca
1040 2564 1168 2616 enim,
1189 2575 1231 2606 et
1253 2565 1412 2606 incerta
1431 2574 1528 2607 sunt
1553 2567 1712 2619 omnia,

274 2636 359 2663 non
385 2622 427 2663 in
455 2621 652 2662 humanis
678 2621 879 2672 consiliis,
901 2632 974 2662 aut
994 2622 1148 2662 viribus
1182 2622 1333 2676 posita,
1356 2622 1428 2663 sed
1459 2623 1499 2664 in
1529 2623 1709 2665 fortunae

272 2679 523 2729 temeritate,
554 2693 601 2718 ac
633 2688 873 2733 temporum
905 2678 1186 2720 vicissitudine
1217 2679 1460 2720 constituta.
1493 2679 1594 2735 quid
1633 2695 1710 2721 au-

271 2743 359 2776 tem
389 2735 548 2776 homini
572 2736 749 2790 turpiuS,
770 2750 897 2790 quam
919 2751 941 2775 e
962 2735 1180 2790 temporis,
1202 2750 1250 2776 ac
1272 2736 1450 2777 fortunae
1474 2737 1709 2778 mutatione

272 2792 468 2847 pendere,
500 2802 542 2832 et
568 2791 755 2832 secundo
787 2791 898 2833 illius
928 2792 1029 2833 flatu
1058 2791 1290 2833 sublevari
1281 2808 1291 2843 3
1323 2793 1485 2843 reflatu,
1516 2793 1710 2849 deprimi,

271 2857 314 2889 66
344 2848 508 2905 affligi?
542 2857 615 2890 aut
643 2848 750 2889 laetis
775 2862 915 2890 rerum
940 2849 1095 2890 exentis
1125 2848 1311 2904 gloriari,
1341 2849 1520 2891 adversis
1549 2850 1710 2907 lugere,
