1844 3202
601 121 775 161 LIBER
813 120 1052 158 PRIMUS.
1099 114 1102 117 “
1465 124 1539 167 703

111 233 332 291 pellanda:
364 245 504 274 verum
529 230 656 272 etiam
685 228 849 270 animus
865 236 1034 283 paratus
1064 226 1116 267 ad
1145 227 1393 282 periculum,
1412 227 1446 268 si
1464 242 1539 269 sua

111 291 358 346 cupiditate,
380 303 463 330 non
481 287 661 328 utilitate
682 285 895 326 communi
927 283 1172 338 impellitur,
1191 283 1375 323 audaciae
1397 285 1538 338 potius

113 362 268 388 nomen
298 346 462 394 habeat,
484 358 610 398 quam
642 341 915 383 fortitudinis.
977 341 1124 395 Itaque
1146 339 1252 380 viros
1281 340 1424 390 fortes,
1446 355 1535 381 ma-

110 404 347 458 gnanimos,
387 399 559 442 eosdem
606 400 755 447 bonos,
795 407 838 438 et
875 396 1102 451 simplices,
1139 395 1322 436 veritatis
1363 396 1536 447 amicos,

110 459 365 513 minimeque
385 456 551 497 fallaces
567 470 657 496 esse
679 454 870 496 volumus
889 471 898 494 :
930 468 1023 508 quae
1043 461 1141 493 sunt
1169 466 1220 492 ex
1248 450 1387 491 media
1412 451 1535 493 laude

102 513 293 570 justitiae.
352 513 436 554 Sed
455 512 559 554 illud
576 512 771 553 odiosum
791 519 869 559 est,
889 509 1003 565 quod
1024 510 1065 550 in
1088 509 1166 550 hac
1185 508 1366 548 elatione
1382 516 1425 548 et
1444 522 1534 549 ma·
1548 513 1597 550 64

107 569 329 625 gnitudine
348 569 491 619 animi,
512 568 708 610 facillime
728 567 955 622 pertinacia
978 575 1022 607 et
1041 565 1169 606 nimia
1188 564 1394 619 cupiditas
1422 564 1535 619 prin-

108 626 270 682 cipatus
307 625 547 667 innascitur.
608 626 671 666 Ut
704 623 814 665 enim
851 623 963 678 apud
1001 622 1218 663 Platonem
1251 630 1330 671 est,
1365 635 1535 662 omnem

108 697 269 724 morem
302 682 722 724 Lacedaemoniorum
748 679 1052 720 inflammatum
1085 692 1174 719 esse
1197 677 1428 732 cupiditate
1447 678 1536 719 vin·
1548 681 1578 711 b·

107 739 255 780 cendi:
287 740 362 790 sic,
392 749 440 780 ut
470 738 647 794 quisque
673 736 800 777 animi
829 735 1121 791 magnitudine
1147 735 1329 775 maxime
1357 734 1538 786 excellit,

106 796 165 836 ita
202 796 384 837 maxime
414 795 501 836 vult
536 795 729 850 princeps
768 792 973 843 omnium,
1004 791 1068 832 vel
1105 792 1245 847 potius
1284 790 1398 831 solus
1432 804 1537 832 esse.

106 851 290 895 Difficile
311 861 452 893 autem
478 860 554 901 est,
574 865 672 892 cum
704 858 901 905 praestare
926 849 1125 890 omnibus
1151 847 1429 903 concupieris,
1451 862 1538 888 ser-

106 922 200 950 vare
224 909 482 964 aequitatem,
503 922 598 963 quae
627 916 691 948 est
711 906 889 963 justitiae
919 905 1100 946 maxime
1128 905 1310 960 propria.
1369 905 1432 944 Ex
1451 919 1538 960 quo

108 965 168 1016 fit,
190 975 239 1006 ut
263 979 398 1020 neque
423 964 726 1020 disceptatione
748 963 853 1003 vinci
881 976 940 1012 se,
964 977 1040 1003 nec
1061 961 1149 1003 ullo
1168 961 1340 1016 publico
1361 975 1409 1002 ac
1431 961 1537 1016 legi-

107 1021 214 1062 timo
242 1022 340 1077 jure
374 1022 608 1077 patiantur:
642 1020 931 1075 exsistuntque
963 1018 1006 1059 in
1041 1018 1256 1074 republica
1289 1018 1539 1073 plerumque

108 1077 326 1133 largitores
354 1088 397 1119 et
421 1077 600 1128 factiosi,
621 1086 666 1118 ut
695 1090 796 1131 opes
825 1090 951 1131 quam
980 1075 1181 1116 maximas
1211 1083 1538 1130 consequantur,

107 1143 150 1174 et
179 1135 262 1174 sint
286 1135 325 1175 vi
354 1134 495 1190 potius
523 1133 770 1188 superiores,
798 1147 924 1187 quam
947 1131 1114 1187 justitia
1143 1145 1277 1186 pares.
1337 1130 1421 1172 Sed
1450 1145 1538 1186 quo

107 1190 330 1240 difficilius,
365 1191 446 1230 hoc
485 1190 739 1244 praeclaritls.
771 1188 934 1229 nullum
965 1197 1029 1229 est
1058 1188 1171 1228 enim
1206 1196 1389 1243 tempUS‚
1422 1187 1536 1242 quod

100 1245 266 1301 justitia
297 1260 441 1287 vacare
479 1246 642 1286 debeat.
702 1246 847 1285 Fortes
886 1244 1031 1299 igitur,
1065 1253 1108 1285 et
1145 1243 1403 1298 magnanimi
1439 1241 1598 1284 sunt65

109 1303 305 1353 habendi,
329 1317 427 1352 non,
449 1303 521 1358 qui
542 1303 713 1350 faciunt,
735 1300 806 1341 sed
826 1301 898 1356 qui
919 1301 1165 1355 propulsant
1186 1301 1396 1355 injuriam.
1425 1301 1539 1341 Vera

108 1368 248 1400 autem
280 1369 322 1401 et
357 1359 519 1414 sapiens
553 1358 679 1399 animi
718 1358 984 1412 magnitudo,
1012 1357 1237 1398 honestum
1271 1356 1390 1406 illud,
1424 1357 1539 1412 quod

107 1416 289 1457 maxime
310 1425 456 1457 natura
476 1415 677 1470 sequitur,
700 1414 741 1455 in
761 1413 881 1454 factis
906 1414 1102 1468 positum,
1125 1428 1210 1453 non
1237 1413 1278 1453 in
1306 1413 1444 1468 gloria
1465 1413 1538 1469 ju-

107 1472 246 1513 dicat:
277 1472 594 1528 principemque
623 1486 666 1511 se
696 1485 786 1511 esse
815 1470 987 1521 mavult,
1017 1485 1144 1526 quam
1171 1469 1312 1510 videri.
1372 1470 1539 1510 Etenim

106 1529 178 1584 qui
207 1544 257 1569 ex
287 1543 426 1570 errore
455 1528 661 1583 imperitae
692 1527 974 1568 multitudinis
1005 1527 1173 1581 pendet,
1203 1525 1271 1566 hic
1302 1526 1344 1566 in
1374 1526 1540 1581 magnis

105 1584 199 1626 viris
222 1601 305 1627 non
325 1595 390 1627 est
409 1584 639 1626 habendus.
699 1583 912 1624 Facillime
932 1593 1073 1624 autcm
1101 1583 1153 1624 ad
1179 1597 1243 1623 res
1263 1582 1318 1638 inj
1327 1591 1438 1623 ustas
1458 1583 1540 1623 im-

105 1641 287 1696 pellitur,
308 1650 347 1676 90
364 1650 411 1683 ut
441 1641 619 1697 quisque
649 1650 714 1682 est
739 1640 943 1681 altissimo
974 1640 1129 1691 animo,
1153 1647 1189 1673 91
1207 1648 1250 1680 et
1282 1639 1430 1696 gloriae
1464 1654 1540 1680 cu-

103 1697 220 1753 pido.
242 1699 313 1754 qui
341 1699 459 1740 locus
479 1706 543 1738 est
564 1713 661 1738 sane
683 1697 884 1747 lubricus,
906 1696 1021 1751 quod
1042 1696 1105 1736 vix
1127 1696 1348 1745 invenitur,
1372 1696 1459 1752 qui,
1477 1695 1541 1736 la-

103 1754 280 1796 boribus
308 1755 527 1810 susceptiS,
557 1753 836 1809 periculisque
867 1753 1005 1804 aditis,
1032 1767 1116 1793 non
1149 1753 1268 1808 quasi
1301 1751 1540 1793 mercedem

106 1824 245 1851 rerum
267 1820 481 1866 gestarum
503 1819 541 1845 92
558 1810 763 1851 desideret
782 1809 978 1864 gloriam.

164 1867 350 1908 Omnino
384 1867 504 1908 fortis
529 1867 708 1918 animus,
729 1875 771 1906 et
795 1880 990 1921 magnus,
1016 1865 1178 1907 duabus
1205 1866 1328 1907 rebus
1358 1865 1537 1906 maxime
1553 1860 1623 1915 20

104 1923 289 1964 cernitur
310 1941 318 1964 :
349 1939 528 1979 quarum
548 1938 631 1964 una
651 1923 693 1964 in
714 1937 852 1963 rerum
874 1931 1138 1963 externarum
1159 1922 1431 1977 despicientia
1459 1936 1538 1978 po-

107 1979 234 2030 nitur,
260 1995 356 2021 cum
383 1994 628 2035 persuasum
655 1981 721 2030 sit,
749 1979 851 2019 nihil
884 1979 1116 2029 hominem,
1147 1979 1224 2019 nisi
1259 1977 1373 2034 quod
1406 1978 1537 2019 hone-

105 2046 219 2081 stum
239 2036 524 2092 decorumque
544 2036 611 2087 sit,
633 2044 705 2077 aut
731 2035 941 2086 admirari,
962 2044 1034 2076 aut
1065 2045 1224 2091 optare,
1245 2045 1320 2076 aut
1346 2044 1540 2089 expetere

104 2101 323 2147 oportere:
355 2092 543 2148 nullique
573 2107 708 2148 neque
740 2092 918 2143 homini,
946 2106 1083 2147 neque
1114 2091 1420 2147 perturbationi
1449 2091 1538 2132 ani-

104 2150 179 2199 mi,
201 2164 278 2192 nec
299 2150 477 2190 fortunae
498 2150 788 2191 succumbere.
847 2149 997 2190 Altera
1012 2157 1076 2190 cst
1095 2162 1173 2199 res,
1195 2157 1258 2197 ut,
1279 2162 1376 2189 cum
1404 2148 1463 2188 ita
1483 2148 1539 2189 sis

103 2205 278 2248 affectus
299 2205 456 2256 animo,
474 2214 668 2262 utsupra
687 2205 788 2257 dixi,
808 2220 872 2246 res
892 2220 1015 2261 geras
1038 2219 1214 2261 magnas
1232 2204 1324 2245 illas
1350 2203 1538 2260 quidem,

105 2271 149 2302 et
167 2262 348 2304 maxime
367 2261 506 2314 utiles,
527 2262 600 2304 sed
620 2272 663 2304 et
683 2262 951 2304 vehementer
978 2261 1143 2313 arduas,
1163 2261 1391 2317 plenasque
1414 2261 1535 2302 labo·
1548 2279 1578 2309 p.
1599 2279 1648 2302 14.

104 2332 214 2369 rum,
232 2323 276 2361 et
296 2319 595 2375 periculorum,
615 2328 708 2360 tum
739 2319 847 2370 vitae,
879 2328 971 2360 tum
1003 2318 1233 2359 multarum
1265 2318 1440 2359 aliarum
1469 2323 1576 2359 re-a·

104 2388 213 2426 rum,
233 2390 327 2431 quae
347 2375 401 2417 ad
420 2375 548 2417 vitam
569 2376 793 2431 pertinent.
844 2377 1008 2417 Harum
1033 2389 1174 2416 rerum
1196 2374 1374 2416 duarum
1395 2374 1533 2430 splen·
1548 2387 1598 2432 67

147 2483 187 2508 90
210 2482 242 2504 u!
258 2475 376 2518 quisque
391 2489 416 2507 e.
431 2489 460 2507 α.
477 2476 572 2507 animo
586 2484 613 2507 et
630 2476 733 2517 gloriae
748 2488 796 2506 cu·
840 2476 945 2517 gloriae
961 2477 1091 2516 cupidus,
1111 2477 1198 2516 quod
1220 2484 1328 2507 tamen
1351 2477 1462 2515 corrigi
1485 2477 1538 2506 de-

100 2517 248 2559 pidirate]
271 2519 391 2550 Durius
413 2521 474 2550 hoc
496 2529 574 2558 esse,
597 2521 731 2561 quisque
754 2521 799 2550 fa-
841 2521 928 2551 beret
950 2519 1158 2559 cupidissimus.
1204 2520 1267 2550 Ms.
1295 2520 1358 2550 Erf.
1385 2520 1480 2549 habet
1502 2531 1538 2549 ex

103 2561 165 2592 cile
179 2562 304 2591 sentiat.
840 2563 944 2603 gloriae
959 2563 1128 2602 cupiditate.

93 2638 98 2644 ὁ
127 2632 133 2636 ,
148 2611 184 2636 91
210 2611 238 2633 e!
246 2603 350 2644 gloriae
362 2604 474 2644 cupido]
492 2606 544 2636 Sic
559 2607 591 2636 in
607 2607 672 2636 suis
687 2606 799 2641 mseri-
886 2614 924 2639 92
948 2606 1087 2635 desideret
1100 2603 1238 2645 gloriam]
1264 2605 1315 2635 Sic
1340 2615 1394 2644 pro
1408 2604 1538 2644 vulgato

104 2646 177 2685 ptis,
210 2654 320 2686 praeter
357 2657 475 2685 unum,
503 2649 655 2679 omnibus
687 2649 800 2689 reperit
841 2648 984 2679 desiderat
994 2656 1075 2679 recte
1087 2649 1208 2679 editum
1224 2655 1270 2679 est
1282 2658 1300 2678 a
1313 2648 1436 2678 Graevio
1449 2647 1539 2677 Pear-

106 2689 325 2727 Anemoecius‚
357 2691 450 2730 idque
475 2691 612 2730 vulgatae
642 2698 670 2721 et
697 2691 800 2732 gloriae
843 2693 901 2722 cio.
919 2702 996 2722 narn
1011 2692 1056 2723 sic
1078 2692 1156 2722 Mss.
1173 2692 1242 2721 edd.
1263 2702 1309 2730 pr.
1326 2698 1356 2720 et
1371 2691 1415 2720 sic
1431 2697 1537 2729 postu-

105 2731 266 2770 eupiditate
275 2733 428 2772 praetulit:
453 2743 512 2764 nec
525 2743 584 2773 ego
597 2735 738 2765 dubitavi
754 2744 801 2765 re·
843 2735 886 2765 lat
901 2735 1049 2765 latinitas.
1071 2735 1135 2765 Ms.
1157 2734 1272 2764 Duisb.
1291 2734 1385 2763 habet
1401 2739 1516 2772 expetat
1527 2743 1538 2761 :

106 2773 210 2813 cipere
232 2776 265 2805 in
287 2782 423 2806 textum.
448 2776 622 2808 Lambinus
639 2778 734 2808 etiarn
754 2788 801 2807 re-
843 2787 916 2817 quae
931 2785 978 2808 est
991 2778 1114 2817 glossa:
1139 2779 1192 2807 sed
1211 2777 1351 2807 indicans
1368 2785 1473 2807 veram
1494 2775 1538 2807 le-

105 2817 201 2856 cepit,
217 2818 270 2848 sed
285 2824 322 2848 ut
335 2828 352 2848 e
365 2819 464 2858 cupido
476 2819 591 2849 faceret
603 2820 797 2858 cupidissimo.-
842 2822 981 2851 ctionem
999 2830 1065 2851 esse
1080 2819 1227 2850 desideret.

107 2868 173 2890 non
190 2860 284 2892 male.
300 2861 363 2893 ΜΒ.
380 2861 455 2893 Cur.
472 2867 504 2893 et
519 2862 617 2894 Goth.
638 2864 756 2894 habent
773 2870 799 2893 ct

862 2915 979 2945 ZZ2
