1844 3202
274 100 353 142 718
780 96 880 134 DE
916 95 1181 134 OFFICIIS

276 204 318 244 in
339 211 430 245 tota
448 202 532 244 vita
548 202 859 255 constituenda,
879 212 920 236 30
937 205 1072 246 multo
1093 213 1158 245 est
1182 217 1283 245 cura
1301 202 1437 259 major
1457 202 1717 254 adhibendas.

277 272 327 301 ut
345 268 538 302 constare
561 261 604 302 in
633 261 728 302 vitae
754 262 1035 316 perpetuitate
1056 261 1265 316 possimus
1287 260 1612 316 nobismetipsis,
1633 273 1712 300 nec

193 325 269 358 120
279 317 322 358 in
342 317 429 358 ullo
450 317 589 358 officio
609 317 859 358 claudicare.
909 318 980 358 Ad
1001 317 1108 357 hanc
1125 327 1264 358 autem
1286 316 1489 357 rati-onem
1511 315 1711 371 quoniam

279 374 506 415 maximam
535 374 617 414 vim
648 384 797 415 natura
826 374 967 423 habet,
1000 373 1168 414 fortuna
1200 374 1462 429 proximam:
1493 373 1714 427 utriusque

235 432 454 472 unanimo
485 430 592 471 ratio
615 428 816 471 'habenda
838 440 903 470 est
923 431 963 470 in
986 428 1211 484 deligendo
1240 444 1395 485 genere
1417 430 1525 480 vitae,
1547 428 1618 470 sed
1642 442 1716 468 na-

277 498 384 530 turze
407 487 555 542 magis·
573 487 710 527 multo
730 487 841 527 enim
859 495 904 526 et
923 487 1080 527 firmior
1099 495 1176 536 est,
1193 494 1235 526 et
1255 487 1513 527 constantior
1531 503 1540 527 z
1561 494 1610 526 ut
1629 485 1715 526 for-

278 554 382 586 tuna
410 557 743 598 nonnumquam,
770 552 985 598 tamquam
1020 543 1110 597 ipsa
1135 542 1339 593 mortalis,
1359 551 1395 574 81
1419 557 1514 584 cum
1538 542 1715 583 immor-

278 601 352 642 tali
374 611 523 641 natura
541 614 730 655 pugnare
750 599 951 640 videatur.
1009 599 1096 655 Qui
1118 598 1247 653 igitur
1266 598 1319 640 ad
1340 609 1499 640 naturae
1522 613 1608 640 suae
1629 612 1715 639 non

278 657 437 698 vitiosae
457 671 592 712 genus
612 656 835 697 eonsilium
869 655 1029 697 vivendi
1047 669 1173 696 omne
1193 655 1433 706 contulerit,
1453 656 1487 696 is
1517 662 1716 696 constan-

279 714 384 755 tiam
403 722 558 754 teneat-
585 713 627 754 id
651 713 763 754 enim
785 713 966 754 maxime
996 713 1142 753 decet:
1175 711 1254 753 nisi
1274 712 1383 753 forte
1404 726 1448 752 se
1468 711 1719 752 intellexerit

278 784 436 812 errasse
456 770 498 810 in
517 769 745 825 deligendo
763 784 925 824 genere·
938 769 1046 810 vitae.
1105 768 1235 825 Quod
1266 769 1300 809 si
1329 769 1529 810 acciderit
1561 771 1719 823 (potest

278 836 422 868 autem
456 826 660 878 accidere)
698 826 893 867 facienda
925 841 1094 867 morum
1125 826 1502 881 institutorumque
1535 824 1717 866 mutatio

279 893 357 924 est.
375 898 471 924 eam
501 884 797 934 mutationem,
819 883 854 923 si
884 892 1077 937 tempora
1104 882 1377 937 adjuvabunt,
1412 882 1575 923 facilius
1595 895 1715 922 com-

279 940 534 995 modiusque
554 940 757 980 faciemus
777 955 786 979 z
817 939 881 979 sin
907 939 1060 989 minus,
1080 938 1236 979 sensim
1259 939 1352 989 erit,
1374 938 1716 994 pedetentimque

279 995 497 1037 facienda:
530 995 828 1045 iit-amicitias,
855 1010 951 1050 quae
982 995 1120 1035 minus
1152 994 1376 1045 delectent,
1397 1002 1440 1035 et
1459 994 1596 1035 minus
1617 1007 1718 1049 pro·

278 1054 447 1103 bentur,
484 1052 623 1106 magis
660 1051 808 1092 decere
851 1060 1024 1092 censent
1061 1050 1268 1106 sapientes
1317 1051 1470 1092 sensim
1519 1049 1720 1100 dissuere,

194 1120 408 1165 linquam
439 1118 610 1163 repente
638 1107 879 1164 praecidere.
940 1107 1220 1148 Commutato
1253 1115 1395 1148 autem
1423 1121 1580 1162 genere
1607 1107 1720 1157 vitae‚

280 1166 398 1208 omni
419 1165 581 1206 ratione
600 1165 834 1206 curandum
855 1172 932 1215 est,
953 1173 1001 1205 ut
1020 1163 1062 1205 id
1081 1164 1196 1205 bono
1217 1164 1394 1205 consilio
1417 1163 1562 1205 fecisse
1579 1163 1718 1204 videa-

279 1238 389 1264 mur.
449 1221 533 1262 Sed
562 1222 762 1278 quoniam
793 1221 938 1277 paullo
968 1230 1065 1261 ante
1095 1221 1256 1261 dictum
1288 1228 1365 1272 est,
1386 1219 1609 1261 imitandos
1629 1234 1722 1261 esse

278 1279 488 1335 majores:
520 1280 703 1334 primum
724 1278 830 1326 illud
847 1286 1070 1333 exceptum
1091 1278 1159 1328 sit,
1182 1292 1233 1318 ne
1262 1277 1361 1318 vitia
1385 1277 1467 1317 sint
1488 1276 1689 1317 imitanda
1708 1293 1718 1317 ε

278 1335 445 1386 deinde,
475 1344 514 1368 32
533 1336 567 1376 si
597 1344 748 1376 natura
768 1349 850 1375 non
880 1335 998 1384 feret,
1019 1342 1066 1374 ut
1086 1333 1279 1389 quaedam
1301 1333 1455 1374 imitari
1474 1333 1651 1388 possint,
1673 1342 1723 1374 ut

280 1392 507 1448 superioris
529 1392 722 1434 Africani
749 1392 872 1441 filius,
893 1391 964 1446 qui
992 1390 1104 1431 hune
1138 1391 1282 1431 Paullo
1314 1399 1459 1431 natum
1488 1389 1727 1445 adoptavit,

278 1459 454 1506 propter
481 1449 768 1490 infirmitatem
788 1448 1025 1490 valitudinis
1047 1462 1129 1488 non
1151 1457 1237 1489 ‘cam
1259 1448 1400 1503 potuit
1423 1447 1550 1502 patris
1570 1446 1719 1487 similis

277 1520 382 1556 esse,
406 1520 534 1561 quam
559 1506 629 1546 ille
650 1505 787 1546 fuerat
808 1505 886 1546 sui.
947 1504 990 1545 Si
1023 1504 1153 1559 igitur
1181 1519 1265 1545 non
1293 1504 1449 1560 poterit
1469 1503 1551 1544 sive
1571 1517 1720 1545 causas

276 1563 545 1613 defensitare,
569 1563 651 1603 sive
677 1561 884 1617 populum
917 1561 1190 1602 concionibus
1222 1571 1379 1611 tenere,
1400 1560 1484 1600 sive
1509 1559 1622 1601 bella
1641 1574 1720 1616 ge-

277 1634 398 1661 rere:
425 1619 498 1659 illa
528 1629 671 1659 tamen
700 1627 899 1674 praestare
930 1618 1115 1667 debebit,
1146 1632 1240 1673 quae
1270 1626 1394 1658 erunt
1423 1617 1464 1657 in
1490 1616 1622 1672 ipsius
1642 1631 1720 1672 po-

280 1684 447 1726 testate,
473 1675 700 1731 justitiam,
736 1674 877 1727 fidem,
910 1673 1221 1724 liberalitatem,
1255 1673 1523 1724 modestiam,
1557 1683 1721 1728 tempe-

278 1733 473 1784 rantiam,
495 1746 580 1788 quo
610 1731 750 1772 minus
780 1731 833 1772 ab
864 1745 916 1772 eo
947 1730 1003 1781 id,
1027 1730 1141 1786 quod
1171 1730 1294 1781 desit,
1322 1730 1569 1786 requiratur.
1629 1731 1720 1784 Op-

280 1791 386 1831 tima
402 1799 545 1830 autem
568 1788 780 1830 hereditas
800 1802 825 1828 a
845 1787 1033 1843 patribus
1054 1786 1230 1828 traditur
1250 1787 1406 1838 liberis,
1426 1787 1626 1842 omnique
1646 1801 1721 1842 pa·-

278 1846 481 1888 trimonio
511 1845 793 1901 praestantior,
823 1844 962 1900 gloria
999 1844 1175 1895 virtutis,
1213 1858 1438 1899 rerumque
1475 1852 1692 1899 gestarum
1709 1860 1735 1886 :-

281 1903 350 1944 cui
369 1902 568 1944 dedecori
584 1917 687 1953 esse,
710 1902 827 1943 nefas
848 1911 891 1942 et
911 1901 1088 1956 impium
1103 1900 1383 1957 judicandum
1404 1908 1481 1941 est.

197 1948 272 1997 34
340 1962 398 2001 Et
423 1960 623 2016 quoniam
656 1959 795 2009 officia
824 1973 910 1999 non
938 1957 1085 1998 eadem
1114 1957 1349 2013 disparibus
1372 1956 1565 1998 aetatibus
1585 1955 1720 1998 tribu-

199 2024 271 2055 122
283 2027 426 2066 untur,
454 2017 620 2072 aliaque
654 2023 752 2057 sunt
776 2015 996 2072 juvenum,
1021 2014 1102 2055 alia
1132 2014 1374 2055 seniorum:
1406 2012 1563 2067 aliquid
1592 2012 1720 2053 etiarn

173 2078 274 2111 1‘·2⁵·
286 2074 337 2115 de
365 2073 444 2114 hac
475 2073 746 2114 distinctione
773 2071 999 2116 dicendum
1024 2079 1101 2112 est.
1162 2072 1236 2111 Est
1268 2070 1398 2125 igitur
1427 2069 1734 2121 adolescentis,

243 2125 464 2185 a‘majores
486 2139 586 2170 natu
616 2129 759 2179 vereri,
781 2142 917 2183 exque
948 2127 1013 2168 his
1038 2127 1225 2182 deligere
1244 2127 1430 2182 optimos
1451 2134 1493 2166 et
1512 2126 1722 2181 probatis-

283 2187 429 2237 simos,
449 2200 632 2242 quorum
652 2185 828 2226 consilio
850 2194 978 2240 atque
1007 2184 1255 2225 auctoritate
1277 2182 1448 2225 nitatur.
1507 2190 1546 2215 ²³³
1569 2183 1724 2224 Ineun-

217 2278 220 2282 .
280 2244 335 2285 tis
361 2244 474 2284 enim
505 2243 640 2284 aetatis
667 2242 844 2292 inscitia,
862 2256 1009 2282 senum
1032 2239 1326 2281 constituenda
1353 2248 1394 2280 et
1416 2238 1602 2294 regenda
1621 2253 1722 2294 pru-

282 2300 426 2342 dentia
445 2308 524 2342 est.
583 2299 774 2341 Maxime
805 2308 949 2341 autem
980 2298 1072 2339 haec
1103 2305 1203 2338 aetas
1231 2311 1256 2338 a
1280 2295 1524 2338 libidinibus
1545 2295 1724 2342 arcenda

326 2444 368 2468 5³0
391 2436 480 2466 mullo
502 2444 542 2465 est
565 2434 608 2465 rei
630 2447 700 2464 cura
718 2446 756 2465 m.
773 2433 818 2475 ιι]
844 2435 896 2465 Sic
920 2435 981 2465 fere
1026 2445 1123 2476 quam.
1169 2433 1217 2463 Ita
1230 2433 1320 2463 locus
1334 2433 1424 2463 valde
1436 2440 1589 2464 venustus
1606 2433 1671 2463 fiat.

282 2480 352 2511 libri
368 2491 428 2512 scr.
443 2489 472 2510 et
487 2481 557 2510 edd.
602 2479 747 2509 Gra-,vius
767 2479 851 2508 dedit
867 2479 893 2508 ei
908 2479 949 2507 rei
965 2488 982 2508 e
1069 2484 1108 2508 32
1133 2477 1157 2507 si
1187 2478 1459 2506 natura—imitari
1484 2475 1606 2516 possint]
1636 2477 1728 2507 Pear-

283 2525 349 2555 ΜΞ.
378 2534 447 2554 su0.
478 2523 592 2553 melius
623 2523 664 2550 νεὶ
693 2523 807 2552 delevit
833 2521 981 2560 Langius,
1026 2522 1094 2551 cius
1111 2520 1359 2558 conjecitpossit‚
1376 2530 1420 2550 sc.
1437 2521 1474 2557 is,
1491 2520 1545 2559 qui
1562 2519 1636 2549 velit
1651 2520 1723 2549 imi-

284 2577 382 2608 qucm
398 2574 528 2597 secutus
543 2576 627 2596 sum.
644 2566 732 2595 abest
746 2565 794 2594 ed.
812 2564 924 2595 Colon.
1026 2565 1081 2593 tari
1107 2565 1253 2602 majores.
1276 2563 1330 2592 sed
1353 2570 1383 2592 et
1404 2564 1437 2593 in
1455 2563 1566 2603 possint
1592 2561 1726 2602 intelligi

328 2617 365 2640 31
390 2621 454 2639 cum
480 2608 638 2638 immortali
658 2606 780 2646 natm-1]
809 2608 884 2637 Non
910 2607 984 2636 satis
1027 2614 1139 2646 potest,
1155 2605 1209 2646 qui
1227 2606 1341 2635 imitari
1358 2607 1492 2645 majores
1506 2605 1615 2636 velint.

283 2653 412 2692 elegans
434 2654 495 2682 hoc
518 2659 573 2682 est.
608 2652 672 2681 Ms.
689 2651 785 2680 Goth.
803 2651 898 2680 habet
920 2662 983 2679 mm
1071 2656 1109 2680 :343
1137 2650 1181 2678 In.
1199 2650 1297 2678 aetaris
1313 2648 1447 2690 inscitia]
1468 2649 1520 2678 Sic
1538 2648 1615 2677 Mss.
1632 2647 1724 2686 pleri-

283 2696 442 2725 immortali
453 2702 586 2734 pugnare
607 2701 713 2722 natura
731 2705 765 2723 v.
782 2694 813 2723 in
830 2703 894 2731 quo
910 2694 982 2723 satis
1027 2702 1089 2731 que
1105 2700 1135 2722 et
1150 2694 1219 2722 edd.
1235 2699 1311 2721 vett.
1328 2693 1511 2722 recentiores
1534 2691 1655 2720 edidere
1678 2690 1722 2718 in-

283 2740 365 2769 mihi
388 2740 592 2778 perspicuum
613 2737 746 2772 videtur,
763 2743 868 2764 natum
884 2746 949 2765 csse
966 2746 983 2764 a
1028 2735 1158 2774 scientia,
1170 2746 1235 2766 non
1248 2735 1341 2775 bene,
1356 2741 1391 2766 ut
1402 2741 1484 2766 recte
1495 2735 1619 2773 judicat
1634 2733 1723 2771 Peer-

282 2783 452 2820 glossatore
473 2782 628 2812 additum.
671 2780 773 2809 Credo
795 2789 871 2810 cum
896 2779 984 2808 Grae-
1026 2779 1107 2809 cius.

284 2826 348 2862 vio,
370 2837 434 2855 cum
456 2832 564 2855 natura
584 2824 736 2855 excidisse
766 2829 836 2864 post
857 2833 984 2853 nonnun-
