1844 3202
320 121 396 164 892
693 118 752 156 M.
783 118 1003 157 TULLII
1042 119 1377 158 CICERONIS

373 225 592 281 Qumc'r.
615 225 643 266 l.
659 230 698 267 6.
719 242 752 267 c.
768 228 825 280 4.)
870 228 1011 269 Mater
1039 236 1126 277 tua,
1157 228 1258 270 dum
1289 227 1404 279 vixit,
1433 226 1600 280 ludum,
1627 236 1749 284 post-

316 295 444 336 quam
467 291 634 324 mortua
654 293 732 334 est,
753 284 980 339 magistros
1001 259 1161 326 habuit.

373 338 611 391 AQUILA.)
654 340 869 382 Frumenti
899 341 1105 382 maximus
1136 355 1332 383 numerus
1360 356 1382 382 e
1411 341 1564 391 Gallia,
1583 341 1749 397 pedita-

315 402 384 436 tus
415 396 684 458 amplissimae
717 398 849 453 copiae
880 411 903 437 e
934 396 1088 448 Gallia,
1119 397 1282 453 equites
1314 413 1490 440 numero
1520 398 1690 454 plurimi
1723 412 1749 439 e

319 451 473 493 Gallia.

475 509 649 550 Cetera
636 524 678 550 ιη
699 525 760 561 ea,
781 524 876 566 quoe
897 509 1003 550 inler
1023 509 1203 566 veliquczs
1224 510 1421 552 orationes
1441 518 1589 553 exstat.

921 596 992 637 Ad
1014 597 1134 638 Orat.

620 665 702 706 DE
731 665 887 706 LEGE
917 665 1192 706 AGRARIA
1224 665 1315 706 Kal.
1344 667 1438 707 Jan.

823 734 948 774 Deest
968 732 1231 788 principium.

369 812 524 853 GELL.
548 810 576 852 l.
598 820 659 852 13.
681 826 714 852 c,
729 814 811 863 24.)
854 812 1056 862 Praedam,
1085 811 1319 861 manubias,
1341 811 1588 863 sectionem,
1609 820 1744 854 castra

309 867 489 924 denique
510 869 591 909 Cn.
614 869 818 923 Pompeii,
839 869 1011 909 sedente
1031 869 1283 924 imperatore
1306 869 1445 909 X-viri
1466 869 1657 910 vendent.

367 927 523 966 GELL.
547 925 659 977 ibid.)
685 927 745 965 Ex
767 926 923 980 praeda,
944 940 995 966 ex
1017 926 1240 976 manubiis,
1260 940 1309 965 ex
1329 940 1432 966 auro
1453 927 1688 967 coronario.

364 983 511 1034 Aoo.)
553 982 708 1023 Veniet
736 981 867 1036 igitur
898 983 975 1022 sub
1006 996 1202 1037 praeeone
1236 991 1326 1023 tota
1359 983 1582 1046 Propontis
1614 992 1741 1037 atque

309 1038 643 1103 Hellespontus:
673 1038 892 1079 addicetur
912 1039 1148 1080 communis
1171 1053 1244 1079 ora
1265 1038 1492 1094 Lyciorum
1516 1048 1641 1094 atque
1665 1039 1740 1080 Ci-

306 1094 464 1136 licum:
496 1095 641 1152 Mysia
661 1104 705 1136 et
728 1095 913 1160 Phrygia
932 1095 1032 1136 item
1055 1095 1289 1137 conditioni
1303 1087 1478 1151 legique
1499 1096 1720 1150 parebunt

364 1151 537 1193 CARIS.
542 1155 555 1204 )
582 1152 780 1192 Imberba
793 1152 1031 1208 juventute.

522 1208 715 1259 Cetera,
701 1223 743 1251 m
765 1224 826 1261 ea,
848 1224 943 1265 qzcoe
963 1215 1114 1261 exstat,
1134 1209 1176 1250 in
1196 1215 1338 1251 senatu
1361 1208 1513 1250 habita.

837 1368 888 1408 L.
922 1301 1095 1409 PISISN
1099 1368 1203 1408 EM

299 1502 341 1544 d
357 1447 578 1503 QUINCT.
600 1445 628 1486 l.
645 1458 683 1496 9.
707 1460 740 1486 c.
758 1446 816 1499 4.)
863 1446 973 1488 Proh
1002 1445 1061 1487 dii
1089 1445 1370 1487 immortales!
1401 1445 1472 1502 qui
1504 1445 1573 1487 hie
1602 1446 1739 1488 illuxit

332 1518 402 1544 les.

357 1561 592 1601 DIOMED.
614 1568 653 1600 2.
672 1558 800 1612 Sem.)
849 1562 958 1616 Quae
987 1569 1029 1600 te
1058 1559 1224 1600 beluam
1254 1574 1305 1601 ex
1333 1569 1468 1609 utero,
1492 1573 1573 1600 non
1595 1559 1735 1601 homi-

300 1632 398 1658 nem
423 1616 545 1658 fudit.

355 1674 560 1725 ASCON.)
597 1673 773 1714 Insuber
793 1671 965 1728 quidam
987 1672 1082 1723 fuit,
1102 1672 1144 1712 id
1163 1683 1241 1723 est,
1257 1683 1480 1725 mercator,
1503 1683 1546 1714 et
1567 1687 1706 1728 praeco
1724 1690 1733 1714 ε

296 1730 332 1771 is
368 1745 463 1770 cum
500 1731 679 1771 Romam
717 1744 815 1770 cum
853 1729 936 1768 filia
970 1729 1163 1780 venisset,
1198 1729 1508 1771 adolescentem
1545 1729 1729 1770 nobilem

299 1787 560 1837 Caesonium,
595 1786 779 1828 hominis
814 1785 1033 1827 fortissimi
1066 1786 1214 1837 filium,
1246 1802 1372 1828 ausus
1409 1796 1475 1828 est
1509 1786 1732 1842 appellare.

297 1843 425 1885 filiam
446 1844 682 1884 collocavit.

354 1901 575 1943 Qumc'r.
598 1899 668 1941 lib.
686 1910 722 1941 8.
745 1910 832 1953 cap.
849 1902 905 1953 3.)
941 1899 1053 1941 Cum
1072 1899 1150 1941 tibi
1172 1910 1264 1942 tota
1278 1899 1477 1956 cognatio
1498 1899 1538 1940 in
1556 1900 1732 1941 Serraco

298 1958 484 1999 vehatur.
518 1957 764 2012 (advehatur
785 1957 932 2009 Verb.)

351 2014 588 2055 DIOMED.
613 2013 641 2054 l.
665 2017 715 2066 1.)
750 2013 944 2054 Proxime
967 2013 1215 2068 Pompeium
1235 2013 1449 2054 sedebam.

352 2072 518 2112 LAMB.
549 2070 665 2111 addit
695 2086 746 2111 esc
777 2071 984 2126 QUINT.)
1033 2069 1175 2125 Caput
1207 2070 1401 2126 opponis,
1434 2084 1531 2112 cum
1567 2083 1620 2111 eo
1655 2082 1730 2110 co-

295 2141 474 2169 mscanS.

623 2218 1096 2314 COMMENTAizils
1132 2274 1245 2316 LIB.
1272 2273 1399 2315 XIII.

349 2350 530 2405 D10M.)
564 2351 626 2393 Re
643 2349 823 2403 vendita,
842 2350 997 2393 iterum
1017 2359 1147 2393 emta.
