1844 3202
413 322 491 375 M.
529 320 815 375 TULLII
854 318 1304 374 CICERONIS
1589 346 1688 380 W.

511 454 793 526 CATO
840 452 1206 524 MAJOR

825 599 899 625 SEU

318 687 478 751 DE
557 684 1391 750 SENECTUTE

832 833 886 858 AD

411 918 471 966 T.
496 915 930 966 POMPONIUM
953 914 1288 965 A'ITICUM.

644 1198 1062 1237 ARGUMENTUM.

128 1287 300 1338 stalogus
319 1285 359 1324 de
379 1285 555 1326 Senectute
571 1294 731 1324 versatur
746 1286 782 1323 in
799 1284 1005 1334 deffendenda
1023 1291 1187 1324 senectute
1200 1284 1247 1324 ab
1263 1284 1328 1331 bis,
1343 1286 1402 1337 qui
1420 1299 1492 1326 eam
1508 1301 1569 1328 ac·

181 1354 298 1378 cusare
316 1341 431 1378 solent.
473 1342 654 1387 Quattuor
673 1347 786 1377 autem
806 1339 846 1377 de
863 1340 974 1377 causis
992 1346 1136 1377 senectus
1148 1346 1295 1390 putatur
1314 1341 1432 1378 misera
1449 1357 1461 1385 3
1480 1355 1567 1392 qua-

179 1409 255 1437 rum
271 1395 382 1446 prima
400 1401 461 1437 est,
481 1393 570 1445 quod
585 1399 704 1431 avocet
722 1407 745 1430 a
763 1392 860 1430 rebus
877 1393 1056 1443 gerendi55
1077 1392 1201 1436 altera,
1220 1393 1310 1444 quod
1323 1405 1439 1445 corpus
1444 1397 1570 1443 faciat

172 1442 344 1495 ‘infirmius
361 1465 372 1493 3
402 1448 518 1492 tertia,
537 1446 625 1498 quod
634 1446 754 1497 pri-vet
771 1446 922 1484 omnibus
937 1447 1017 1495 fere
1035 1446 1292 1497 voluptatibu53
1322 1455 1460 1498 quarta,
1481 1448 1573 1499 quod

177 1501 275 1549 baud
285 1502 404 1553 procul
418 1501 510 1538 absit
527 1514 549 1537 a
569 1508 683 1538 morte.
711 1501 834 1551 Itaque
846 1500 1000 1550 singulas
1016 1514 1072 1538 eas
1086 1501 1304 1538 accusationis
1316 1511 1432 1551 partes
1450 1501 1568 1547 diluit,

177 1563 280 1606 atque
297 1562 402 1606 negat
413 1555 543 1606 partim
562 1567 617 1591 eas
636 1555 671 1591 in
683 1561 879 1591 senectutem
894 1554 1081 1600 con-venire,
1096 1555 1225 1604 partim
1239 1568 1320 1592 vero
1335 1555 1375 1591 iis
1390 1554 1487 1592 rebus
1504 1557 1568 1593 mi·

174 1622 285 1646 seram.
310 1615 506 1646 senectutem
538 1607 646 1645 reddi.
702 1608 904 1658 Disputatio
938 1614 1051 1644 autem
1084 1606 1247 1645 tribuitur
1279 1609 1403 1646 Catoni
1434 1609 1567 1657 majori,

135 1657 138 1661 ¹
175 1662 268 1714 quod
281 1664 309 1700 is
326 1663 512 1713 aequissimo
529 1662 639 1698 animo
659 1661 772 1698 tulisse
789 1667 983 1698 senectutem
1003 1660 1190 1698 dicebatur.
1249 1662 1298 1698 Et
1315 1662 1471 1712 quoniam
1490 1677 1568 1701 con-

175 1715 305 1759 stabat,
322 1729 396 1753 eum
423 1728 528 1753 senem
558 1715 691 1751 litteras
718 1715 859 1752 Graecas
889 1713 1052 1757 didicisse,
1071 1714 1196 1752 doctior
1213 1716 1242 1752 ei
1262 1715 1425 1752 tribuitur
1446 1717 1566 1766 oratio,

174 1783 278 1820 quam
294 1770 324 1807 ei
339 1770 515 1808 convenire
532 1767 730 1813 videbatur,
745 1768 838 1820 cujus
858 1768 979 1819 reliqui
997 1767 1077 1806 libri
1097 1767 1229 1806 nullam
1243 1768 1456 1807 eruditionem
1471 1769 1563 1808 redes

173 1823 290 1861 lerent.

232 1903 283 1967 O
304 1926 437 1971 TITE,
456 1926 486 1962 si
503 1924 586 1977 quid
601 1938 660 1976 ego
682 1923 832 1972 adjuero,
850 1938 1013 1962 curamve
1030 1925 1174 1978 levasso?
1579 1938 1607 1984 1

228 1980 429 2030 Quaenunc
447 1987 478 2016 te
496 1980 619 2030 coquit,
639 1986 672 2016 et
688 1986 808 2017 versat
826 1979 860 2016 in
871 1986 1002 2030 pectore
1008 1977 1108 2027 fixa,
1593 1991 1600 2002 ²

225 2032 364 2085 Ecquid
378 2034 441 2071 erit
456 2034 560 2084 pretii
576 2036 598 2071 ,Ρ
1573 2011 1596 2056 ²1

120 2112 241 2160 Licet
261 2113 374 2172 enim
394 2119 581 2161 versibus
600 2118 748 2161 iisdem
768 2116 876 2160 mihi
895 2118 1013 2160 affiri
1033 2128 1090 2171 te,
1108 2118 1267 2172 Attice,
1285 2118 1439 2176 quibus
1460 2120 1560 2162 affa-

118 2184 187 2226 tur
209 2175 500 2217 Flamininum

224 2257 289 2294 Ille
305 2257 378 2302 vir,
400 2256 496 2294 haud
511 2269 638 2308 magna
656 2270 731 2294 cum
749 2270 796 2301 re,
813 2256 872 2294 scd
880 2235 998 2308 plenus
1004 2253 1107 2303 fidei.

119 2341 389 2400 Quamquam
410 2351 529 2384 certo
549 2342 652 2394 scio,
674 2357 775 2394 non,
796 2351 844 2384 ut
865 2341 1165 2394 Flamininum,

227 2421 411 2460 Sollicitari
430 2432 474 2469 te,
497 2423 584 2467 Tite,
602 2422 651 2460 sic
666 2430 835 2474 noctesque
853 2421 996 2474 diesque.

117 2506 213 2549 novi
234 2506 347 2548 enim
368 2507 702 2549 moderationem
723 2508 851 2549 animi
870 2507 946 2558 tui,
968 2515 1010 2550 et
1031 2507 1296 2564 aequitatemx
1322 2517 1449 2564 teque
1471 2523 1554 2551 non

116 2577 359 2619 cognomen
391 2564 529 2604 solum
560 2565 741 2606 Athenis
773 2565 1031 2620 deportasse,
1060 2565 1133 2606 sed
1163 2564 1487 2616 humanitatem,
1511 2575 1556 2607 et

115 2620 384 2678 prudentiam
415 2620 622 2676 intelligo.
667 2630 710 2663 et
744 2631 886 2663 tamen
919 2622 1124 2677 suspicor,
1157 2620 1308 2663 iisdem
1340 2622 1464 2662 rebus
1496 2631 1554 2672 te,

117 2677 273 2732 quibus
294 2677 518 2732 meipsum,
535 2677 746 2720 interdum
765 2678 933 2735 gravius
950 2678 1229 2720 commoveri:
1249 2692 1426 2734 quarum
1448 2693 1565 2719 con-·

116 2733 267 2774 solatio
285 2733 483 2790 et'major
501 2743 578 2785 est,
595 2744 644 2776 et>
656 2735 704 2778 iu
720 2735 836 2776 aliud
856 2745 1024 2791 tempus
1045 2734 1286 2777 differenda.
1326 2735 1455 2776 Nunc
1475 2750 1551 2778 au-

115 2798 200 2830 tem
229 2790 332 2831 mihi
358 2791 491 2832 visum
521 2800 586 2832 est
613 2791 665 2833 de
692 2793 917 2833 Senectute
941 2791 1101 2848 aliquid
1126 2791 1179 2834 ad
1205 2800 1247 2832 te
1272 2791 1553 2833 conscribere.

114 2846 214 2897 ῌος
235 2847 347 2894 enim
369 2861 509 2899 onere,
525 2847 640 2904 quod
661 2848 766 2891 mihi
786 2858 927 2894 tecum
950 2862 1177 2907 qomnlune
1191 2856 1269 2900 est²
1282 2857 1354 2895 aut,
1368 2847 1465 2904 jam·
1479 2863 1546 2890 ur·
1561 2863 1585 2895 2
