1844 3202
595 113 787 152 LIBER
821 111 1103 151 TERTIUS.
1492 117 1585 164 77³,

135 224 393 273 stimandum
413 230 492 274 est,
511 221 585 278 qui
604 220 806 262 orationis
826 219 1050 261 vanitatem
1072 218 1381 261 adhibuerunt?
1416 220 1467 262 C.
1485 219 1572 263 Ca-

138 284 247 333 nius,
267 297 398 338 eques
427 282 656 329 Romanus,
678 292 754 318 nec
780 277 1001 327 infacetus,
1023 285 1066 316 et
1098 276 1197 317 satis
1225 275 1448 327 litteratus,
1470 293 1571 320 cum

136 354 182 387 se
208 340 436 396 Syracusas
457 334 614 377 otiandi
639 340 704 387 (ut
729 334 817 389 ipse
845 333 983 374 dicere
1012 332 1190 385 solebat)
1216 347 1300 373 non
1327 333 1573 387 negotiandi

137 411 277 445 causa,
297 392 559 442 contulisset,
575 391 811 442 dictitabat,
828 405 871 431 se
892 389 1085 431 hortulos
1107 389 1271 444 aliquos
1291 388 1395 429 velle
1416 404 1569 441 emere,
1584 409 1618 440 b.

139 466 224 508 quo
247 451 417 492 invitare
445 449 620 498 amieos,
642 458 685 488 et
714 448 788 489 ubi
815 461 860 488 se
892 447 1106 487 oblectare
1134 445 1222 487 sine
1249 445 1574 500 interpellatori-

137 509 217 549 bus
239 516 395 562 posset.
427 505 541 562 quod
562 520 659 546 cum
682 503 1002 560 percrebuisset,
1027 503 1204 559 Pythius
1229 502 1266 543 ei
1296 501 1484 559 quidam,
1504 503 1579 558 qui

137 556 419 619 argentariam
459 564 618 603 faceret
658 561 876 618 Syracusis
916 567 954 591 0⁸
972 560 1091 610 dixit,
1127 559 1289 600 venales
1325 557 1498 615 quidem
1534 573 1580 599 se

138 620 286 662 hortos
309 635 390 661 non
412 619 582 669 habere,
603 617 676 659 sed
697 617 824 659 licere
845 616 906 658 uti
931 617 1082 667 Canio,
1103 616 1136 657 si
1157 616 1296 667 vellet,
1318 625 1366 657 ut
1393 614 1478 656 suis
1496 631 1505 656 :
1537 624 1580 657 et

139 677 265 718 simul
295 676 348 717 ad
377 690 523 717 cenaui
555 675 772 716 hominem
810 674 852 715 in
882 673 1027 714 hortos
1066 673 1251 714 invitavit
1281 673 1323 714 in
1358 681 1581 728 posterum

139 733 269 775 diem.
290 748 387 774 cum
411 732 481 773 ille
502 732 779 788 promisisset,
797 739 887 771 tum
914 730 1105 786 Pythius,
1126 731 1198 785 qui
1217 739 1341 780 esset,
1361 739 1407 770 ut
1427 742 1581 784 argen-

139 789 284 841 tarius,
303 789 415 846 apud
437 804 584 830 omnes
606 787 772 829 ordines
793 786 1020 842 gratiosus,
1036 786 1265 842 piscatores
1285 786 1339 826 ad
1360 800 1404 827 se
1423 800 1581 826 convo-

139 847 264 897 cavit,
285 858 327 887 et
347 847 401 887 ab
423 846 486 886 his
510 844 670 901 petivit,
691 855 739 885 ut
768 852 863 884 ante
885 858 983 884 suos
1007 844 1198 885 hortulos
1218 843 1422 899 postridie
1443 842 1582 898 pisca-

140 914 285 950 rentur
307 920 316 943 :
347 902 550 958 dixitque,
573 901 676 957 quid
696 915 768 942 cos
791 901 927 941 facere
949 900 1086 941 vellet.
1123 900 1194 941 Ad
1216 915 1364 941 cenam
1386 910 1582 955 tempore

139 960 251 1008 venit
274 960 432 1000 Canius
451 976 460 1000 ε
493 959 663 1013 opipare
684 973 708 998 a
730 957 884 1013 Pythio
906 967 1154 1012 apparatum
1177 957 1436 998 convivium:
1459 970 1582 1012 cym-

139 1017 292 1058 barum
321 1024 416 1056 ante
445 1017 592 1057 oculos
622 1013 867 1055 multitudo.
899 1028 974 1068 pro
996 1028 1039 1054 se
1058 1014 1236 1070 quisque
1259 1013 1373 1069 quod
1400 1021 1581 1068 ceperat,

141 1073 343 1114 afferebat
362 1090 371 1114 :
403 1081 499 1113 ante
522 1071 649 1127 pedes
673 1070 812 1127 Pythii
834 1071 967 1125 pisces
987 1070 1305 1126 abjiciebantur.
1362 1071 1473 1112 Tum
1498 1069 1582 1111 Ca·
1593 1082 1646 1123 59

144 1129 252 1179 nius,
272 1131 447 1185 Quaeso,
470 1128 621 1183 inquit,
644 1127 746 1183 quid
772 1137 836 1168 est
864 1127 961 1177 hoc,
983 1126 1122 1182 Pythi,
1144 1137 1365 1169 tantumne
1387 1127 1582 1182 piscium,

143 1181 366 1227 tantumne
400 1186 681 1242 cymbarum?
727 1186 782 1225 Et
816 1183 902 1233 ille,
937 1183 1053 1239 Quid
1091 1184 1275 1224 mirum?
1313 1184 1464 1239 inquit,
1501 1183 1586 1225 boc

144 1243 242 1284 loco
264 1251 342 1291 est,
365 1241 583 1297 Syracusis
604 1240 811 1296 quidquid
832 1251 897 1292 est
917 1240 1097 1294 piscium
1115 1257 1124 1282 ι
1155 1240 1248 1281 haec
1274 1241 1444 1296 aquatio
1463 1257 1472 1282 :
1505 1239 1587 1282 hac

145 1299 244 1339 villa
275 1298 343 1339 isti
377 1313 516 1339 carere
546 1313 629 1338 non
661 1306 852 1353 possunt.
913 1298 1114 1338 Incensus
1148 1297 1307 1338 Canius
1338 1296 1585 1352 cupiditate,

145 1354 363 1397 contendit
393 1370 417 1395 a
449 1354 618 1410 Pythio,
644 1364 693 1395 ut
723 1354 933 1394 venderet.
993 1355 1176 1395 Gravate
1204 1354 1274 1395 ille
1301 1355 1452 1409 primo.
1484 1353 1588 1409 quid

145 1412 282 1453 multa
302 1413 314 1452 ?
352 1411 562 1467 impetrat,
601 1411 705 1452 emit
742 1410 875 1452 homo
914 1410 1108 1465 cupidus,
1146 1420 1190 1452 et
1225 1410 1430 1465 locuples,
1466 1410 1588 1462 tanti,

147 1467 293 1524 quanti
325 1468 502 1525 Pythius
533 1467 679 1517 voluit,
710 1476 751 1508 et
781 1467 884 1508 emit
913 1467 1166 1508 instructos:
1197 1473 1237 1501 69
1254 1467 1426 1508 nomina
1455 1467 1584 1508 facit:

146 1525 368 1581 negotium
398 1524 583 1566 conficit.
616 1524 762 1565 invitat
793 1523 952 1565 Canius
981 1523 1185 1579 postridie
1214 1524 1441 1565 familiares
1471 1539 1588 1567 suos.

146 1581 259 1629 venit
278 1581 367 1637 ipse
388 1590 566 1622 mature.
594 1581 800 1622 scalmum
822 1580 986 1621 nullum
1005 1580 1132 1621 videt.
1152 1581 1303 1636 quaerit
1321 1594 1372 1621 ex
1392 1580 1589 1636 proximo

147 1638 300 1689 vicinO,
334 1654 435 1679 num
465 1638 580 1679 feriae
609 1637 804 1693 quaedam
834 1638 1093 1692 piscatorum
1126 1646 1278 1686 essent,
1309 1645 1349 1674 70
1363 1637 1480 1694 quod
1514 1652 1589 1679 eos

149 1694 290 1743 nullos
318 1694 490 1736 videret.
548 1694 709 1745 Nullae,
747 1693 878 1749 (quod
913 1693 1060 1747 sciam)
1096 1693 1234 1749 inquit
1268 1693 1367 1735 ille:
1416 1693 1490 1736 sed
1519 1694 1589 1735 hic

149 1751 301 1808 piscari
321 1751 425 1792 nulli
447 1751 599 1792 solent.
618 1751 762 1807 itaque
779 1750 868 1791 heri
889 1750 1084 1801 mirabar,
1105 1750 1204 1806 quid
1223 1751 1459 1792 accidisset.
1489 1751 1591 1792 Sto-

150 1807 339 1850 machari
359 1807 533 1849 Canius.
578 1806 662 1848 Sed
682 1806 783 1863 quid
804 1807 989 1848 faceret?
1014 1807 1202 1848 nondum
1224 1808 1336 1849 enim
1357 1807 1588 1863 Aquillius,
1600 1815 1654 1853 60

150 1864 334 1919 collega,
348 1873 391 1906 et
408 1861 625 1905 familiaris
645 1878 780 1915 meus,
794 1863 1028 1919 protulerat
1041 1863 1094 1904 de
1111 1863 1211 1905 dolo
1229 1864 1342 1905 malo
1359 1864 1563 1906 formulas
1577 1881 1586 1905 ε
1599 1878 1630 1907 Ρ·
1647 1873 1701 1902 64.

150 1921 194 1962 in
211 1921 365 1976 quibus
385 1920 484 1976 ipsis
502 1928 648 1963 71cum
667 1935 719 1961 ex
735 1935 786 1961 eo
805 1929 1077 1976 quaereretur,
1094 1920 1209 1976 Quid
1228 1930 1339 1962 esset
1356 1921 1480 1962 dolus
1496 1936 1588 1962 ma·
1599 1921 1632 1945 ³·

150 1978 218 2020 lus
235 1993 248 2028 ;
278 1977 573 2033 respondebat,
602 1977 713 2018 Cum
742 1988 852 2018 esset
875 1976 992 2017 aliud
1017 1977 1278 2028 simulatum,
1297 1977 1411 2019 aliud
1426 1986 1590 2020 actum.

153 2035 254 2076 Hoc
274 2033 444 2090 quidem
465 2046 565 2075 sane
585 2034 837 2085 luculenter,
858 2042 905 2074 ut
925 2034 978 2074 ab
997 2033 1169 2074 homine
1194 2035 1330 2089 perito
1351 2034 1593 2076 definiendi.

154 2092 272 2146 Ergo
298 2098 342 2131 et
372 2090 562 2147 Pythius,
593 2102 636 2132 et
666 2105 812 2131 omnes
837 2090 952 2131 aliud
980 2099 1170 2146 agentes,
1192 2090 1306 2132 aliud
1332 2091 1593 2143 simulantes,

153 2147 317 2203 perfidi,
344 2147 540 2202 improbi,
560 2147 758 2189 malitiosi
783 2157 895 2189 sunt.
954 2147 1136 2188 Nullum
1168 2147 1300 2203 igitur
1329 2148 1490 2189 factum
1519 2163 1594 2190 eo-

155 2217 250 2245 rum
277 2212 419 2259 potest
448 2203 552 2245 utile
582 2218 686 2255 esse,
704 2219 802 2246 cum
829 2204 885 2245 sit
911 2212 976 2244 tot
995 2203 1103 2244 vitiis
1121 2204 1405 2260 inquinatum.
1462 2205 1593 2261 Quod
1611 2208 1677 2262 15

156 2260 191 2301 si
209 2260 456 2316 Aquilliana
473 2260 661 2301 definitio
682 2275 778 2302 vera
797 2270 859 2301 est
875 2277 885 2302 :
915 2275 965 2301 ex
986 2261 1103 2301 omni
1121 2261 1205 2302 vita
1223 2261 1452 2313 simulatio,
1469 2262 1594 2304 dissi-

157 2317 423 2374 mulatioque
456 2317 647 2359 tollenda
680 2325 758 2359 est.
794 2317 854 2358 ita
885 2332 977 2369 nec,
1008 2327 1057 2359 ut
1085 2327 1199 2360 emat
1226 2317 1393 2372 melius,
1425 2333 1516 2371 nec,
1545 2327 1597 2363 ut

202 2471 242 2496 68
265 2464 357 2505 dixit]
388 2466 516 2497 Addidit
543 2477 560 2497 e
589 2467 669 2498 Mss.
700 2466 855 2497 Pearcius.
898 2466 1038 2497 malebat
1055 2465 1161 2497 nullus.
1183 2468 1238 2498 sed
1253 2474 1284 2498 et
1298 2474 1372 2498 ante
1387 2475 1434 2500 αεὶ
1448 2466 1598 2498 Scalmunae

157 2508 255 2538 habet
282 2509 345 2539 Ms.
371 2509 484 2539 Duisb.
511 2517 542 2539 et
569 2511 640 2540 edd.
669 2510 758 2549 Mog-
786 2510 857 2540 Col.
898 2509 1010 2539 nullum
1028 2509 1122 2539 videt.

159 2552 255 2582 Rom.
272 2552 353 2582 ven.
372 2559 463 2586 1471.
479 2553 566 2583 Med.
584 2553 655 2583 Ald.
671 2553 779 2583 omisit
795 2555 857 2593 pri·
942 2560 978 2588 71
1012 2564 1076 2582 cum
1103 2564 1139 2581 ex
1161 2564 1190 2582 eo
1218 2551 1414 2594 ,οιαὶ-γενειᾶν]
1447 2553 1487 2583 In
1515 2552 1597 2583 Mss.

159 2604 235 2625 mus
265 2595 434 2625 Victorius·
471 2597 631 2626 restituere
667 2597 796 2627 Manut.
826 2603 857 2626 et
898 2596 1044 2626 Pearcius
1068 2596 1179 2634 reperit
1201 2606 1369 2637 qua-rerem,
1385 2603 1422 2626 ut
1443 2601 1490 2626 est
1511 2602 1542 2625 et
1564 2596 1598 2626 in

161 2637 274 2668 [amb.
900 2640 998 2669 Goth.
1025 2646 1057 2669 et
1079 2639 1146 2668 edd.
1174 2649 1220 2678 pr.
1247 2646 1277 2669 et
1301 2640 1402 2680 potuit
1425 2639 1535 2669 Cicero
1558 2647 1601 2670 ex

174 2699 178 2703 -
203 2685 245 2713 69
261 2677 478 2720 nominafacit]
495 2680 526 2710 J.
543 2682 591 2711 Fr.
608 2681 789 2711 Gronovius
805 2682 858 2711 ad·
902 2683 968 2721 ipso
984 2691 1136 2721 quaerere,
1153 2682 1208 2720 qui
1231 2690 1312 2712 esset
1333 2683 1401 2719 ejus
1425 2680 1601 2711 familiaris.

159 2722 207 2752 dit
223 2722 356 2763 Pythius,
368 2724 444 2762 quia
460 2723 684 2763 nomina-fluere
698 2732 779 2755 esset
793 2734 860 2754 cre-
903 2725 964 2755 Sed
989 2726 1153 2765 quomodo
1178 2726 1209 2755 in
1235 2725 1381 2754 formulis
1411 2725 1473 2754 hoc
1499 2724 1601 2754 facere

161 2766 281 2796 diteris.
302 2767 413 2806 probat
436 2766 591 2797 Graevius.
616 2777 647 2797 v.
669 2767 802 2798 Clavem
826 2769 860 2798 in
903 2769 1018 2806 potuit.
1062 2768 1124 2797 Sed
1150 2768 1182 2797 in
1205 2767 1285 2798 libro
1307 2768 1345 2797 de
1368 2766 1514 2798 formulis
1538 2767 1601 2797 boc

162 2819 274 2838 nomen.
904 2812 977 2847 fuit,
993 2821 1071 2842 cum
1091 2820 1132 2841 ex
1150 2821 1184 2841 se
1206 2816 1285 2842 esset
1304 2810 1492 2851 quaesitum,
1507 2819 1540 2841 se
1555 2819 1603 2840 re·

205 2857 247 2886 70
276 2851 353 2893 quod
374 2863 417 2881 tos
443 2850 535 2882 nullos
559 2851 688 2893 videret]
715 2853 862 2884 Graevius
903 2854 1077 2894 §pondisse-
