1844 3202
628 127 1031 166 FRAGMENTA.
1466 134 1543 177 899

114 239 270 294 fruges,
304 247 347 279 et
377 246 517 279 cetera
549 236 749 278 alimenta
783 235 993 278 terrestria
1027 234 1273 290 indigebant
1308 245 1452 276 tecto:
1500 245 1543 278 et

113 296 270 346 ovium,
299 304 615 349 ceterarumque
643 291 853 348 pecudum
884 292 1021 343 faetus,
1051 302 1179 347 atque
1207 292 1366 332 fructus
1397 292 1542 334 clauso

110 351 388 393 custodienda
402 358 549 400 .erant‚
581 364 657 390 nec
687 350 826 390 minus
857 348 1016 404 reliqua
1045 347 1254 397 utensilia,
1285 348 1438 403 quibus
1468 360 1542 391 aut

110 408 235 449 alitur
262 408 482 448 hominum
508 420 659 462 genus,
680 417 752 448 aut
781 406 908 446 etiam
935 405 1155 447 excolitur.
1214 405 1359 446 Quare
1379 419 1478 445 cum
1499 416 1541 447 et

110 479 296 519 operam,
321 474 363 504 et
392 463 654 518 diligentiam
686 478 749 514 ea,
782 478 875 518 quae
903 462 1214 518 proposuimus,
1244 460 1541 513 desiderarent,

109 535 184 561 nec
220 521 374 576 exigua
406 535 507 561 cura
541 521 642 561 foris
683 521 1012 576 acquirerentur,
1048 533 1143 576 quae
1182 517 1297 558 domi
1337 517 1542 560 custodiri

107 586 321 632 oporteret
341 593 350 618 :
375 576 486 632 jure,
509 586 556 618 ut
575 576 673 627 dixi,
695 592 719 617 a
745 589 893 619 natura
919 585 1161 631 comparata
1180 586 1245 615 est
1266 589 1393 629 opera
1414 575 1542 616 muli-

106 634 185 674 eris
205 633 258 674 ad
280 633 556 675 domesticam
574 633 853 689 diligentiam,
870 633 943 673 viri
959 642 1102 674 autem
1124 631 1175 673 ad
1196 631 1538 673 exercitationem

104 689 329 740 forensem,
349 700 391 731 et
422 699 673 731 extraneam.
705 690 847 745 itaque
875 690 960 730 viro
991 689 1166 738 calores,
1188 696 1229 728 et
1259 688 1418 742 frigora
1440 702 1538 743 per-

105 746 316 801 petienda‚
338 756 429 788 tum
458 747 584 788 etiam
616 746 777 795 itinera,
796 758 839 787 et
868 745 1031 787 labores
1058 746 1172 801 pacis
1194 759 1242 785 ac
1263 744 1376 797 belli,
1398 744 1440 785 id
1458 754 1538 795 est,

105 803 402 855 rusticationis,
422 813 464 844 et
486 803 728 844 111ilita1·ium
757 802 1077 858 stipendiorum,
1098 801 1312 843 distribuit
1332 817 1340 841 :
1370 801 1539 842 mulieri

105 858 315 915 deinceps,
337 859 450 916 quod
477 860 674 900 omnibus
702 859 766 900 his
792 859 918 900 rebus
947 858 1102 900 fecerat
1121 858 1367 909 inhabilem,
1388 858 1538 899 dome-

103 916 204 957 stica
227 917 397 972 negotia
415 916 600 958 curanda
619 916 803 958 tradidit.
862 918 919 958 Et
939 916 1138 972 quoniam
1159 915 1273 956 hunc
1294 929 1440 956 sexum
1462 929 1537 957 cu-

101 972 249 1014 stodiae
266 984 309 1014 et
330 973 558 1029 diligentiae
579 974 874 1029 assignaverat,
892 972 1048 1014 idcirco
1065 972 1320 1014 timidiorem
1341 972 1537 1024 reddidit,

102 1043 227 1084 quam
258 1030 431 1071 virilem.
464 1045 560 1070 nam
594 1040 731 1072 metus
761 1030 992 1085 plurimum
1019 1030 1182 1070 confert
1201 1028 1253 1069 ad
1274 1028 1538 1084 diligentiam

101 1086 381 1127 custodiendi.
439 1086 570 1144 Quod
596 1097 738 1128 autem
765 1101 932 1128 necesse
953 1096 1044 1127 erat
1064 1086 1165 1127 foris
1185 1095 1226 1126 et
1247 1086 1288 1126 in
1311 1095 1457 1141 aperto
1477 1086 1537 1127 vi-

101 1151 218 1182 ctum
241 1144 526 1198 quaerentibus
548 1158 866 1199 nonnumquam
888 1142 1082 1199 injuriam
1102 1142 1360 1198 propulsare,
1377 1142 1537 1184 idcirco

101 1198 250 1250 virum,
271 1214 399 1255 quam
432 1200 651 1241 mulierem
679 1200 780 1241 fecit
807 1200 1090 1241 audaciorem.
1150 1199 1265 1241 Quia
1285 1213 1381 1239 vero
1407 1199 1537 1254 partis

100 1255 253 1310 opibus
275 1271 394 1312 aeque
416 1256 494 1297 fuit
515 1271 621 1312 opus
643 1257 859 1307 memoria,
882 1266 924 1298 et
945 1256 1187 1311 diligentia:
1221 1270 1305 1296 non
1327 1256 1535 1297 minorem

100 1311 297 1362 faeminae,
317 1327 442 1368 quam
461 1313 561 1364 viro,
580 1328 723 1354 earum
744 1327 882 1354 rerum
903 1313 1051 1354 tribuit
1069 1312 1393 1367 possessionem.
1423 1313 1536 1354 Tum

98 1369 243 1419 etiam,
263 1369 378 1425 quod
410 1370 587 1425 simplex
617 1379 766 1411 natura
795 1384 879 1411 non
907 1384 1051 1410 omnes
1080 1384 1144 1410 res
1173 1369 1420 1410 commodas
1444 1385 1536 1410 am—

98 1423 227 1479 plecti
249 1425 429 1476 volebat‚
450 1425 608 1467 idcirco
635 1426 813 1468 alterum
838 1426 1009 1467 alterius
1030 1425 1217 1481 indigere
1239 1426 1394 1467 voluit:
1427 1441 1536 1482 quo-

98 1481 226 1532 niam,
247 1482 362 1539 quod
383 1483 502 1524 alteri
522 1483 654 1534 deest,
677 1493 833 1538 praesto
854 1483 1101 1538 plerumque
1123 1492 1187 1523 est
1209 1482 1342 1522 alteri.

156 1537 361 1581 Cotum.
382 1538 411 1581 l.
435 1549 492 1580 12.
515 1554 547 1580 c.
565 1542 620 1593 2.)
666 1541 780 1581 Nam
813 1548 930 1580 vetus
959 1549 1021 1581 est
1051 1539 1333 1594 proverbium,
1354 1552 1534 1594 pauper-

95 1601 224 1636 tatem
256 1596 529 1638 certissimam
561 1610 665 1647 esse,
693 1611 792 1638 cum
821 1595 1001 1652 alicujus
1034 1595 1240 1651 indigeas,
1274 1596 1337 1637 uti
1367 1610 1419 1637 eo
1449 1610 1534 1638 non

94 1664 235 1706 posse,
256 1652 354 1708 quia
380 1653 614 1708 ignoretur,
635 1653 708 1694 ubi
734 1653 972 1708 projectum
998 1652 1153 1708 jaceat,
1175 1652 1291 1708 quod
1321 1651 1534 1694 desidere-

96 1716 178 1748 tur.
209 1709 350 1763 itaque
379 1710 420 1750 in
452 1724 496 1750 re
522 1709 715 1750 familiari
746 1709 995 1750 laboriosior
1021 1719 1086 1750 est
1110 1709 1382 1764 negligentia,
1403 1723 1533 1764 quam

95 1763 328 1819 diligentia.
388 1766 497 1807 Quis
525 1767 636 1806 enim
669 1765 849 1816 dubitet,
880 1765 984 1806 nihil
1014 1780 1105 1806 esse
1127 1765 1313 1820 pulcrius
1345 1766 1385 1806 in
1415 1767 1532 1807 omni

95 1820 256 1861 ratione
284 1822 394 1872 vitae,
415 1822 688 1877 dispositione
718 1830 843 1878 atque
872 1822 1044 1863 ordine?
1079 1821 1194 1878 quod
1215 1822 1340 1863 etiam
1362 1821 1535 1864 ludicris

94 1877 346 1931 spectaculis
376 1878 475 1920 licet
505 1893 616 1934 saepe
641 1893 913 1934 cognoscere.
971 1880 1086 1920 Nam
1113 1878 1187 1919 ubi
1208 1877 1361 1920 chorus
1381 1893 1536 1920 canen-

94 1932 218 1983 tium,
248 1949 334 1975 non
365 1935 501 1992 certis*
523 1935 676 1985 modis,
705 1946 831 1991 atque
865 1935 1049 1976 numeris
1079 1935 1309 1991 praeeuntis
1342 1935 1534 1991 magistri

93 1990 320 2041 consensit,
353 1991 570 2033 dissonum
603 1992 806 2048 quiddam
840 2007 887 2033 ac
920 1992 1234 2033 tumultuosum
1264 1992 1534 2034 audientibus

91 2060 240 2088 canere
262 2046 437 2090 videtur.
482 2049 543 2090 At
563 2049 636 2089 ubi
656 2049 780 2090 certis
802 2049 986 2090 numeris
1008 2063 1056 2090 ac
1078 2047 1270 2104 pedibus,
1288 2049 1403 2090 velut
1421 2048 1535 2090 facta

95 2103 423 2158 conspiratione,
441 2105 656 2146 consensit
674 2114 802 2162 atque
817 2105 1033 2147 concinuit
1049 2121 1059 2155 3
1081 2120 1132 2146 ex
1147 2104 1359 2161 ejusmodi
1378 2119 1531 2147 vocum

90 2159 330 2210 concordia,
352 2176 437 2202 non
465 2162 604 2203 solum
637 2162 737 2217 ipsis
764 2162 1026 2212 canentibus,
1048 2162 1232 2203 amicum
1260 2161 1466 2217 quiddam
1487 2172 1531 2205 et

94 2214 218 2257 dulce
239 2227 422 2268 resonat,
437 2232 580 2259 verum
596 2219 723 2260 etiam
743 2228 978 2275 spectantes
996 2218 1298 2274 audientesque
1316 2218 1534 2261 laetissima

92 2271 306 2328 voluptate
326 2274 655 2330 permulceatur.

147 2328 347 2372 DONAT.
378 2330 421 2372 in
453 2332 560 2384 Ter.)
599 2331 717 2388 Quid
753 2331 897 2387 igitur,
931 2346 1010 2388 pro
1044 2331 1173 2374 deum
1209 2330 1530 2384 immortalium,

91 2384 276 2439 primum
298 2402 390 2428 eam
412 2388 595 2429 docebas
614 2390 627 2429 ?
652 2404 812 2445 quaeso.

151 2441 372 2497 COLUM.)
416 2445 660 2501 Praeparatis
694 2444 854 2486 idoneis
884 2444 1004 2495 locis,
1026 2445 1354 2487 instrumentum
1386 2454 1430 2486 et
1458 2461 1528 2486 su-

90 2497 346 2554 pellectilem
375 2500 627 2543 distribuere
657 2502 879 2557 coepimus,
901 2515 949 2542 ac
976 2503 1158 2558 primum
1185 2516 1235 2543 ea
1263 2502 1530 2553 secrevimus,

89 2555 245 2610 quibus
275 2555 329 2596 ad
359 2571 422 2598 res
448 2557 606 2600 divinas
638 2558 700 2600 uti
730 2559 946 2600 solemus:
985 2567 1134 2614 postea
1162 2558 1370 2600 mundum
1400 2557 1529 2599 muli-

89 2612 249 2663 ebrem,
271 2612 343 2668 qui
372 2613 427 2654 ad
450 2613 538 2655 dies
558 2616 687 2657 festos
708 2624 978 2670 comparatur
996 2633 1005 2657 :
1036 2615 1189 2657 deinde
1208 2615 1393 2656 virilem:
1426 2614 1528 2656 item

90 2667 255 2709 dierum
276 2669 544 2711 sollemnium
563 2681 775 2722 ornatum,
797 2687 872 2712 nec
895 2672 1033 2713 minus
1055 2672 1343 2713 calceamenta
1362 2671 1530 2726 utrique

90 2724 207 2771 sexui
226 2726 542 2768 convenientia:
573 2735 664 2769 tum
690 2728 780 2786 jam
810 2742 999 2770 seorsum
1025 2743 1156 2778 arma,
1176 2742 1225 2768 ac
1247 2728 1332 2768 tela
1351 2741 1528 2782 sepone·

89 2780 257 2833 bantur,
290 2792 333 2824 et
363 2783 404 2824 in
436 2784 566 2825 altera
595 2795 714 2839 parte
748 2785 1040 2836 instrumenta,
1074 2784 1230 2841 quibus
1264 2783 1320 2825 ad
1350 2783 1531 2825 lanificia

89 2845 293 2881 utunturz
323 2848 422 2896 post
442 2855 537 2897 quae
558 2841 610 2883 ad
631 2841 774 2883 cibum
796 2841 1106 2883 conficiendum
1128 2855 1224 2883 vasa
1243 2843 1307 2895 (ut
1324 2839 1525 2893 assolent)

849 2910 982 2952 3M4
