1844 3202
288 133 369 175 900
660 128 720 167 M.
753 130 975 168 TULLII
1011 130 1351 169 CICERONIS

291 235 684 291 constituebantur:
717 238 830 290 inde,
852 254 948 295 quae
974 239 1027 280 ad
1055 239 1323 291 lavationem,
1349 255 1442 296 quae
1470 241 1524 281 ad
1549 255 1725 282 exorna-

292 292 467 343 tionem,
503 307 598 348 quae
633 294 688 335 ad
723 310 909 336 mensam
943 295 1229 352 quotidianam
1271 308 1399 353 atquc
1439 298 1723 352 epulationem

290 349 560 403 pertinerent,
596 352 945 407 exponebantur:
988 361 1135 406 postea
1169 368 1220 394 ex
1251 353 1316 404 iis,
1350 354 1503 410 quibus
1535 354 1725 410 quotidie
1774 396 1778 400 ,

291 405 464 455 utimur,
493 407 607 461 quod
632 417 896 450 menstruum
925 419 1049 458 esset,
1072 410 1360 464 seposuimus:
1392 411 1507 466 quod
1537 425 1726 452 annuum

291 476 462 517 quoque
496 463 539 503 in
570 464 674 505 duas
703 473 842 520 partes
870 464 1098 506 divisimus.
1131 481 1227 506 nam
1255 467 1314 507 sic
1346 468 1483 509 minus
1510 467 1632 518 fallit,
1654 467 1728 523 qui

291 518 429 559 exitus
460 520 626 561 futurus
657 522 723 562 sit.
784 523 892 562 Haec
922 530 1148 576 postquam
1180 523 1322 564 omnia
1347 525 1612 576 secrevimus,
1634 534 1728 565 turn

292 589 370 616 suo
398 591 576 631 quaeque
605 578 700 618 loco
731 577 1016 632 disposuimus
1038 595 1046 618 :
1081 578 1232 619 deinde
1253 580 1406 635 quibus
1430 581 1621 637 quotidie
1640 595 1727 622 ser-

291 632 376 672 vuli
408 642 596 683 utuntur,
622 650 715 689 quae
746 634 798 675 ad
829 634 1023 685 lanificia,
1044 650 1139 690 quae
1168 635 1222 676 ad
1251 636 1407 678 cibaria
1436 637 1658 693 coquenda
1687 645 1730 678 et

292 688 554 730 conficienda
575 691 798 745 pertinent,
812 690 905 732 haec
926 692 1016 746 ipsa
1037 692 1100 742 iis,
1118 692 1189 747 qui
1211 692 1272 732 uti
1295 693 1443 744 solent,
1463 694 1729 745 tradidimus,

289 754 334 786 et
356 745 429 786 ubi
456 760 506 786 ea
533 758 752 801 ponerent,
773 748 1168 798 demonstravimus,
1189 757 1231 789 et
1253 759 1299 790 ut
1319 750 1430 791 salva
1449 760 1600 802 essent,
1619 765 1728 806 prae-

291 803 498 857 cepimus.
559 804 725 860 Quibus
752 814 894 846 autem
923 805 976 846 ad
1002 805 1091 846 dies
1112 806 1256 855 festos,
1278 815 1318 847 et
1341 806 1393 847 ad
1416 807 1630 862 hospitum
1654 807 1729 848 ad-

291 869 463 900 ventum
486 859 659 913 utimur,
680 861 771 902 haec
801 862 938 917 primo
968 861 1231 913 tradidimus,
1261 873 1304 904 et
1332 863 1427 905 loca
1457 863 1624 919 singula
1653 863 1729 904 de-

291 916 632 968 monstravimus,
652 928 696 959 et
714 919 868 974 cuique
887 934 964 959 sua
981 920 1361 972 annumeravimus,
1383 930 1509 976 atque
1525 935 1729 962 annume-

292 982 383 1012 rata
401 972 481 1028 ipsi
503 974 814 1029 exscripsimUS,
836 989 1014 1031 eamque
1035 975 1347 1027 admonuimus,
1363 987 1412 1017 ut
1431 977 1733 1033 quodcumque

291 1043 399 1084 opus
420 1038 542 1080 esset,
560 1031 698 1081 sciret,
718 1031 829 1072 unde
847 1031 983 1073 daret:
1006 1041 1048 1073 et
1068 1033 1327 1074 meminisset
1349 1044 1475 1088 atque
1495 1033 1731 1084 adnotaret,

291 1085 408 1140 quid,
429 1096 472 1128 et
500 1087 669 1142 quando
698 1098 742 1129 et
771 1088 840 1129 cui
872 1088 1070 1140 dedisset,
1091 1099 1134 1130 et
1160 1104 1259 1131 cum
1282 1092 1519 1146 recepisset,
1540 1099 1587 1132 ut
1608 1089 1731 1146 quid-

290 1157 373 1197 que
394 1158 471 1184 suo
493 1144 590 1185 loco
613 1154 848 1201 reponeret.

716 1244 782 1284 M.
804 1244 988 1285 TULL11
1020 1243 1306 1286 CICERONIS

468 1322 1009 1365 OECONOMICORUM
1045 1337 1107 1364 EX
1141 1324 1556 1366 XENOPHONTE

914 1405 1023 1446 Llss.
1053 1405 1112 1445 II.

353 1476 558 1518 COLUM.
582 1477 652 1520 lib.
669 1489 708 1520 2.
730 1491 817 1535 cap.
841 1482 891 1534 ἰ.)
928 1482 1155 1532 Utrumne,
1177 1480 1470 1529 Ischomache,
1490 1479 1679 1535 inquam,
1700 1477 1735 1520 si

294 1548 360 1574 res
379 1534 594 1576 familiaris
612 1536 901 1587 desiderasset,
916 1539 1093 1579 mercari
1110 1538 1294 1579 villicum
1315 1549 1531 1593 tamquam
1552 1536 1735 1586 fabrum,

294 1605 348 1630 an
377 1590 466 1646 ipse
496 1591 717 1634 instituere
747 1595 1027 1635 consuevisti?
1062 1597 1157 1650 Ego
1183 1609 1278 1635 vero
1297 1595 1386 1649 ipse
1406 1594 1595 1635 instituo.
1656 1592 1733 1632 Et-

294 1646 408 1687 enim
431 1648 503 1703 qui
524 1664 592 1689 me
613 1650 786 1691 absente
805 1651 847 1691 in
870 1666 1011 1692 meum
1031 1651 1173 1692 locum
1195 1651 1479 1698 substituitur,
1496 1660 1539 1691 et
1559 1648 1735 1690 vicarius

295 1718 401 1744 meae
423 1705 652 1761 diligentiae
675 1707 879 1759 succedit,
902 1708 934 1749 is
955 1724 1019 1760 ea,
1041 1723 1135 1764 quae
1158 1722 1255 1764 ego,
1276 1707 1382 1748 scire
1403 1706 1543 1748 debet.

894 1809 1137 1850 EJUSDEM

473 1887 1015 1930 OECONOMICORUM
1049 1901 1114 1928 Ex
1146 1886 1562 1928 XENOPHONTE

910 1968 1019 2007 L1B.
1042 1966 1125 2006 ΙΙΙ,

351 2062 574 2102 Nomas.
612 2058 822 2115 Inteifici.)
864 2057 999 2100 Nullo
1035 2057 1165 2099 modo
1202 2057 1366 2099 facilius
1400 2055 1580 2097 arbitror
1613 2070 1738 2111 posse

295 2132 433 2173 neque
455 2118 605 2158 herbas
627 2131 828 2167 arescere,
852 2125 895 2156 et
915 2115 1105 2166 interfici,
1127 2129 1263 2171 neque
1284 2126 1438 2155 terram
1459 2113 1514 2154 ab
1534 2112 1621 2153 sole
1640 2127 1735 2168 per-

295 2174 435 2229 coquL

353 2232 574 2287 QUINCT.
599 2229 627 2270 Ζ.
650 2239 708 2270 12.
732 2244 765 2270 c.
784 2229 839 2281 5.)
874 2229 1007 2269 NON.
1029 2227 1283 2284 prqfligare.)
1327 2227 1439 2268 Cum
1465 2240 1561 2266 vero
1587 2225 1737 2267 affecta

290 2288 380 2344 jam
404 2301 535 2342 prope
557 2296 716 2337 aestate,
737 2300 836 2327 uvas
858 2300 882 2325 a
902 2286 989 2326 sole
1010 2285 1229 2326 mitescere
1251 2295 1418 2339 tempus
1435 2292 1511 2323 est.

353 2344 523 2385 MACR.
544 2342 615 2384 lib.
633 2352 672 2384 3.
695 2353 782 2398 cap.
810 2346 884 2395 ¹20.)
919 2342 1006 2398 Qui
1037 2356 1172 2397 neque
1204 2341 1302 2382 serit
1321 2341 1460 2390 vitem,
1484 2353 1620 2394 neque
1641 2354 1737 2397 quae

297 2411 388 2443 sata
409 2411 486 2449 est,
506 2400 731 2453 diligenter
752 2399 868 2449 colit,
889 2400 1046 2448 oleum,
1070 2398 1187 2449 ficus,
1207 2412 1337 2453 poma
1357 2411 1441 2437 non
1463 2395 1605 2437 habet.

356 2458 532 2499 CAms.
556 2456 625 2496 lib.
650 2458 698 2508 1.)
733 2456 849 2510 Apes
871 2456 911 2496 in
931 2455 1156 2495 alvearium
1176 2464 1487 2496 concesserunt.

357 2514 555 2556 CICERO
577 2513 626 2553 de
646 2515 876 2564 senectute.)
923 2511 1036 2552 Cum
1067 2511 1121 2551 ad
1153 2510 1316 2567 Cyrum
1348 2510 1556 2550 minorem
1588 2523 1733 2565 regem

300 2572 534 2619 Persarum,
555 2578 823 2625 praestantem
843 2568 1028 2623 ingenio,
1047 2577 1173 2623 atque
1202 2567 1367 2622 imperii
1399 2565 1550 2622 gloria,
1571 2567 1737 2623 Lysan-

298 2628 373 2669 der
394 2626 759 2675 Lacedaemonius,
780 2625 839 2665 vir
860 2639 1036 2666 summae
1058 2624 1235 2674 virtutis,
1257 2624 1436 2665 venisset
1457 2622 1611 2663 Sardis.
1672 2623 1734 2664 Et

298 2685 477 2741 reliqua,
499 2698 594 2740 quoe
609 2682 697 2737 peti
717 2689 887 2737 possunt
908 2697 958 2722 ex
979 2691 1066 2736 cap.
1090 2689 1149 2729 17.
1174 2679 1269 2721 libri
1302 2695 1366 2722 DE
1399 2681 1734 2730 SENECTUTE3

298 2757 394 2798 quae
423 2740 559 2781 omnia
587 2739 636 2780 ab
667 2739 919 2780 GRUTERO
953 2737 1017 2778 lzic
1047 2736 1221 2792 repetita
1239 2745 1349 2790 sunt,
1369 2736 1591 2793 etquidem
1611 2735 1736 2777 aliter

298 2799 505 2855 quaedam,
523 2811 648 2852 quam
670 2795 758 2837 illic
776 2794 921 2836 edidit.

354 2855 576 2898 SERVIUS
601 2853 643 2894 in
668 2863 706 2895 2.
730 2852 896 2910 Georg.)
932 2853 957 2879 ⁷³⁵
977 2849 1171 2893 Scrobes.
