1844 3202
294 112 372 152 634
817 114 896 153 DE
933 116 1201 156 LEGIBUS

294 227 418 262 reret.
480 228 516 255 ⁵³
531 223 640 280 Quae
673 223 706 265 si
732 224 940 281 appellare
960 225 1116 267 audent
1136 225 1269 281 impii,
1290 240 1373 282 quo
1395 226 1563 268 tandem
1586 227 1730 270 studio

294 276 489 320 colentur
507 294 532 320 a
551 280 671 320 bonis
690 282 703 320 ?
732 281 863 323 Quod
881 282 915 322 si
935 296 1073 336 poena,
1095 282 1129 322 si
1149 291 1286 324 metus
1307 283 1513 339 supplicii,
1535 299 1618 325 non
1638 284 1730 340 ipsa

294 334 527 390 turpitudo,
549 336 728 378 deterret
748 337 801 377 ab
823 337 1021 393 injuriosa
1039 338 1357 394 facinorosaque
1378 340 1460 380 vita
1478 356 1487 379 :
1520 354 1645 381 nemo
1665 347 1730 382 est

230 390 500 447 41injustus;
533 402 571 424 ⁵4
589 402 661 433 aut
691 393 847 434 incauti
876 393 1013 448 potius
1036 393 1216 435 habendi
1237 405 1333 436 sunt
1362 395 1557 451 improbi.
1614 397 1727 437 Tum

294 455 434 488 autem
457 449 529 504 qui
550 463 634 490 non
652 449 742 504 ipso
764 449 941 490 honesto
961 464 1193 500 movemur,
1209 459 1257 492 ut
1275 451 1376 492 boni
1395 452 1468 493 viri
1488 452 1633 504 simus,
1653 452 1728 494 sed

294 503 478 545 utilitate
508 505 649 561 aliqua
677 515 804 562 atque
834 506 988 555 fructu,
1019 505 1159 547 callidi
1190 522 1350 557 summ,
1380 523 1462 549 non
1494 509 1609 549 boni.
1631 523 1728 549 nam

294 560 397 615 quid
416 561 540 602 faciet
559 561 593 602 is
611 562 741 603 homo
759 562 800 603 in
822 562 1019 612 tenebris,
1040 562 1112 618 qui
1133 562 1236 604 nihil
1258 563 1380 606 timet
1399 564 1477 604 nisi
1498 573 1664 616 testem,
1685 572 1730 605 et

289 616 509 672 judicem?
543 618 659 673 quid,
693 619 734 658 in
769 618 933 660 deserto
967 619 1061 659 loco
1096 628 1257 670 nactus,
1293 634 1420 675 quern
1453 620 1590 661 multo
1625 635 1730 662 auro

295 673 475 728 spoliare
495 674 642 729 possit,
664 674 923 716 imbecillum
945 682 1071 730 atque
1104 675 1239 716 solum
1258 677 1270 716 ?
1306 685 1447 717 noster
1466 676 1638 732 quidem
1659 676 1729 718 hic

295 738 444 770 natura
468 730 610 786 justus
637 732 710 782 vir,
743 746 792 773 ac
828 732 978 781 bonus,
1011 732 1138 772 etiam
1175 732 1456 787 colloquetur,
1481 733 1660 789 juvabit,
1687 733 1731 774 in

294 786 402 826 viam
422 786 630 828 deducet:
661 787 695 828 is
718 802 827 838 vero,
847 788 917 844 qui
947 787 1048 828 nihil
1077 788 1246 829 alterius
1275 803 1400 829 causa
1427 789 1541 839 facit,
1571 798 1614 830 et
1639 804 1728 830 me-

294 842 399 883 titur
425 843 509 884 suis
537 843 774 885 commodis
803 845 959 894 omnia,
989 844 1150 894 videtis,
1178 844 1320 896 credo,
1343 845 1443 901 quid
1471 845 1525 887 sit
1545 854 1730 886 acturus.

293 898 426 954 Quod
453 900 487 940 si
517 900 704 954 negabit,
727 915 770 940 se
798 900 858 940 illi
884 900 1009 942 vitam
1040 909 1297 956 erepturum,
1317 911 1360 943 et
1384 916 1530 943 aurum
1565 902 1731 943 ablatu-

294 969 416 1005 rum,
449 970 678 1011 numquam
713 957 769 996 ob
802 970 895 997 eam
928 971 1098 998 causam
1132 957 1317 1013 negabit,
1384 958 1468 999 uod
1504 958 1547 999 id
1584 967 1732 1000 natura

294 1019 419 1065 turpe
432 1011 610 1066 judicet,
632 1011 707 1053 sed
727 1011 842 1067 quod
864 1022 1041 1064 metuat,
1061 1028 1114 1054 ne
1135 1024 1316 1065 emanet,
1339 973 1381 1055 id
1401 1024 1479 1065 est,
1500 1028 1551 1055 ne
1570 1015 1731 1056 malum

295 1065 465 1108 habeat.
526 1069 564 1108 O
599 1082 688 1108 rem
723 1068 913 1123 dignam,
952 1069 993 1109 in
1032 1084 1116 1124 qua
1149 1085 1233 1110 non
1264 1070 1393 1111 modo
1426 1070 1556 1121 docti,
1589 1085 1732 1112 verum

217 1125 284 1176 15
296 1123 423 1164 etiam
443 1132 629 1180 agrestes
650 1125 922 1166 erubescant!
954 1125 1050 1166 Jam
1069 1139 1164 1166 vero
1187 1125 1293 1167 illud
1313 1126 1623 1177 stultissimum,
1645 1127 1733 1168 exi-

227 1180 466 1234 42sti1nare
486 1180 630 1224 omnia
643 1180 762 1237 justa
781 1196 885 1233 esse,
918 1190 954 1213 ⁵³
971 1196 1065 1237 quae
1089 1182 1192 1223 scita
1212 1183 1295 1223 sint
1318 1183 1360 1223 in
1388 1183 1645 1239 populorum
1668 1184 1732 1225 in·

295 1237 468 1288 stitutis,
501 1244 539 1269 ⁵6
558 1246 632 1279 aut
661 1237 840 1292 legibuS.
899 1238 1109 1289 Etiamne,
1140 1239 1174 1279 si
1205 1254 1298 1294 quae
1334 1239 1449 1295 leges
1479 1240 1562 1280 sint
1592 1249 1734 1296 tyran·

296 1295 481 1334 nomm?
513 1292 548 1334 si
577 1293 751 1349 triginta
780 1293 840 1335 illi
869 1293 1050 1335 Athenis
1081 1295 1196 1350 leges
1227 1296 1443 1351 imponere
1468 1295 1728 1338 voluissent?

295 1359 385 1400 aut,
416 1350 450 1390 si
480 1364 628 1391 omnes
657 1349 937 1392 Athenienses
969 1350 1274 1393 delectarentur
1303 1351 1529 1408 tyrannicis
1551 1351 1733 1407 legibus,

296 1420 399 1447 num
421 1406 578 1448 idcirco
599 1406 666 1447 hae
690 1406 819 1462 leges,
842 1408 969 1463 justae
998 1407 1279 1449 haberentur?
1313 1408 1459 1459 nihilo,
1479 1409 1621 1458 credo,
1641 1423 1733 1450 ma-

248 1476 285 1507 b.
296 1463 363 1518 gis
392 1462 477 1513 illa,
500 1478 627 1519 quam
660 1470 695 1499 ⁵7
712 1464 891 1504 interrex
920 1473 1060 1505 noster
1082 1464 1193 1515 tulit,
1215 1473 1262 1505 ut
1286 1464 1482 1515 dictator,
1502 1479 1628 1521 quem
1649 1465 1735 1507 vel-

295 1519 356 1560 let
385 1520 553 1570 civium,
582 1519 739 1561 indicta
768 1534 895 1561 causa
923 1520 1094 1575 impune
1124 1530 1266 1576 posset
1296 1521 1502 1562 occidere.
1533 1530 1596 1562 est
1619 1522 1731 1563 enim

294 1591 429 1617 unum
453 1576 540 1632 jus,
562 1591 648 1632 quo
679 1576 870 1617 devincta
898 1585 962 1618 est
992 1576 1212 1618 hominum
1245 1578 1436 1628 societas,
1457 1587 1501 1619 et
1521 1577 1637 1633 quod
1666 1578 1734 1620 lex

295 1632 518 1674 constituit
545 1647 642 1674 una.
663 1648 757 1688 quae
792 1633 859 1674 lex
886 1643 950 1674 est
971 1643 1083 1675 recta
1101 1634 1208 1675 ratio
1236 1634 1468 1689 imperandi
1487 1643 1613 1691 atque
1633 1649 1734 1691 pro-

296 1688 500 1731 hibendi:
532 1703 659 1745 quam
700 1689 771 1745 qui
810 1690 992 1745 ignorat,
1031 1690 1064 1731 is
1101 1698 1165 1732 est
1201 1691 1396 1746 injustus,
1435 1691 1520 1732 sive
1558 1699 1622 1732 est
1660 1690 1732 1732 illa

296 1746 454 1801 scripta
474 1746 654 1802 uspiam,
675 1746 758 1787 sive
787 1760 1008 1802 nusquam.
1066 1747 1197 1789 Quod
1225 1748 1260 1788 si
1289 1746 1456 1803 justitia
1484 1754 1548 1788 est
1567 1747 1734 1788 obtem·

297 1803 459 1868 peratio
491 1803 655 1858 seriptis
686 1802 867 1858 legibus,
902 1803 1187 1858 institutisque
1221 1804 1492 1860 populorum,
1523 1813 1566 1844 et
1604 1803 1653 1854 si,
1686 1811 1735 1845 ut

296 1858 424 1900 1idem
445 1858 604 1908 dicunt,
625 1859 806 1900 utilitate
826 1859 969 1900 omnia
995 1860 1206 1901 metienda
1233 1869 1356 1901 sunt:
1389 1861 1579 1916 negliget
1602 1860 1734 1915 leges,

298 1930 453 1971 easque
481 1923 739 1971 perrumpet,
767 1915 801 1956 si
828 1916 997 1971 poterit,
1019 1915 1070 1967 is,
1101 1917 1173 1971 qui
1202 1916 1280 1958 sibi
1308 1931 1401 1958 eam
1427 1931 1515 1957 rem
1542 1917 1734 1958 fructuo-

298 1987 386 2013 sam
420 1972 586 2028 putabit
614 1973 717 2013 fore.
778 1973 845 2013 Ita
875 1972 932 2023 fit,
965 1981 1014 2013 ut
1041 1973 1157 2014 nulla
1187 1973 1241 2014 sit
1274 1973 1447 2014 omnino
1472 1972 1667 2028 justitia3
1698 1972 1734 2014 si

298 2043 436 2084 neque
456 2039 604 2070 natura
632 2037 710 2079 est,
730 2036 774 2069 et
802 2042 866 2079 ea,
887 2044 981 2085 quae
1004 2038 1175 2084 propter
1202 2029 1427 2071 utilitatem
1447 2029 1735 2080 constituitur,

233 2108 283 2143 43
298 2086 479 2127 utilitate
513 2085 593 2126 alia
628 2084 889 2126 convellitur.
948 2085 1098 2142 Atqui,
1134 2085 1168 2126 si
1207 2095 1354 2127 natura
1385 2095 1422 2118 ⁵8
1440 2085 1736 2128 confirmatum

293 2141 365 2199 jus
397 2157 480 2183 non
512 2142 605 2193 erit,
635 2142 805 2184 virtutes
836 2155 982 2183 omnes
1012 2142 1224 2183 tollentur.
1257 2141 1330 2182 ubi
1360 2142 1472 2183 enim
1492 2141 1735 2194 liberalitas,

300 2198 374 2241 ubi
403 2197 547 2255 patriae
579 2198 744 2250 caritas,
765 2199 840 2239 ubi
868 2198 1014 2253 pietas,
1036 2199 1109 2240 ubi
1132 2207 1211 2242 aut
1240 2199 1347 2239 bene
1376 2198 1562 2239 merendi
1593 2198 1645 2239 de
1673 2198 1737 2240 al-

299 2261 406 2307 tero,
437 2262 509 2296 aut
539 2255 765 2296 referendae
795 2255 942 2311 gratiae
973 2249 1164 2296 volunfas
1194 2255 1351 2311 poterit
1379 2255 1606 2297 exsistere?
1639 2269 1736 2296 nam

298 2310 390 2353 haec
421 2321 649 2354 nascuntur
678 2326 728 2353 ex
758 2326 825 2363 eo,
845 2311 961 2369 quod
989 2323 1139 2353 natura
1166 2312 1364 2368 propensi
1393 2326 1539 2353 sumus
1566 2310 1620 2352 ad
1641 2310 1736 2353 dili-

342 2420 380 2445 52
406 2414 481 2445 Quae
502 2414 526 2444 si
549 2412 697 2454 appellare
712 2426 742 2444 α.
757 2411 797 2453 ᾖ]
818 2414 837 2444 i.
853 2423 880 2443 e.
895 2423 922 2443 s.
940 2423 995 2444 no·
1085 2419 1123 2446 56
1146 2420 1197 2443 aut
1211 2413 1343 2453 legibus?
1363 2413 1496 2442 Etiamne
1514 2412 1588 2451 8⁷0]
1607 2413 1737 2444 Variani

298 2457 421 2489 minare
432 2458 558 2496 sc.jus,
581 2457 631 2487 vel
647 2458 678 2486 in
696 2457 853 2488 auxilium
872 2466 995 2487 vocare.
1040 2458 1093 2487 hic
1124 2457 1206 2494 libri,
1237 2464 1267 2487 et
1304 2457 1497 2495 conjectum»
1526 2458 1735 2487 eruditorum.

298 2500 378 2531 illud
403 2500 502 2541 magis
525 2500 640 2540 placet,
663 2507 786 2540 propter
802 2509 937 2539 sequens
953 2512 996 2529 co·
1041 2501 1188 2540 Uptonus
1212 2501 1250 2531 ad
1272 2501 1428 2530 Arianum
1454 2509 1483 2539 p.
1501 2507 1572 2532 ¹259.
1596 2506 1649 2529 emt
1664 2499 1738 2538 legi-

300 2542 406 2573 lentur.
1041 2544 1103 2580 bus,
1136 2543 1236 2579 etiam,
1264 2544 1287 2572 si
1318 2554 1382 2584 quer
1416 2543 1488 2582 leges
1500 2542 1572 2583 fiant
1604 2550 1737 2583 syranno-

344 2594 383 2617 54
407 2593 458 2616 aut
482 2584 609 2625 incauti]
637 2586 778 2616 Quidam
806 2586 925 2615 habent
951 2592 994 2622 at,
1041 2597 1114 2616 rum.

299 2629 384 2669 quod
400 2630 515 2669 recepit
530 2629 688 2659 Davisius.
705 2639 762 2669 ego
776 2629 889 2659 malim
906 2636 932 2656 ct
947 2629 997 2658 vel
1085 2635 1121 2663 57
1148 2628 1276 2657 interrex
1298 2626 1404 2665 noster]
1430 2629 1464 2658 L.
1482 2628 1624 2658 Flaccus.
1647 2636 1676 2656 v.
1692 2627 1736 2657 A-

300 2678 399 2714 atque.
1037 2681 1115 2709 gras.
1134 2671 1192 2701 ΠΙ.
1207 2680 1239 2700 c.
1258 2679 1287 2701 2.
1306 2682 1336 2701 v.
1348 2671 1436 2700 Clav.
1454 2672 1487 2701 in
1501 2671 1538 2700 L.
1556 2669 1686 2712 Flaccus.

346 2723 383 2746 55
403 2725 469 2757 quae
478 2714 550 2744 scita
559 2713 616 2744 sint
627 2713 696 2753 inp.
709 2713 743 2753 ¹2]
760 2714 993 2753 Mss.qui‹lam,
1083 2720 1121 2744 58
1146 2713 1341 2753 corfirmatum
1356 2715 1407 2753 jus
1432 2724 1484 2742 non
1507 2713 1576 2751 erit]
1596 2712 1647 2742 Sic
1663 2711 1734 2742 edd.

300 2758 396 2788 etiam
422 2757 528 2789 Guelf.
555 2758 623 2794 sita,
649 2758 734 2796 qued
759 2757 800 2796 τῷ·
827 2757 857 2786 in
881 2756 995 2787 melius
1038 2763 1114 2786 vett.
1137 2757 1294 2795 quaedarn.
1320 2757 1402 2792 aliae,
1428 2757 1504 2786 item
1528 2755 1596 2784 libri
1620 2765 1678 2785 scr.
1699 2760 1735 2784 ut

300 2802 461 2837 convenit,
486 2800 544 2831 nisi
569 2800 598 2830 id
622 2800 773 2831 malimus
796 2799 910 2830 delere.
940 2809 995 2840 pro
1039 2799 1145 2829 Guelf.
1172 2799 1387 2838 catyfirmatum.
1420 2799 1495 2830 item
1520 2797 1654 2827 tollentur
1677 2797 1735 2827 ha-

299 2842 372 2881 scita
388 2844 482 2873 etiam
499 2844 619 2883 conjeci
636 2843 714 2874 olim
730 2843 853 2873 sancita.
1039 2842 1116 2873 bem
1131 2842 1199 2872 edd.
1213 2849 1286 2873 vett.
1303 2842 1461 2883 quaedam.
1478 2841 1564 2881 vulg.
1582 2839 1732 2871 tollantur.
