1844 3202
292 114 373 156 750
816 110 894 150 DE
933 110 1195 151 OFFICIIS

182 231 460 273 p.47.se1nper
489 218 530 260 in
561 219 722 260 honore
752 219 832 262 fuit
862 220 1051 276 cognitio
1084 229 1210 277 atque
1242 219 1559 276 interpretatio:
1601 233 1737 275 quam.

252 279 281 300 a.
296 274 465 339 quidem
484 284 580 317 ante
601 276 707 318 hanc
729 278 1020 318 confusionem
1043 287 1285 333 temporum
1306 278 1347 318 in
1370 276 1634 332 possessione
1653 290 1730 316 sua

291 331 502 388 principes
532 333 794 374 retinuerunt
813 350 821 375 :
854 349 965 374 nunc
986 343 1034 375 ut
1055 334 1251 385 honores,
1272 342 1319 375 ut
1344 348 1490 374 omnes
1511 331 1730 388 dignitatis

291 388 465 443 graduS,
486 389 543 430 sic
562 389 690 445 hujus
713 389 896 430 seientiae
912 389 1117 445 splendor
1138 390 1302 431 deletus
1322 400 1386 431 est
1404 407 1413 430 ι
1445 389 1573 445 idque
1594 403 1644 429 eo
1665 388 1730 429 in-

293 444 479 500 dignius,
502 446 616 502 quod
648 461 698 486 co
727 457 919 501 tempore
949 445 1031 487 hoc
1061 447 1258 501 contigit,
1279 453 1314 483 ⁶7
1336 462 1433 487 cum
1456 446 1489 487 is
1510 453 1634 496 esset,
1656 443 1730 500 qui

293 516 440 542 omnes
463 502 710 557 superiores,
732 509 771 534 68
789 502 944 558 quibus
972 503 1134 543 honore
1162 517 1236 557 par
1265 513 1389 551 esset,
1410 502 1584 544 scientia
1605 500 1729 542 facile

293 558 471 599 vicisset.
522 560 627 599 Haeo
649 558 780 613 igitur
801 573 942 614 opera,
965 568 1086 614 grata
1107 558 1267 609 multis,
1286 568 1327 599 et
1346 559 1398 599 ad
1419 558 1629 600 beneficiis
1649 557 1730 598 ob-

229 616 282 657 66
294 614 560 669 stringendos
581 615 774 656 homines
795 615 1130 657 accommodata.
1179 616 1320 671 Atque
1339 615 1437 656 huic
1455 616 1534 657 arti
1556 614 1733 655 finitima

293 681 358 712 est
392 671 558 712 dicendi
591 672 758 727 gravior
787 672 979 723 facultas,
1010 682 1051 713 et
1081 672 1256 727 gratior,
1284 680 1326 712 et
1355 672 1554 714 ornatior.
1612 669 1731 727 Quid

293 728 406 768 enim
443 728 686 783 eloquentia
721 728 1016 784 praestabilius,
1051 729 1110 769 vel
1147 727 1423 769 admiratione
1452 727 1731 776 audientium,

294 785 357 826 vel
394 799 468 840 spe
501 784 796 840 indigentium,
830 785 892 826 vcl
926 799 1088 835 eorum,
1122 784 1195 840 qui
1230 784 1388 825 defensi
1420 794 1531 836 sunt,
1561 783 1728 839 gratia?

292 840 393 882 huic
418 855 588 897 quoque
618 855 722 896 ergo
751 857 776 882 a
810 842 1041 897 majoribus
1071 842 1222 882 nostris
1245 842 1365 882 estin
1391 852 1491 896 toga
1512 839 1731 896 dignitatis

290 898 551 953 principatus
577 897 713 938 datus.
772 898 931 938 Diserti
959 898 1088 953 igitur
1112 898 1310 947 hominis,
1330 907 1370 938 et
1396 897 1514 938 facile
1535 897 1729 938 laboran-

292 954 361 1003 tis,
385 953 586 1009 quod-que
606 954 648 994 in
671 954 814 1008 patriis
836 963 899 994 cst
921 953 1124 1004 moribus,
1145 954 1374 995 multorum
1399 967 1560 1002 causas,
1581 962 1624 994 et
1645 967 1729 994 non

293 1020 477 1065 gravate,
500 1021 541 1051 et
561 1010 759 1065 ‘gratuito
782 1010 1059 1059 defendent-is,
1081 1009 1295 1059 beneficia,
1317 1021 1359 1049 et
1386 1008 1618 1064 patrocinia
1647 1008 1731 1049 late

217 1074 278 1119 ‘⁶7
293 1076 453 1122 patent.
491 1066 766 1107 Admonebat
786 1081 855 1106 me
876 1081 954 1116 res,
978 1077 1022 1106 ut
1043 1065 1123 1107 hoc
1147 1079 1316 1122 quoque
1338 1065 1434 1106 loco
1455 1064 1730 1106 intermissio-

294 1138 389 1165 nem
417 1123 686 1180 eloquentiae,
712 1137 764 1163 ne
793 1123 930 1163 dicam
960 1122 1192 1173 interitum,
1219 1122 1480 1178 deplorarem
1503 1138 1513 1162 z
1545 1121 1586 1162 ni
1615 1135 1731 1162 vere-

294 1195 374 1230 rer,
396 1195 447 1221 ne
473 1187 513 1215 69
528 1180 579 1220 de
610 1180 774 1235 meipso
803 1179 960 1236 aliquid
983 1179 1141 1221 viderer
1161 1180 1294 1235 queri.
1354 1177 1436 1219 Sed
1456 1188 1595 1219 tamen
1616 1177 1731 1219 vide-

294 1252 403 1287 mus,
445 1238 598 1293 quibus
639 1236 854 1277 exstinctis
893 1236 1148 1286 oratoribus,
1188 1250 1314 1292 quam
1354 1236 1396 1275 in
1436 1234 1580 1291 paucis
1620 1249 1731 1290 speS‚

293 1305 452 1349 quanto
482 1296 524 1335 in
554 1293 825 1350 paucioribus
850 1293 1042 1344 facultas,
1065 1307 1192 1348 quam
1220 1292 1261 1332 in
1291 1292 1436 1333 multis
1463 1291 1515 1332 sit
1540 1290 1730 1332 audacia.

295 1351 407 1392 Cum
428 1360 569 1392 autem
591 1365 739 1391 omnes
759 1365 843 1391 non
864 1350 1041 1405 possint,
1063 1365 1115 1390 ne
1138 1349 1261 1390 multi
1293 1348 1479 1405 quidem,
1501 1356 1574 1389 aut
1597 1347 1729 1403 juris-

290 1408 412 1463 periti
445 1422 548 1457 esse,
575 1417 649 1448 aut
679 1406 848 1447 diserti:
881 1407 977 1447 licet
1010 1416 1151 1448 tamen
1182 1419 1311 1461 opera
1342 1404 1540 1461 prodesse
1570 1403 1732 1455 multis,

291 1464 497 1506 beneficia
517 1473 744 1519 petentem,
766 1463 1135 1504 commendantem
1158 1462 1391 1519 judicibuS,
1412 1471 1453 1503 et
1475 1459 1732 1516 magistrati-

291 1522 386 1571 bus,
406 1521 646 1576 vigilantem
669 1535 745 1575 pro
767 1534 808 1560 re
828 1519 1014 1570 alterius,
1028 1534 1099 1560 eos
1119 1520 1246 1574 ipsos,
1261 1519 1331 1574 qui
1350 1528 1423 1559 aut
1439 1517 1732 1568 consuluntur,

292 1587 365 1618 aut
385 1577 631 1627 defendunt,
653 1586 872 1632 rogantem
893 1593 902 1616 ε
931 1576 1047 1632 quod
1078 1577 1150 1631 qui
1179 1576 1351 1626 faciunt,
1374 1574 1601 1630 plurimum
1633 1587 1733 1628 gra-

229 1641 278 1678 68
293 1634 361 1675 tite
385 1645 717 1690 consequuntur,
738 1633 1024 1688 latissimeque
1044 1646 1190 1673 eorum
1213 1641 1354 1673 manat
1376 1630 1593 1672 industria.
1632 1631 1730 1671 Jam

250 1695 279 1724 b·
293 1691 397 1732 illud
431 1706 513 1732 non
542 1698 638 1731 sunt
667 1688 938 1740 admonendi,
961 1692 1040 1743 (est
1066 1688 1177 1729 enim
1202 1689 1243 1729 iu
1264 1690 1450 1743 promtu)
1475 1696 1522 1728 ut
1543 1686 1732 1728 animum

292 1748 521 1799 advertant,
541 1762 637 1788 eum
663 1745 811 1802 juvare
841 1745 945 1787 alios
976 1745 1115 1795 velint,
1143 1759 1193 1786 ne
1224 1759 1332 1801 quos
1362 1744 1592 1785 offendant.
1622 1756 1733 1798 saepe

291 1806 402 1846 enim
436 1815 509 1845 aut
539 1818 612 1844 eos
633 1802 808 1853 laedunt,
830 1816 937 1858 quos
968 1816 1053 1843 non
1082 1802 1269 1852 debent3
1300 1811 1374 1842 aut
1399 1815 1488 1851 eos,
1512 1814 1619 1856 quos
1648 1813 1733 1840 non

292 1861 474 1917 expedit.
496 1861 529 1902 si
549 1859 854 1916 imprudentes,
875 1857 1145 1915 negligentiae
1165 1868 1230 1900 est
1247 1875 1257 1899 z
1289 1858 1322 1899 si
1345 1857 1537 1908 scientes,
1557 1855 1731 1898 temeri-

291 1920 404 1960 tatis.
469 1917 683 1959 Utendum
717 1917 846 1958 etiam
877 1924 942 1957 est
976 1915 1245 1957 excusatione
1274 1914 1470 1956 adversus
1499 1927 1587 1963 eos,
1623 1926 1731 1969 quos

291 1975 446 2017 invitus
478 1973 682 2024 offendas,
712 1986 982 2029 quacumque
1011 1972 1162 2028 possiS,
1183 1986 1311 2028 quare
1341 1971 1398 2021 id,
1423 1969 1538 2027 quod
1569 1968 1732 2019 feceris,

293 2046 464 2073 necesse
481 2031 623 2082 fuerit,
641 2044 718 2071 nec
739 2029 859 2071 aliter
881 2029 1016 2070 facere
1033 2029 1245 2083 potueris:
1275 2027 1510 2083 ceterisque
1529 2024 1669 2082 operis
1689 2033 1732 2066 et

209 2084 282 2133 20
294 2088 439 2130 officiis
461 2087 554 2138 erit,
572 2087 688 2143 quod
710 2086 909 2127 violatum
932 2094 1009 2136 est,
1031 2084 1409 2141 compensandum.
1468 2082 1554 2124 Sed
1573 2097 1670 2124 cum
1690 2081 1733 2123 in

229 2154 280 2202 69
295 2144 541 2186 hominibus
564 2142 760 2200 juvandis
790 2150 863 2184 aut
893 2156 1032 2185 mores
1062 2142 1256 2198 spectari,
1278 2149 1349 2182 aut
1375 2141 1546 2182 fortuna
1570 2139 1732 2180 soleat:

292 2201 410 2243 dictu
433 2200 605 2257 quidem
631 2210 695 2241 est
723 2199 920 2255 proclive,
942 2198 1085 2255 itaque
1106 2197 1235 2254 vulgo
1262 2197 1510 2254 loquuntur,
1531 2209 1574 2237 se
1594 2195 1638 2236 in
1657 2195 1732 2236 be-

291 2258 450 2300 neficiis
485 2256 745 2300 collocandis
783 2270 921 2297 mores
955 2255 1195 2306 hominum,
1232 2269 1316 2296 non
1349 2254 1561 2295 fortunam
1597 2251 1731 2307 sequi.

292 2314 471 2356 honesta
491 2314 626 2355 oratio
649 2322 726 2355 est.
753 2312 825 2354 sed
847 2312 940 2369 quis
959 2321 1024 2354 est
1043 2312 1231 2363 tandem,
1252 2311 1324 2368 qui
1343 2308 1495 2365 inopiS,
1517 2317 1561 2350 et
1581 2307 1732 2364 optimi

289 2371 362 2413 viri
384 2386 520 2413 causae
543 2385 628 2412 non
650 2377 894 2426 anteponat,
916 2368 958 2410 in
989 2382 1117 2424 opera
1141 2367 1292 2418 danda,
1310 2366 1490 2423 gratiam
1513 2364 1733 2416 fortunati,

292 2437 334 2471 et
354 2428 568 2484 potentis?
602 2442 626 2468 a
658 2441 743 2483 quo
774 2426 888 2467 enim
914 2425 1160 2482 expeditior,
1182 2434 1225 2466 et
1249 2423 1424 2467 celerior
1449 2421 1732 2464 remuneratio

292 2485 382 2526 fore
402 2484 578 2535 videtur,
599 2483 641 2524 in
661 2498 760 2525 eum
780 2484 867 2524 fere
887 2492 952 2524 cst
971 2482 1163 2524 voluntas
1185 2490 1329 2523 nostra
1347 2478 1610 2535 propensior.
1645 2477 1730 2519 Sed

291 2540 704 2584 animadvertendum
734 2548 799 2581 est
828 2539 1089 2595 diligentius,
1111 2553 1206 2595 quae
1229 2546 1377 2579 natura
1405 2550 1543 2578 rerum
1565 2534 1634 2576 sit.
1665 2534 1730 2575 ni-

293 2599 447 2640 mirum
467 2598 577 2639 enim
600 2597 722 2652 inops
743 2596 829 2647 ille,
849 2595 882 2637 si
904 2597 1040 2637 bonus
1063 2604 1127 2636 est
1147 2595 1221 2645 vir,
1240 2593 1370 2635 etiam
1396 2593 1430 2634 si
1455 2592 1606 2634 referre
1630 2604 1729 2647 gra-

292 2655 393 2699 tiam
414 2670 498 2696 non
519 2662 673 2710 potest,
696 2653 850 2694 habere
870 2661 983 2694 certe
1003 2660 1157 2709 potest.
1194 2648 1438 2693 Commode
1458 2656 1616 2698 autem,
1635 2647 1730 2704 qui·

334 2774 372 2804 67
393 2779 456 2798 cum
471 2768 496 2798 is
511 2765 594 2807 esset]
611 2765 878 2804 jurisconsultus,
894 2774 938 2797 sc.
953 2764 988 2796 P.
1032 2763 1156 2796 sularis.

291 2811 462 2852 Sulpicius
1077 2813 1118 2840 69
1140 2806 1174 2837 d«
1189 2817 1232 2837 me
1247 2803 1318 2846 ipso]
1339 2804 1446 2837 Immo
1461 2803 1496 2834 de
1509 2813 1554 2833 ne
1568 2802 1637 2843 ipre·

334 2860 373 2886 68
390 2854 492 2897 quibus
508 2853 606 2885 bonore
613 2859 676 2895 par
691 2849 839 2890 (πτῆξε.
853 2857 890 2883 ut
904 2850 990 2882 Con-
