1844 3202
253 232 285 263 b.

171 1869 204 1900 p.
221 1864 292 1889 208.

296 111 373 148 864
787 110 864 148 DE
904 110 1242 151 PETITIONE

298 225 385 258 tate
422 217 615 273 ponenda
643 226 721 260 est.
779 219 1031 261 Amicorum
1067 221 1205 262 studia
1240 219 1467 272 beneficiis,
1497 230 1540 263 et
1569 222 1731 276 officiis,

299 282 339 306 32
353 282 395 314 et
417 283 636 325 vetustate,
656 285 698 316 et
718 276 929 327 facilitate,
950 291 998 317 ac
1017 277 1284 332 jucunditate
1307 287 1464 318 naturae
1494 286 1613 333 parta
1641 293 1733 321 esse

299 340 482 386 oportet.
538 332 621 372 Sed
639 331 721 373 hoc
744 347 897 374 nomen
919 334 1148 374 amicorum
1172 335 1214 374 in
1235 334 1437 390 petitione
1457 334 1582 376 latius
1602 343 1733 391 patet,

299 402 426 443 quam
458 388 498 428 in
530 398 669 428 cetera
694 389 787 430 vita.
847 390 1049 444 Ouisquis
1079 397 1142 430 est
1171 391 1297 441 enim,
1327 406 1399 446 qui
1430 391 1624 433 ostendat
1653 392 1732 437 ali-

298 444 401 500 quid
432 445 474 484 in
504 453 546 485 te
572 444 812 494 voluntatis,
843 461 914 500 qu1
945 446 1070 496 colat,
1103 446 1173 501 qui
1203 446 1377 487 domum
1407 448 1595 499 ventitet,
1627 448 1659 489 is
1689 448 1733 489 in

300 502 532 542 amicorum
557 515 731 541 numero
753 510 816 541 est
837 502 1070 542 habendus.
1129 502 1212 542 Sed
1240 512 1394 553 tamen,
1417 505 1487 559 qui
1510 514 1609 545 sunt
1628 505 1734 545 ami-

301 557 340 598 ci
359 571 408 597 ex
430 572 554 597 causa
580 557 835 608 honestiore,
855 559 1135 612 cognationis,
1156 568 1229 599 aut
1259 559 1482 611 affinitatis,
1505 569 1578 601 aut
1610 561 1733 601 soda-

299 614 444 663 litatis,
474 622 546 654 aut
577 612 753 668 alicujus
784 614 1119 664 necessitudinis,
1151 614 1214 655 his
1245 629 1389 655 carum
1420 625 1462 657 et
1490 616 1732 672 jucundum

300 684 391 710 esse
424 670 606 710 maxime
639 670 825 725 prodest.
885 671 1053 711 Deinde
1084 679 1133 711 ut
1162 671 1340 726 quisque
1371 682 1434 713 est
1463 673 1649 722 intimus,
1685 687 1733 714 ac

300 726 482 768 maxime
512 726 784 777 domesticus,
808 736 854 768 ut
880 727 912 768 is
942 736 1070 778 amet,
1093 736 1134 768 et
1156 742 1280 782 quam
1311 728 1616 782 amplissimum
1646 743 1736 770 esse

301 792 344 824 te
360 783 517 838 cupiat,
538 783 656 823 valde
675 784 977 825 elaborandum
1000 793 1090 825 est:
1123 794 1214 824 tum
1243 793 1290 825 ut
1320 784 1512 848 tribules,
1532 795 1580 826 ut
1599 786 1736 837 vicini,

301 849 350 880 ut
389 840 575 889 clientes,
604 850 653 880 ut
692 840 872 904 denique
909 841 1061 892 liberti,
1093 850 1308 895 postremo
1339 841 1466 882 etiam
1503 842 1606 883 servi
1645 842 1735 884 tui:

300 909 395 935 nam
428 895 514 936 fere
534 904 573 927 ³3³
591 896 728 936 omnis
761 912 900 937 sermo
929 897 981 937 ad
1012 898 1221 938 forensem
1252 897 1408 938 famam
1438 912 1463 938 a
1493 898 1735 940 domesticis

300 962 468 1015 emanat
488 952 744 994 auctoribus.
804 954 1002 1008 Denique
1021 953 1269 994 instituendi
1297 958 1394 994 sunt
1421 954 1628 1010 cujusque
1657 969 1736 1010 ge-

301 1007 410 1048 neris
431 1009 584 1050 amici:
614 1008 667 1049 ad
696 1010 894 1064 speciem,
915 1010 1109 1050 homines
1135 1009 1318 1051 illustres
1344 1009 1502 1050 honore
1528 1025 1577 1051 ac
1601 1011 1740 1051 nomi-

301 1078 380 1114 ne3
413 1065 482 1120 qui
505 1066 630 1106 etiam
657 1065 689 1105 si
721 1066 976 1121 suffragandi
1006 1065 1143 1107 studia
1171 1081 1253 1106 non
1282 1076 1446 1116 naxant,
1468 1075 1610 1107 tamen
1636 1067 1737 1108 affe-

302 1129 401 1161 runt
429 1122 598 1176 petitori
628 1122 787 1177 aliquid
817 1122 1064 1186 dignitatis.
1102 1122 1196 1163 ad
1179 1138 1251 1178 Jus
1282 1122 1573 1173 obtinendum,
1605 1123 1741 1178 magi-

303 1186 486 1218 stratus·
476 1209 486 1227 ,
519 1193 569 1219 ex
591 1179 744 1233 quibus
765 1179 945 1220 maxime
973 1179 1180 1229 consules,
1203 1178 1353 1220 deinde
1384 1179 1550 1220 tribuni
1571 1179 1736 1235 plebis:

302 1234 354 1274 ad
390 1235 668 1275 conficiendas
706 1236 929 1285 centurias,
966 1235 1158 1276 homines
1189 1235 1408 1277 excellenti
1440 1237 1590 1290 gratia.
1650 1237 1740 1278 Qui

301 1290 376 1331 abs
407 1299 448 1331 te
478 1291 651 1342 tribum,
682 1301 754 1332 aut
784 1292 1030 1344 centuriam,
1068 1301 1141 1333 aut
1170 1292 1339 1347 aliquod
1371 1292 1636 1343 beneficium,
1667 1302 1741 1334 aut

301 1347 499 1399 habeant,
525 1357 611 1399 aut,
642 1358 690 1389 ut
719 1349 916 1399 habeant,
950 1360 1146 1403 sperent,
1180 1363 1251 1389 eos
1282 1363 1452 1403 prorsus
1482 1363 1740 1405 magnopere

301 1412 345 1444 et
369 1418 582 1460 compara,
604 1414 646 1446 et
677 1405 891 1446 confirma.
924 1420 1019 1445 nam
1051 1420 1125 1461 per
1156 1405 1232 1445 lios
1263 1420 1393 1446 annos
1426 1405 1617 1446 homines
1647 1420 1738 1446 am-

300 1459 445 1501 bitiosi
473 1461 741 1502 vehementer
771 1462 887 1502 omni
917 1461 1058 1502 studio
1089 1471 1216 1516 atque
1248 1476 1373 1517 opere
1402 1461 1661 1512 laborarunt,
1691 1470 1740 1503 ut

299 1526 473 1572 possent
492 1532 516 1557 a
542 1518 767 1559 tribulibus
793 1519 878 1558 suis
913 1533 974 1567 ea,
996 1534 1089 1574 quae
1122 1527 1326 1572 peterent,
1348 1518 1585 1572 impetrare.
1645 1519 1740 1560 Hos

301 1581 348 1613 tu
388 1574 595 1624 homines,
628 1575 966 1629 quibuscumque
1006 1574 1252 1625 rationibus,
1285 1584 1331 1615 ut
1361 1589 1410 1615 ex
1440 1575 1581 1615 animo
1611 1584 1739 1630 atque

301 1643 352 1671 ex
373 1630 443 1670 illa
464 1645 630 1671 summa
650 1631 866 1671 voluntate
883 1631 943 1671 tui
964 1631 1140 1672 studiosi
1162 1631 1257 1681 sint,
1278 1631 1506 1672 elaborato.
1556 1631 1688 1673 Quod
1706 1632 1741 1672 si

302 1686 401 1727 satis
422 1687 533 1742 grati
555 1686 747 1728 homines
767 1698 920 1738 essent,
943 1687 1034 1728 haec
1056 1687 1198 1728 omnia
1217 1687 1295 1728 tibi
1322 1695 1466 1742 parata
1490 1702 1580 1728 esse
1610 1688 1740 1729 debe-

301 1743 420 1793 bant,
449 1743 558 1785 sicut
584 1752 729 1798 parata
757 1758 847 1784 esse
877 1744 1068 1785 confido:
1102 1759 1196 1784 nam
1230 1744 1310 1786 hoc
1341 1742 1511 1785 biennio
1541 1751 1741 1808 quattuor

304 1800 549 1841 sodalitates
571 1800 723 1841 civium
745 1801 796 1840 ad
824 1801 1100 1842 ambitionem
1122 1800 1525 1855 gratiosissimorum
1553 1800 1631 1841 tibi
1661 1800 1740 1842 ob-·

306 1856 462 1911 ligasti,
494 1858 560 1897 M.
593 1856 810 1906 Fundani,
851 1859 906 1899 O.
939 1857 1081 1908 Gallii,
1115 1858 1166 1898 C.
1200 1856 1400 1907 Cornelii,
1433 1857 1484 1899 C
1517 1857 1740 1899 Orcininix

305 1912 457 1954 horum
492 1914 533 1953 in
563 1914 700 1954 causis
729 1914 782 1955 ad
815 1922 856 1954 te
854 1900 1128 1955 deferundis
1164 1913 1363 1970 quidnam
1395 1928 1541 1955 eorum
1574 1913 1739 1955 sodales

302 1969 381 2010 tibi
418 1970 649 2025 recepeiint
686 1979 728 2013 et
757 1971 1056 2021 confirmarint,
1088 1970 1188 2010 scio.
1221 1985 1314 2010 nam
1347 1970 1533 2011 interfui.
1593 1971 1740 2012 Quare

303 2026 387 2067 hoc
422 2027 498 2068 tibi
530 2026 768 2067 faciendum
806 2036 883 2079 est,
918 2037 965 2068 ut
999 2027 1080 2067 hoc
1109 2038 1300 2081 tempore
1331 2026 1384 2067 ab
1416 2027 1480 2076 iis,
1513 2026 1628 2082 quod
1664 2026 1739 2068 de-

303 2083 418 2132 bent,
451 2083 592 2138 exigas
630 2097 742 2137 saepe
776 2083 1103 2133 commonendo,
1140 2082 1345 2138 rogando,
1377 2091 1416 2114 84
1435 2083 1738 2134 confirmando,

303 2138 521 2189 curando:
567 2147 615 2180 ut
643 2139 894 2194 intelligant,
926 2140 1088 2181 nullum
1121 2154 1164 2180 se
1194 2154 1395 2194 umquam
1428 2139 1543 2181 aliud
1571 2149 1739 2194 tempus

303 2195 523 2237 habituros
556 2195 785 2243 referendae
816 2196 977 2250 gratiae.
1014 2197 1205 2250 profecto
1236 2195 1428 2237 homines
1462 2204 1503 2236 et
1535 2211 1609 2251 spe
1641 2196 1740 2236 reli-

303 2265 485 2307 quorum
521 2261 692 2293 tuorum
725 2252 977 2303 officiorum,
1009 2261 1047 2285 ³5
1065 2252 1194 2293 etiam
1234 2252 1471 2294 recentibus
1511 2252 1739 2305 beneficiis,

301 2307 357 2348 ad
390 2308 575 2349 studium
606 2308 840 2351 navandum
872 2309 1180 2350 excitabuntur.
1238 2310 1294 2351 Et
1329 2308 1502 2349 omnino
1535 2308 1737 2364 quoniam

304 2378 356 2405 eo
376 2378 532 2420 genere
552 2365 830 2406 amicitiarum
859 2366 1007 2420 petitio
1030 2376 1101 2406 tua
1125 2365 1304 2406 maxime
1332 2365 1495 2405 munita
1523 2374 1600 2416 est,
1622 2365 1740 2421 quod

305 2435 524 2463 causarum
552 2420 863 2462 defensionibus
891 2422 1066 2476 adeptus
1095 2435 1166 2461 es:
1197 2421 1263 2464 fac
1294 2430 1342 2462 ut
1370 2421 1531 2476 plane
1522 2421 1571 2462 1is
1599 2422 1743 2463 omni,

304 2477 398 2527 bus,
422 2491 528 2533 quos
558 2476 771 2518 devinctos
801 2488 933 2527 teneS,
963 2478 1220 2532 descriptum
1251 2491 1298 2518 ac
1328 2476 1581 2532 dispositum
1611 2493 1735 2518 suum

305 2533 458 2589 cuique
497 2548 652 2574 munus
683 2534 750 2577 sit.
780 2542 822 2574 et
852 2533 1213 2590 quemadmodum
1251 2533 1407 2575 nemini
1435 2533 1606 2575 illorum
1641 2548 1737 2580 mo-

347 2667 386 2692 32
412 2668 438 2690 et
454 2661 611 2700 vetustate]
632 2662 683 2691 Sc.
699 2662 856 2693 amicitiae.
1085 2669 1126 2693 84
1149 2661 1350 2702 corfirmando]
1368 2662 1405 2692 In
1421 2662 1590 2703 proposito,
1607 2662 1742 2701 promis-

347 2710 386 2734 33
410 2705 498 2734 omnis
513 2705 614 2744 sermo]
639 2705 687 2735 De
707 2704 843 2742 alicujus
859 2705 998 2744 ingenio,
1041 2715 1086 2735 so.

305 2748 460 2784 moribus,
476 2748 620 2780 sensibus
637 2749 695 2778 &c.
718 2749 750 2777 in
774 2748 892 2786 populo
913 2754 942 2777 et
965 2749 997 2777 in
1085 2755 1123 2782 35
1148 2747 1236 2778 etiam
1259 2747 1416 2779 recentibus
1438 2744 1483 2788 ᾰ.]
1514 2746 1633 2778 Melius
1659 2746 1743 2787 foret

304 2790 384 2831 foro,
401 2791 454 2822 ubi
462 2791 649 2833 “frequentes
664 2792 781 2822 coeunt
802 2791 942 2830 quotidie
957 2791 1001 2825 ci·¹
1043 2797 1079 2820 et.

305 2840 368 2863 ΥΟΕ.
