1844 3202
657 110 1056 151 FRAGMENTA.
1491 118 1567 160 9¹5

149 221 223 264 ubi
246 220 358 264 beati
379 232 468 262 aevo
485 219 739 276 sempiterno
766 219 970 261 fruantur.
999 217 1102 259 nihil
1131 224 1195 258 est
1224 217 1334 258 enim
1367 218 1423 259 illi
1455 219 1569 274 prin·

148 279 233 334 cipi
262 279 374 328 Deo,
394 277 467 333 qui
496 291 667 318 omnem
692 276 803 317 hunc
831 274 1035 317 mundum
1057 274 1180 328 regit,
1200 273 1315 328 quod
1335 275 1504 328 quidem
1526 276 1570 316 in

149 335 268 376 terris
305 334 389 385 fiat,
419 332 646 387 acceptius,
687 346 814 388 quam
853 330 1046 380 concilia,
1076 339 1295 385 coetusque
1333 329 1568 382 hominum,

141 390 240 446 jure
268 389 429 439 sociati,
457 403 553 444 quae
581 388 765 430 civitates
794 387 1081 443 appellantur:
1123 385 1270 426 harum
1301 394 1496 438 rectores,
1526 397 1569 428 et

148 456 457 488 conservatores
477 445 573 486 hinc
599 444 791 501 profecti,
812 445 896 485 huc
915 442 1206 496 revertuntur]
1270 443 1313 483 H
1318 441 1355 482 ic
1375 456 1471 496 ego,
1491 444 1570 485 etsi

148 517 261 544 eram
294 500 552 558 perterritus,
586 516 668 542 non
702 510 788 542 tam
825 509 943 541 metu
975 499 1137 548 mortis,
1168 513 1296 553 quam
1325 498 1570 539 insidiarum

148 573 174 599 a
202 558 320 609 meis,
351 557 521 613 quaesivi
551 567 708 608 tamen,
736 557 940 598 viveretne
969 556 1058 611 ipse
1086 564 1129 596 et
1163 554 1331 596 Paullus
1368 562 1499 609 pater,
1529 564 1571 595 et

144 614 230 666 alii,
259 629 366 670 quos
395 627 472 655 nos
501 614 729 656 exstinctos
757 613 1066 654 arbitraremur.
1127 612 1265 652 Immo
1286 625 1396 661 ver0,
1420 611 1570 666 inquit,

147 670 176 712 ii
214 671 367 721 vivunt,
404 670 476 725 qui
514 684 565 711 ex
599 684 824 725 corporum
860 668 1049 718 vinculis,
1082 677 1299 723 tamquam
1333 681 1356 707 e
1393 681 1572 718 carcere,

148 727 442 768 evolaverunt:
485 735 618 767 vestra
647 741 757 775 vero,
787 740 881 780 quae
912 725 1066 765 dicitur
1094 725 1191 774 vita,
1221 738 1334 764 mors
1363 732 1442 764 est.
1471 724 1571 779 quin

149 791 196 823 tu
217 783 392 838 aspicias
411 782 464 823 ad
483 791 525 823 te
545 783 777 823 venientem
804 781 993 822 Paullum
1013 789 1189 836 patrem.
1246 781 1387 836 Quem
1409 789 1458 820 ut
1476 779 1573 830 vidi,

147 839 346 894 equidem
383 839 464 879 vim
510 838 775 879 lacrimarum
810 837 993 893 profudi.
1051 837 1128 878 Ille
1168 846 1308 877 autem
1348 850 1416 876 me
1451 850 1571 877 com-

146 895 310 951 plexus,
331 904 455 951 atque
475 895 682 945 osculans,
702 895 801 935 flere
820 893 1085 949 prohibebat.
1143 894 1288 948 Atque
1307 906 1390 947 ego
1411 902 1457 934 ut
1486 893 1573 947 pri-

147 966 281 1001 mum,
299 952 398 992 fletu
418 966 620 1006 represso,
641 950 757 1006 loqui
776 965 899 1006 posse
918 951 1043 1006 coepi,
1059 951 1232 1006 Quaeso,
1252 949 1437 1005 inquam,
1454 958 1573 1003 pater

149 1008 422 1058 sanctissime,
444 1017 571 1063 atque
590 1008 765 1062 optime,
787 1007 986 1062 quoniam
1010 1006 1100 1047 haec
1121 1015 1184 1047 est
1203 1006 1299 1056 vita,
1323 1008 1388 1058 (ut
1405 1004 1573 1046 Africa-

148 1079 248 1104 num
281 1063 407 1104 audio
438 1063 590 1115 dicere)
627 1063 727 1119 quid
760 1078 902 1104 moror
931 1063 973 1103 in
1002 1062 1152 1104 terris?
1185 1063 1284 1116 quin
1314 1061 1397 1102 huc
1426 1061 1480 1102 ad
1500 1075 1573 1102 vos

146 1121 284 1161 venire
311 1121 521 1174 propero?
552 1121 653 1160 Non
672 1129 735 1160 est
761 1119 832 1169 ita,
854 1119 991 1174 inquit
1012 1119 1096 1160 ille.
1153 1119 1249 1160 Nisi
1278 1118 1397 1159 Deus
1425 1118 1474 1168 is,
1496 1131 1572 1158 cu-

140 1177 213 1232 jus
234 1175 314 1216 boc
334 1176 539 1230 templum
565 1186 628 1216 est
656 1190 795 1226 omne,
815 1176 930 1231 quod
960 1174 1182 1230 conspicis,
1203 1174 1294 1215 istis
1319 1183 1361 1215 te
1386 1174 1578 1229 corporis

146 1231 350 1273 custodiis
380 1232 629 1282 liberaverit,
650 1231 733 1273 hue
759 1232 836 1273 tibi
857 1232 996 1273 aditus
1024 1241 1167 1287 patere
1197 1245 1281 1271 non
1310 1239 1463 1286 potest.
1494 1229 1574 1270 ho-

143 1289 282 1329 mines
302 1288 415 1328 enim
435 1297 532 1329 sunt
552 1288 629 1329 hac
655 1288 749 1343 lege
768 1288 971 1343 generati,
991 1288 1062 1343 qui
1088 1296 1304 1328 tuerentur
1330 1286 1449 1328 illum
1477 1286 1574 1341 glo·

141 1346 265 1395 bum,
285 1358 413 1400 quem
431 1345 474 1385 in
493 1344 574 1386 hoc
595 1345 756 1400 templo
775 1345 963 1386 medium
982 1344 1109 1394 vides,
1131 1359 1224 1399 quae
1252 1352 1362 1384 terra
1390 1343 1543 1384 dicitur
1561 1359 1572 1383 ε

147 1400 295 1456 hisque
329 1400 493 1441 animus
532 1401 654 1442 datus
684 1410 748 1443 est
777 1415 828 1442 ex
857 1401 938 1442 illis
968 1400 1233 1455 sempiternis
1261 1399 1447 1454 ignibus,
1477 1414 1573 1454 quae

145 1456 295 1508 sidera,
316 1467 360 1498 et
389 1457 527 1498 stellas
547 1456 733 1498 vocatis:
764 1472 859 1512 quae
889 1457 1096 1512 globosae,
1117 1464 1160 1497 et
1189 1455 1395 1506 rotundae,
1426 1455 1574 1496 divinis

144 1513 340 1555 animatae
365 1513 576 1554 mentibus
596 1513 776 1554 circulos
796 1527 911 1563 suos,
931 1514 1137 1568 orbesque
1164 1512 1406 1561 conficiunt,
1427 1511 1574 1552 celeri-

121 1579 232 1618 „tate
252 1569 446 1610 mirabili.
504 1571 647 1626 Quare
666 1579 710 1610 et
730 1570 822 1619 tibi,
841 1569 977 1619 Publi,
997 1578 1040 1610 et
1058 1569 1138 1624 piis
1162 1568 1362 1609 omnibus
1391 1567 1574 1608 retinen-

144 1625 223 1667 dus
243 1634 306 1666 est
325 1626 490 1667 animus
512 1627 552 1666 in
572 1625 765 1666 custodia
783 1625 985 1681 corporis,
1006 1639 1083 1670 nec
1112 1624 1276 1680 injussu
1306 1624 1413 1680 ejus,
1433 1638 1458 1664 a
1486 1638 1573 1679 quo

144 1682 215 1724 ille
244 1691 308 1722 est
339 1683 457 1722 vobis
488 1681 626 1732 datus,
658 1696 709 1722 ex
742 1682 960 1722 hominum
995 1681 1078 1722 vita
1108 1679 1378 1736 migrandum
1413 1689 1491 1730 est,
1522 1694 1575 1721 ne

144 1753 300 1779 munus
336 1738 566 1779 humanum
599 1737 861 1793 assignatum
890 1752 915 1778 a
953 1739 1065 1787 Deo,
1097 1736 1308 1791 defugisse
1336 1736 1574 1784 videamini.

146 1795 230 1836 Sed
259 1795 332 1844 sic,
354 1794 509 1850 Scipio,
529 1805 577 1835 ut
597 1809 697 1835 avus
724 1794 792 1835 hic
822 1803 935 1845 tuus,
956 1804 1004 1835 ut
1031 1808 1128 1848 ego,
1159 1793 1233 1849 qui
1261 1801 1304 1833 te
1333 1792 1477 1847 genui,
1498 1793 1574 1848 ju-

147 1851 303 1892 stitiam
333 1851 439 1900 cole,
461 1860 504 1891 et
532 1850 760 1905 pietatem:
792 1865 901 1906 quae,
922 1865 1021 1891 cum
1052 1851 1106 1891 sit
1134 1862 1292 1904 magna
1318 1848 1360 1889 in
1389 1849 1574 1904 parenti-

145 1908 241 1958 bus,
276 1917 320 1948 et
346 1907 606 1962 propinquis,
628 1917 720 1948 tum
752 1907 794 1947 in
825 1906 961 1961 patria
988 1907 1172 1948 maxima
1200 1914 1292 1946 est:
1325 1919 1374 1946 ea
1393 1905 1490 1955 vita,
1510 1905 1575 1945 via

143 1974 209 2005 est
229 1964 271 2004 in
291 1963 464 2013 coelum,
484 1973 527 2004 et
559 1963 600 2003 in
630 1962 742 2004 hunc
771 1972 931 2003 coetum
963 1977 1126 2013 eorum,
1158 1961 1231 2018 qui
1258 1961 1349 2017 jam
1370 1961 1574 2010 vixerunt,

144 2031 186 2061 et
215 2033 391 2075 corpore
419 2019 560 2069 laxati,
589 2018 708 2060 illum
748 2018 940 2061 incolunt
972 2019 1132 2069 locum,
1160 2032 1285 2074 quem
1317 2017 1445 2063 vides.
1484 2027 1575 2059 erat

145 2087 288 2118 autem
319 2076 353 2117 is
383 2075 720 2131 splendidissimo
748 2075 930 2117 candore
960 2075 1067 2116 inter
1095 2076 1286 2123 flammas
1315 2073 1450 2115 circus
1481 2074 1572 2114 elu-

144 2148 260 2183 cens,
281 2147 408 2188 quem
429 2146 515 2182 VOS,
533 2141 582 2173 ut
607 2146 633 2173 a
653 2131 792 2173 Graiis
819 2131 1052 2186 accepistiS,
1074 2131 1221 2179 orbem
1250 2130 1436 2171 lacteum
1467 2145 1574 2171 nun-

146 2189 337 2245 cupatis:
366 2203 416 2229 ex
445 2203 532 2243 quo
558 2189 700 2230 omnia
723 2188 828 2229 mihi
859 2187 1162 2243 contemplanti
1191 2187 1391 2242 praeclara
1419 2196 1573 2237 cetera,

145 2254 189 2286 et
219 2244 425 2286 mirabilia
447 2244 706 2286 videbantur.
733 2253 852 2286 erant
880 2253 1023 2286 autem
1050 2258 1110 2285 eae
1145 2243 1292 2294 stellae,
1313 2257 1417 2298 quas
1447 2258 1572 2284 num-

137 2316 278 2358 ·quam
306 2315 358 2343 ex
385 2301 469 2342 hoc
497 2300 595 2342 loco
623 2301 833 2342 vidimus:
863 2310 907 2342 et
934 2315 995 2341 eae
1024 2299 1337 2355 magnitudines
1366 2300 1572 2349 omnium,

149 2371 254 2415 quas
285 2371 374 2398 esse
407 2371 638 2412 numquam
673 2357 871 2413 suspicati
907 2371 1085 2398 sumus:
1116 2371 1167 2396 ex
1193 2355 1346 2411 quibus
1379 2365 1468 2396 erat
1502 2355 1575 2396 illa

146 2413 336 2464 minima,
353 2428 447 2469 quae
467 2413 617 2455 ultima
635 2414 761 2465 coelo,
780 2413 927 2455 citima
942 2413 1076 2461 terris,
1103 2412 1199 2453 luce
1226 2412 1397 2454 lucebat
1424 2412 1574 2453 aliena.

146 2470 361 2514 stellarum
381 2478 523 2511 autem
543 2469 665 2525 globi
685 2479 806 2511 terrae
837 2468 1171 2524 magnitudinem
1198 2468 1319 2510 facile
1338 2468 1573 2509 vincebant.

150 2530 247 2571 Jam
267 2526 358 2581 ipsa
374 2535 485 2567 terra
502 2526 562 2568 ita
580 2527 686 2568 mihi
711 2541 836 2582 parva
853 2526 938 2567 visa
961 2535 1039 2576 est,
1058 2533 1106 2567 ut
1135 2539 1205 2565 me
1231 2524 1395 2580 imperii
1426 2524 1573 2573 nostri,

146 2598 235 2640 quo
254 2582 374 2638 quasi
399 2591 604 2638 punctum
623 2583 714 2639 ejus
734 2581 995 2637 attingimuS,
1014 2581 1250 2637 poeniteret.
1308 2582 1449 2636 Quam
1471 2594 1569 2621 cum
1582 2583 1611 2618 4

145 2639 283 2695 magis
321 2638 518 2689 intuerer,
552 2640 725 2696 Quaeso,
754 2639 891 2695 inquit
918 2637 1158 2687 Africanus,
1190 2651 1412 2692 quousque
1451 2636 1572 2678 humi

149 2696 284 2738 defixa
301 2704 376 2736 tua
402 2709 522 2738 mens
539 2695 651 2736 erit?
683 2710 821 2737 nonne
850 2693 1044 2749 adspicis,
1073 2709 1169 2749 quae
1199 2694 1242 2734 in
1271 2693 1429 2747 templa
1446 2706 1571 2733 vene-

149 2753 240 2795 ris?
273 2765 422 2792 novem
452 2751 530 2792 tibi
563 2751 752 2802 orbibus,
785 2751 850 2791 vel
883 2750 1024 2805 potius
1056 2750 1213 2805 globis,
1248 2763 1436 2789 connexa
1471 2757 1573 2789 sunt

151 2807 316 2852 omnia:
347 2821 528 2864 quorum
555 2822 662 2851 unus
690 2818 755 2850 est
780 2805 977 2856 coelestis,
997 2807 1193 2858 extimus,
1213 2805 1286 2862 qui
1315 2804 1498 2862 reliquos
1522 2818 1577 2846 0-

887 2875 1014 2919 3⁸4
