1844 3202
588 110 772 151 LIBER
805 107 1089 148 TERTIUS.
1480 113 1558 157 773

125 220 193 266 lus
211 228 305 273 est3
335 232 557 278 perpaucae
583 231 649 260 res
679 225 792 270 sunt,
813 217 855 259 in
880 216 1034 274 quibus
1065 214 1189 257 dolus
1215 213 1294 256 iste
1320 216 1457 260 malus
1475 231 1561 260 non

123 289 335 329 versetur:
365 279 449 320 sive
478 277 539 318 vir
564 275 701 316 bonus
730 284 796 316 est
822 274 873 325 is,
897 273 970 330 qui
999 271 1190 329 prodest,
1220 271 1374 327 quibus
1403 283 1561 330 potest,

124 345 250 377 nocet
270 335 438 385 nemini,
460 341 495 366 ⁸¹
510 341 624 374 certe
646 331 774 374 istum
794 331 927 373 virum
948 331 1111 372 bonum
1133 343 1218 369 non
1239 328 1362 369 facile
1381 331 1562 385 reperie-

125 407 235 434 mus.
293 393 542 445 Numquam
572 389 703 444 igitur
732 398 796 431 est
824 388 929 430 utile
960 399 1149 444 peccare,
1176 385 1274 441 quia
1303 399 1469 440 semper
1497 395 1563 428 est

125 457 268 504 turpe:
291 455 349 498 et,
366 449 464 502 quia
480 461 646 502 semper
666 454 730 487 est
748 446 990 496 honestum,
1001 444 1137 486 virum
1157 442 1319 484 bonum
1340 456 1432 483 esse
1450 456 1561 483 sem-

124 519 200 562 per
219 512 284 546 est
301 503 419 545 utile.
1423 499 1434 513 ⁸

179 561 247 602 Ac
267 561 319 601 de
333 560 428 617 jure
448 559 620 616 quidern
643 558 899 616 praediorum
921 556 1130 599 sancitum
1151 565 1216 598 est
1233 554 1348 612 apud
1369 569 1445 596 nos
1464 553 1562 610 jure
1582 551 1648 605 16

122 616 248 667 civili,
270 625 316 658 ut
347 617 388 658 in
417 616 481 657 his
510 616 735 658 vendendis
762 615 862 657 vitia
890 614 1142 666 dicerentur,
1173 629 1268 670 quae
1297 622 1400 654 nota
1425 620 1564 653 essent
1576 627 1625 666 65

122 673 344 726 venditori.
401 674 533 724 Nam,
556 687 653 714 cum
675 687 725 714 ex
745 686 822 714 ΧΠ
845 671 999 713 tabulis
1022 672 1121 713 satis
1142 679 1254 712 esset
1284 684 1334 711 ea
1359 668 1564 724 praestari,

124 745 220 786 quae
251 737 391 772 essent
419 730 565 785 lingua
594 738 863 786 nuncupata3
906 743 1002 784 quae
1034 736 1072 760 ⁸2
1090 728 1164 784 qui
1198 727 1407 769 inficiatus
1439 733 1567 775 esset,

123 787 241 843 dupli
262 801 431 841 poenam
452 787 614 829 subiret
633 803 642 827 :
674 801 698 827 a
717 785 1020 842 jureconsultis
1039 785 1165 827 etiam
1187 783 1417 826 reticentiae
1438 796 1568 838 poena,

124 854 190 885 est
209 845 454 885 constituta.
513 843 735 900 Quidquid
756 842 867 884 enim
884 851 994 884 esset
1012 842 1053 883 in
1073 841 1233 898 praedio
1249 841 1351 892 vitii,
1368 839 1411 881 id
1431 848 1568 880 statu-

123 912 261 952 erunt,
282 901 316 942 si
346 900 539 942 venditor
568 901 706 951 sciret,
735 900 812 941 nisi
843 899 1090 940 nominatim
1121 899 1284 940 dictum
1312 904 1436 948 esset,
1458 910 1570 951 prae-

125 960 225 998 stari
257 967 467 1014 oportere.
528 957 605 1008 Ut,
639 971 735 998 cum
769 957 812 998 in
842 971 937 998 arce
967 956 1191 1012 augurium
1223 968 1405 1010 augures
1431 953 1566 994 acturi
1580 965 1610 995 Ρ·
1629 960 1679 988 ⁶⁵·

125 1006 603 1071 esseiit,Jussissentque
630 1015 680 1056 T.
705 1013 934 1055 Claudium
959 1012 1277 1062 Centumalum,
1299 1011 1372 1066 qui
1394 1009 1506 1051 aedes
1524 1010 1565 1050 in
1579 1011 1634 1081 ²16

128 1070 266 1112 Caelio
287 1080 433 1112 monte
455 1070 651 1121 habebat,
671 1070 866 1112 demoliri
888 1078 925 1102 83
943 1084 1006 1120 ea,
1024 1084 1207 1126 quorum
1227 1067 1408 1109 altitudo
1426 1049 1604 1108 office-0

126 1138 193 1169 ret
217 1128 442 1183 auspiciis:
477 1127 681 1168 Claudius
713 1127 959 1183 proscripsit
986 1127 1184 1176 insulam,
1215 1124 1424 1165 vendidit:
1467 1123 1572 1164 emit

130 1184 174 1224 P.
199 1183 453 1239 Calpurnius
483 1185 702 1226 Lanarius.
741 1184 840 1224 huic
870 1184 922 1224 ab
953 1184 1184 1238 auguribus
1215 1181 1322 1222 illud
1352 1181 1465 1222 idem
1495 1179 1573 1220 dea

129 1242 370 1283 nuntiatum
393 1251 472 1281 est.
534 1241 683 1296 Itaque
706 1240 962 1296 Calpurnius
983 1254 1083 1282 cum
1105 1238 1333 1280 demolitus
1353 1246 1477 1287 esset,
1498 1250 1576 1277 co-

127 1307 403 1354 gnossetque,
428 1296 655 1338 Claudium
680 1297 790 1338 aedes
811 1306 959 1352 postea
979 1295 1290 1352 proscripsisse,
1313 1309 1441 1350 quam
1462 1302 1578 1335 esset·

128 1355 183 1396 ab
212 1355 445 1409 auguribus
476 1353 670 1395 demoliri
692 1354 853 1409 jussuS,
878 1354 1085 1395 arbitrum
1113 1353 1232 1394 illum
1265 1351 1425 1406 adegit,
1447 1350 1575 1407 quid·

129 1411 231 1468 quid
253 1412 333 1452 sibi
353 1411 466 1462 dare,
490 1411 627 1452 facere
648 1419 863 1466 oporteret
883 1425 934 1452 ex
956 1410 1036 1451 fide
1057 1410 1184 1451 bona.
1243 1409 1309 1449 M.
1339 1408 1449 1449 Cato
1478 1421 1575 1449 sen-

130 1469 307 1517 tentiam
329 1468 448 1519 dixit,
469 1467 597 1523 hujus
623 1468 756 1509 nostri
787 1467 962 1509 Catonis
991 1475 1126 1522 pater.
1158 1477 1207 1507 ut
1233 1465 1346 1506 enim
1375 1464 1504 1505 ceteri
1523 1478 1577 1506 ex

128 1524 333 1582 patribuS,
352 1525 426 1576 sic,
443 1524 516 1580 qui
536 1524 682 1565 lumen
702 1523 807 1566 illud
829 1524 1072 1580 progenuit,
1089 1538 1141 1564 ex
1160 1522 1246 1564 filio
1267 1531 1331 1564 est
1351 1521 1575 1562 nominan-

129 1581 224 1630 dus.
285 1582 327 1622 Is
356 1581 489 1638 igitur
511 1580 648 1637 judex
676 1582 736 1623 ita
763 1581 1074 1637 pronuntiavit:
1106 1594 1205 1621 cum
1231 1579 1273 1620 in
1295 1577 1575 1620 venundando

130 1653 219 1680 rem
241 1653 336 1680 eam
356 1638 518 1689 scisset,
538 1647 583 1679 et
603 1653 688 1680 non
710 1637 1038 1694 pronuntiasset,
1058 1636 1213 1677 emtori
1239 1636 1441 1677 damnum
1464 1649 1575 1690 prae-

131 1694 231 1737 stari
253 1703 462 1751 oportere.
521 1694 662 1749 Igitur
682 1695 734 1736 ad
755 1694 880 1736 fidem
906 1694 1064 1736 bonam
1084 1694 1232 1735 statuit
1252 1692 1475 1748 pertinere,
1496 1706 1573 1733 no·
1587 1699 1637 1745 67

132 1759 226 1799 tum
246 1766 336 1794 esse
354 1751 507 1793 emtori
529 1751 692 1803 vitium,
714 1751 830 1808 quod
850 1760 994 1793 nosset
1012 1750 1217 1792 venditor.
1256 1749 1387 1807 Quod
1408 1748 1443 1789 si
1461 1757 1577 1790 reete

127 1807 338 1864 judicavit
357 1826 366 1849 :
398 1823 484 1850 non
515 1816 629 1850 recte
656 1808 955 1850 frumentarius
979 1807 1064 1859 ille,
1087 1821 1172 1849 non
1192 1817 1306 1848 recte
1327 1805 1482 1848 aedium
1501 1819 1579 1861 pe-

133 1865 367 1913 stilentium
390 1865 580 1907 venditor
600 1864 749 1907 tacuit.
778 1865 853 1906 sed
873 1863 1119 1921 hujusmodi
1139 1863 1368 1905 reticentiae
1390 1863 1491 1919 jure
1517 1863 1580 1904 ci-

133 1921 204 1964 vili
232 1936 379 1964 omnes
406 1921 708 1977 comprehendi
741 1936 823 1963 non
858 1930 1063 1977 possunt:
1096 1936 1190 1976 quae
1219 1930 1363 1961 autem
1383 1927 1578 1975 possunt,

132 1977 358 2035 diligenter
380 1987 590 2025 tenentur.
635 1979 703 2020 M.
723 1979 889 2020 Marius
910 1977 1197 2028 Gratidianus,
1219 1976 1481 2032 propinquus
1501 1991 1580 2017 no-

137 2044 236 2087 ster,
257 2035 310 2077 C.
331 2035 656 2091 SergioOratae
686 2035 929 2076 vendiderat
959 2034 1069 2075 aedes
1098 2049 1183 2084 eas,
1211 2048 1314 2089 quas
1342 2033 1396 2074 ab
1424 2032 1577 2074 eodem

135 2092 227 2148 ipse
259 2092 404 2147 paucis
437 2101 535 2137 ante
567 2092 685 2133 annis
716 2101 890 2133 emerat.
922 2091 988 2132 hae
1020 2090 1171 2146 Sergio
1201 2090 1461 2131 serviebant:
1503 2089 1579 2130 sed

135 2148 219 2190 hoc
248 2149 291 2190 in
319 2149 534 2204 mancipio
559 2149 725 2190 Marius
747 2164 832 2190 non
852 2148 1028 2190 dixerat.
1084 2147 1288 2188 Adducta
1308 2161 1374 2188 res
1394 2146 1437 2187 in
1459 2145 1587 2202 judi-

136 2206 250 2247 cium
271 2216 350 2247 est.
411 2206 585 2247 Oratam
609 2205 804 2257 Crassus,
825 2205 1124 2247 Gratidianum
1154 2203 1411 2245 defendebat
1438 2205 1580 2244 Anto-

140 2262 247 2303 nius.
271 2263 345 2319 jus
375 2262 554 2304 Crassus
580 2263 786 2317 urgebat:
815 2262 930 2318 quod
954 2261 1043 2302 vitii
1071 2261 1263 2303 venditor
1293 2275 1378 2301 nou
1407 2259 1581 2301 dixisset

141 2318 290 2370 sciens,
310 2319 354 2361 id
374 2328 571 2375 oportere
590 2319 805 2374 praestari:
837 2319 1082 2374 aequitatem
1100 2318 1315 2359 Antonius
1335 2334 1344 2358 ε
1376 2316 1580 2372 quoniam

141 2373 183 2415 id
203 2374 347 2416 vitium
368 2376 567 2432 ignotum
587 2376 738 2431 Sergio
759 2391 845 2417 non
866 2375 1028 2426 fuisset,
1050 2383 1088 2407 84
1099 2375 1171 2431 qui
1192 2375 1283 2415 illas
1304 2373 1414 2415 aedes
1436 2373 1581 2415 vendi-

142 2430 285 2483 disset,
307 2432 412 2474 nihil
431 2433 559 2474 fuisse
580 2447 750 2474 necesse
777 2433 886 2474 dici:
918 2447 994 2474 nec
1015 2446 1112 2474 eum
1133 2445 1223 2473 esse
1243 2430 1484 2487 deceptum,
1507 2429 1622 2486 quib.

186 2562 223 2586 81
249 2561 325 2585 certe
347 2555 433 2585 istum
455 2555 556 2585 virum
579 2553 836 2595 b.—rcperiemus]
883 2562 949 2586 tem
973 2555 1106 2591 aedium,
1129 2563 1204 2593 quae
1230 2560 1354 2593 propter
1378 2553 1582 2583 altitudinem

141 2598 194 2628 Sic
208 2608 286 2629 cum
303 2599 429 2628 Graevio
444 2599 523 2629 edidi
545 2609 600 2638 pro
622 2600 751 2639 vulgato
767 2606 840 2629 ante
882 2599 1024 2629 officeret
1047 2599 1219 2637 augurium
1250 2597 1428 2635 agentibus.
1475 2595 1582 2635 Vulgo

145 2647 219 2671 recte
237 2641 353 2681 justum
379 2641 480 2670 virum
504 2641 531 2671 b.
558 2653 587 2672 n.
606 2643 642 2682 f.
672 2643 839 2682 reperimus,
885 2653 942 2678 eas,
967 2652 1100 2683 quarum.
1124 2651 1190 2670 non
1217 2641 1308 2670 bene.
1333 2649 1398 2669 non
1421 2639 1509 2669 enim
1533 2639 1582 2670 in·

143 2684 230 2722 quod
251 2685 319 2714 sine
338 2685 437 2714 dubio
455 2685 605 2715 vitiosum
626 2693 695 2724 cst3
719 2685 842 2725 reperie-
884 2691 984 2723 tegras
999 2685 1080 2714 ae-:les
1096 2683 1360 2721 demolirijussus
1375 2690 1432 2711 est.

145 2737 207 2756 mus
223 2733 268 2757 est
284 2727 315 2758 in
332 2729 399 2758 edd.
417 2727 486 2757 Col.
503 2727 592 2766 Nlog.
930 2734 969 2758 84
993 2727 1044 2768 qui
1066 2726 1134 2756 illas
1156 2726 1230 2755 aedcs
1249 2723 1437 2762 vendidisset]
1456 2724 1582 2764 Nempe

190 2776 228 2800 82
254 2770 304 2811 qui
327 2770 473 2810 itficiatus
496 2769 580 2810 esset]
607 2771 626 2800 i.
645 2780 674 2801 e.
696 2772 751 2810 qui
776 2779 842 2800 non
885 2777 979 2800 antea
1005 2770 1075 2800 sibi.
1108 2770 1160 2799 sed
1186 2768 1300 2799 malim
1325 2767 1385 2806 legi
1411 2767 1458 2796 cui
1488 2767 1554 2797 illas
1570 2779 1582 2797 .-

145 2819 315 2853 praestaret‚
331 2823 428 2852 seque
444 2814 658 2853 praestiturum
675 2820 812 2853 negaret.
887 2823 1004 2853 nempe
1031 2820 1203 2852 propterea,
1227 2812 1303 2850 quia
1326 2818 1400 2840 ante
1423 2810 1492 2848 ejus
1514 2812 1583 2843 sue-

191 2862 230 2886 83
253 2867 299 2893 ea,
316 2867 435 2898 quorum
456 2856 593 2896 altitudo]
611 2857 630 2888 i.
643 2866 671 2887 e.
687 2867 758 2888 eam
775 2866 843 2896 par·
888 2857 962 2895 rint,
976 2863 1012 2887 ut
1027 2865 1077 2887 eas
1092 2856 1166 2887 satis
1181 2860 1270 2885 notas
1285 2854 1442 2886 habuerit.
