1844 3202
285 104 364 141 660
813 106 890 146 DE
927 107 1187 146 LEGIBUS

284 210 436 262 habeo,
466 226 593 268 quam
624 212 765 269 petivi.
809 224 972 255 tantum
1005 230 1174 270 ponam,
1204 222 1243 247 86
1258 215 1346 257 erui
1377 215 1591 270 duplicem
1620 230 1713 272 poe-

285 282 382 308 nam
403 281 493 309 esse
513 269 709 320 divinam,
730 271 845 325 quod
865 279 902 307 37
916 281 1126 312 constaret
1143 281 1187 313 et
1205 272 1396 313 vexandis
1418 273 1602 314 vivorum
1624 273 1715 314 ani-

284 323 391 374 mis3
416 334 459 366 et
477 340 525 366 ea
547 326 657 368 fama
678 337 957 378 mortuorum,
981 339 1027 368 ut
1048 343 1195 369 eorum
1216 329 1387 370 exitium
1409 340 1451 370 et
1472 329 1636 386 judicio
1655 329 1715 370 vi-

283 394 445 432 vorum,
464 392 507 423 et
526 383 684 438 gaudio
706 384 1020 439 comprobetur.

206 435 271 482 18
340 437 449 493 Agri
468 449 610 480 autem
641 455 692 480 ne
719 449 1030 490 consecrentur,
1050 449 1090 472 ³8
1110 441 1271 483 Platoni
1292 456 1459 497 prorsus
1480 440 1684 483 assentior
1704 456 1714 481 ε

220 493 371 548 45qui,
405 495 438 536 si
472 495 600 536 modo
632 496 895 552 interpretari
932 506 1126 551 potuero,
1159 497 1223 538 his
1254 498 1339 538 fere
1377 499 1510 539 verbis
1548 498 1713 537 utitur:

283 554 312 574 “
331 551 459 593 Terra
479 551 622 606 igitur,
637 561 684 593 ut
704 554 824 593 focus
844 552 1171 602 domiciliorum,
1189 568 1302 595 sacra
1324 554 1498 595 deorum
1521 554 1713 595 omnium

282 609 312 631 “
329 616 406 648 est.
466 608 678 664 Quocirca
703 624 754 650 ne
786 608 878 664 quis
905 609 1058 650 iterum
1085 610 1195 651 idem
1227 624 1486 651 consecrato.
1548 612 1715 650 Aurum

283 667 310 687 “
332 673 489 714 autem,
510 674 552 704 et
570 676 792 720 argentum
827 666 869 706 in
897 665 1071 707 urbibus
1096 677 1139 707 et
1171 666 1377 721 privatim,
1399 679 1441 707 et
1461 667 1502 707 in
1522 666 1628 707 fanis
1649 665 1714 706 in-

283 723 312 743 “
334 719 492 761 vidiosa
520 736 584 762 res
616 730 693 762 est.
751 723 861 763 Tum
889 722 993 763 ebur
1014 730 1054 756 2³9
1072 738 1120 764 ex
1141 723 1252 765 inani
1272 737 1447 779 corpore
1468 731 1716 772 extractum,

283 780 311 799 “
333 775 444 817 haud
480 777 579 818 satis
614 787 777 819 castum
814 779 972 819 donum
1009 779 1105 820 deo.
1162 780 1257 821 Jam
1294 795 1348 820 aes
1382 789 1508 835 atque
1542 781 1715 828 ferrum,

283 836 312 856 “
333 832 461 874 duelli
496 834 789 886 instrumenta,
823 850 907 876 non
943 836 1042 877 fani.
1100 836 1309 891 Ligneum
1348 846 1506 884 autem,
1542 844 1583 867 ⁴0
1599 834 1715 890 quod

282 892 312 912 “
331 890 426 985 guis
448 890 637 941 voluerit,
658 906 743 932 uno
775 906 797 932 e
828 892 944 947 ligno
979 892 1186 944 dedicato,
1209 893 1394 948 itemque
1424 892 1652 948 lapideum,
1674 891 1716 931 in

282 949 311 969 “
361 945 516 987 elubris
546 948 859 988 communibus.
918 949 1082 990 Textile
1113 964 1163 989 ne
1194 949 1426 1004 operosius,
1458 964 1583 1004 qnam
1619 963 1715 988 mu-

282 1005 310 1024 “
331 1000 442 1041 lieris
472 1017 578 1057 opus
604 1013 883 1045 menstruum.
913 1005 1032 1045 color
1052 1015 1191 1045 autem
1215 1005 1334 1046 albus
1357 1006 1567 1060 praecipue
1587 1004 1716 1044 deco-

281 1060 311 1081 “
332 1072 401 1098 rus
432 1057 513 1099 deo
543 1069 609 1099 est
638 1068 729 1099 tum
761 1060 802 1100 in
831 1061 994 1110 ceteris,
1015 1070 1105 1101 tum
1137 1061 1317 1102 maxime
1345 1062 1386 1101 in
1407 1062 1554 1102 textili.
1586 1061 1717 1101 tincta

281 1117 309 1137 ‘⁶
330 1128 426 1154 vero
447 1115 599 1164 absint,
620 1115 698 1156 nisi
729 1131 754 1156 a
785 1116 946 1158 bellicis
971 1117 1220 1173 insignibus.
1279 1117 1549 1159 Divinissima
1573 1127 1715 1157 autem

281 1174 310 1194 “
328 1169 452 1221 dona,
484 1185 577 1212 aves
610 1180 653 1212 et
686 1173 833 1214 formae
869 1173 922 1214 ab
952 1189 1038 1215 uno
1073 1174 1231 1229 pictore
1263 1189 1347 1215 uno
1378 1174 1582 1214 absolurae
1617 1173 1715 1214 die:

281 1230 309 1250 ‘⁶
332 1226 520 1283 itemque
541 1237 679 1269 cetera
704 1229 831 1285 hujus
853 1231 1036 1285 exempli
1056 1231 1167 1271 dona
1188 1231 1358 1272 sunto.''
1418 1231 1525 1271 Haec
1546 1230 1603 1270 illi
1626 1230 1716 1285 pla-

281 1293 393 1324 cent.
425 1284 497 1324 sed
519 1299 602 1340 ego
623 1294 763 1327 cetera
784 1302 867 1327 non
896 1297 982 1327 tam
1002 1287 1191 1328 restricte
1212 1288 1413 1343 praefiniO,
1435 1296 1471 1319 ⁴1
1493 1286 1554 1329 vel
1575 1286 1715 1327 bomi-

281 1354 381 1380 num
417 1340 541 1391 vitiis,
573 1341 636 1382 vel
672 1342 868 1384 subsidiis
904 1353 1142 1399 temporum
1174 1344 1320 1385 victus.
1379 1345 1519 1384 Terrae
1551 1342 1715 1384 cultum

280 1397 520 1452 segniorem
559 1398 750 1453 suspicor
783 1400 888 1450 fore,
925 1400 959 1440 si
995 1409 1034 1432 42
1054 1400 1107 1440 ad
1139 1415 1231 1441 eam
1269 1400 1484 1451 tuendam,
1520 1400 1716 1455 ferroque

281 1453 574 1509 subigendam,
596 1463 635 1487 43
655 1457 962 1511 superstitionis
980 1457 1139 1512 aliquid
1159 1457 1396 1498 accesserit.

336 1510 431 1551 Att.
452 1511 605 1553 Habeo
626 1512 720 1553 ista.
779 1514 908 1554 Nunc
927 1513 980 1554 de
1000 1514 1125 1554 sacris
1147 1514 1375 1570 perpetuiS,
1391 1524 1434 1554 et
1453 1513 1506 1554 de
1526 1512 1717 1554 manium

274 1566 372 1621 jure
402 1576 541 1609 restat.
602 1569 668 1609 M.
699 1569 736 1609 O
767 1569 918 1610 miram
948 1570 1210 1621 memoriam,
1243 1570 1464 1625 Pomponi,
1493 1570 1640 1611 tuam!
1673 1579 1718 1610 at

216 1623 269 1660 46
281 1622 385 1663 mihi
406 1623 486 1665 ista
506 1624 762 1666 exciderant.
819 1627 914 1667 Att.
937 1627 1005 1667 Ita
1024 1626 1150 1668 credo
1170 1643 1180 1667 ι
1212 1627 1286 1668 sed
1313 1635 1454 1667 tamen
1477 1626 1559 1667 hoc
1578 1626 1717 1681 magis

279 1693 349 1721 eas
370 1694 434 1720 res
456 1690 498 1722 et
517 1682 706 1732 memini,
725 1691 767 1724 et
786 1692 1000 1738 exspecto,
1021 1683 1137 1738 quod
1157 1691 1200 1723 et
1218 1683 1270 1724 ad
1292 1683 1555 1738 pontificium
1577 1682 1651 1738 jus
1674 1691 1718 1723 et

235 1741 267 1771 b·
279 1735 333 1776 ad
362 1736 482 1778 civile
511 1739 738 1793 pertinent.
798 1739 865 1780 Μ.
884 1740 1027 1780 Vero:
1060 1749 1103 1780 et
1132 1740 1393 1795 apertissima
1419 1749 1516 1781 sunt
1545 1739 1634 1780 istis
1664 1739 1718 1780 de

277 1792 403 1834 rebus
423 1801 466 1835 et
486 1809 685 1850 responsa
703 1804 746 1836 et
766 1797 921 1851 scripta
938 1796 1099 1837 multa:
1129 1806 1172 1837 et
1193 1811 1278 1853 ego
1309 1797 1351 1838 in
1381 1796 1463 1838 hoc
1491 1795 1608 1837 omni
1631 1809 1718 1836 ser·

277 1863 405 1891 mone
434 1860 594 1902 nostro,
626 1852 742 1908 quod
779 1852 833 1894 ad
865 1867 1050 1909 cumque
1076 1853 1184 1908 legis
1214 1867 1348 1909 genus
1378 1867 1448 1894 me
1482 1852 1715 1908 disputatio

319 1981 360 2006 2³6
385 1976 447 2004 erui
476 1976 617 2016 duplicem
641 1976 772 2018 poenam]
799 1977 861 2006 erui
885 1977 976 2008 nihili

276 2024 334 2048 est.
386 2019 530 2050 Pearcius
561 2020 643 2050 bene
669 2020 752 2050 delet
781 2021 932 2060 abestque
959 2030 978 2050 a

1020 1979 1087 2008 cuit
1109 1978 1182 2007 viris
1205 1978 1316 2008 doctis.
1358 1978 1506 2008 Davisius
1531 1978 1617 2008 dedit
1642 1977 1719 2019 quod

1020 2021 1071 2061 qui
1082 2032 1092 2049 .·
1116 2031 1173 2060 ego
1188 2022 1257 2050 dedi
1274 2021 1350 2062 quod
1363 2021 1436 2062 quis.
1461 2031 1537 2051 nam
1554 2022 1586 2050 in
1603 2020 1716 2051 Graeco

278 2060 357 2092 Mss.
387 2063 592 2101 quibusdam.
630 2063 743 2094 Lamb.
774 2063 857 2093 brevi
884 2064 978 2094 corri-

276 2110 332 2142 git.

319 2152 357 2182 37
384 2154 523 2177 constaret
552 2155 580 2178 et
608 2160 645 2178 ex
671 2147 827 2187 vexandis]
861 2149 973 2179 Delevi

275 2198 354 2220 cum
379 2191 508 2221 Davisio
533 2202 579 2228 ex,
604 2192 700 2222 etiam
725 2198 753 2220 et
775 2192 862 2222 abest
888 2192 974 2222 libris

275 2232 483 2271 quibusdam,
514 2241 545 2264 et
574 2236 744 2265 commode
774 2235 865 2265 absit.
911 2236 974 2266 Ms.

276 2275 386 2307 Guelf.
402 2277 497 2306 habet
513 2277 588 2318 quod
604 2285 717 2307 extaret
732 2289 767 2307 ex
784 2279 843 2307 ἃς.
877 2279 974 2308 Davi-

274 2319 341 2349 sius
358 2320 482 2359 corrigit
498 2326 627 2349 constat.-
651 2330 709 2359 ego
725 2320 837 2351 malim
857 2328 974 2358 constet,

275 2362 319 2391 sic
337 2372 414 2392 mox
430 2363 634 2402 comprobetur,
652 2373 717 2394 non
736 2364 975 2403 comprobaretur.

275 2414 332 2443 pro
355 2405 432 2446 quod
451 2406 547 2435 etiam
572 2406 687 2437 melius
711 2414 822 2446 putem
845 2418 911 2449 quae
930 2417 975 2438 sc.

276 2457 382 2488 poena.

319 2497 359 2521 38
384 2490 514 2530 Platoni]
536 2491 636 2522 Locus
652 2499 698 2522 est
715 2493 746 2523 L.
765 2492 840 2523 XII.
857 2493 895 2523 de
916 2493 973 2522 Le-

276 2533 380 2572 gibus.

319 2582 360 2608 39
383 2587 419 2606 ex
442 2576 522 2605 inani
545 2576 669 2616 corpore]
691 2578 765 2608 Sine
789 2579 972 2609 necessitate

277 2619 311 2648 P.
343 2619 512 2651 Manutius
541 2626 571 2650 et
600 2621 775 2651 Lambinus
812 2630 972 2652 correxere

275 2661 421 2691 inanimo:
450 2672 526 2692 nam
554 2663 599 2693 nil
626 2664 737 2694 differt.
766 2664 850 2693 inane
875 2671 974 2703 corpus

275 2714 331 2743 pro
348 2712 474 2735 mortuo
487 2715 569 2745 saepe
582 2707 727 2737 occurrit.
743 2717 773 2738 v.
784 2707 971 2746 Salvagnius

276 2748 314 2777 ad
331 2748 434 2778 Ovidii
452 2749 523 2779 Ibin
540 2759 569 2789 p·
589 2757 640 2780 84.
660 2749 752 2790 plura
770 2750 887 2780 addidit
907 2751 972 2781 Da-

276 2799 385 2821 visius.

318 2840 360 2864 40
377 2833 505 2876 quodque
520 2832 663 2876 voluerit]
682 2835 811 2882 quodque
825 2845 890 2867 non
906 2835 973 2879 pla-

1020 2071 1067 2094 est
1082 2062 1124 2092 offra
1142 2076 1195 2095 ‘715-

1061 2114 1097 2137 41
1130 2106 1185 2135 vel
1210 2106 1239 2136 Ιι.
1265 2105 1351 2135 vitiis
1377 2105 1432 2135 vel
1455 2105 1586 2135 subsidiis
1610 2105 1711 2146 temp]

1018 2149 1037 2179 i.
1049 2159 1076 2179 e.
1092 2150 1219 2188 partim,
1235 2150 1310 2189 quia
1331 2150 1504 2179 hominum
1520 2150 1596 2179 vitia
1610 2150 1650 2180 ab
1666 2150 1715 2180 his

1017 2192 1070 2222 vix
1088 2193 1261 2222 revocanda
1275 2199 1362 2228 sunt,
1380 2202 1456 2222 cum
1481 2193 1516 2222 iis
1538 2193 1601 2222 sint
1617 2193 1714 2223 nimis

1017 2236 1151 2273 adsueti,
1179 2237 1306 2274 partim,
1337 2235 1411 2274 quia
1441 2235 1489 2265 his
1518 2235 1713 2274 temporibus

1018 2288 1127 2308 earum
1158 2288 1264 2308 rerum
1296 2279 1387 2317 copia
1416 2285 1474 2313 est,
1504 2284 1534 2307 et
1563 2278 1713 2308 mediocri

1019 2322 1116 2361 pretio
1132 2329 1161 2352 et
1178 2321 1269 2351 facile
1284 2321 1457 2360 comparari
1475 2327 1617 2360 possunt.

1063 2372 1102 2396 42
1127 2365 1167 2394 ad
1180 2376 1241 2395 eam
1257 2363 1391 2394 tuendam
1402 2364 1545 2405 ferroque
1564 2363 1716 2403 subjicien-

1019 2406 1102 2447 dam]
1121 2407 1254 2436 tuendam
1270 2407 1361 2436 debet
1384 2416 1449 2436 esse
1473 2413 1555 2437 recte
1578 2413 1714 2437 tractan-

1014 2451 1102 2487 dam,
1131 2457 1166 2480 ut
1192 2451 1312 2481 fructus
1338 2450 1409 2479 inde
1439 2450 1614 2489 capiamus.
1660 2450 1712 2480 Sic

1014 2503 1102 2532 agros
1119 2500 1148 2523 et
1165 2494 1278 2533 praedia
1294 2494 1432 2522 dicimur
1449 2492 1533 2522 tucri.
1564 2492 1639 2523 Non
1656 2492 1713 2522 ita-

1014 2546 1076 2575 que
1098 2546 1178 2575 opus
1200 2546 1278 2566 cum
1301 2536 1428 2565 Davisio
1453 2537 1604 2575 corrigere
1629 2541 1712 2565 uten-

1015 2579 1093 2609 dam.
1120 2578 1322 2619 subjiciendam
1346 2579 1414 2608 ferri
1440 2586 1559 2618 potest:
1591 2579 1644 2608 sed
1667 2585 1712 2609 ta-

1016 2632 1091 2652 men
1115 2622 1298 2661 subigendam
1321 2622 1457 2661 praetuli,
1476 2622 1549 2661 quia
1570 2622 1601 2650 in
1626 2620 1712 2651 libris

1015 2666 1136 2704 seriptis
1153 2672 1310 2704 repertum
1326 2673 1384 2702 est,
1401 2672 1431 2695 et
1446 2672 1491 2696 est
1508 2666 1660 2696 usitatum
1677 2664 1710 2694 in

1015 2709 1075 2738 hac
1094 2718 1124 2738 re
1142 2708 1285 2738 verbum.

1058 2757 1097 2781 43
1115 2751 1322 2789 superstitionis
1338 2750 1454 2793 aliquid
1465 2748 1629 2790 accesserit]
1647 2750 1667 2781 i.
1680 2759 1708 2780 e.

1014 2794 1039 2824 si
1070 2794 1227 2832 religionis
1257 2794 1375 2834 aliquid
1404 2794 1551 2824 accedere
1586 2793 1709 2833 poterit,

1015 2847 1080 2877 quo
1094 2838 1307 2878 impediamur
1321 2837 1361 2868 ab
1376 2843 1465 2868 terrae
1480 2836 1583 2868 cultu.
