1844 3202
258 125 334 160 024
845 121 1084 159 LAELIUS

255 228 353 268 dem
374 227 485 269 haud
507 228 609 279 scio,
632 243 698 279 an,
720 238 893 285 excepta
914 230 1130 285 sapientia,
1152 228 1253 270 nihil
1276 230 1498 286 quicquam
1530 230 1679 274 melius

257 283 417 326 homini
449 285 501 326 sit
534 301 558 326 a
590 285 668 326 diis
689 286 996 327 immortalibus
1027 287 1188 327 (latum.
1223 286 1384 327 divitias
1415 287 1483 328 alii
1513 303 1678 344 praepo-

255 350 375 391 nunt,
407 342 558 382 bonam
590 342 659 383 alii
695 343 980 392 valitudinem,
1010 343 1078 382 alii
1109 343 1353 397 potentiam,
1383 343 1452 385 alii
1483 345 1678 396 honores,

255 372 377 438 multi
397 398 523 439 etiam
544 399 790 463 voluptates.
808 398 1026 439 beluarum
1047 398 1127 439 hoc
1148 399 1317 453 quidem
1335 409 1568 442 extremum
1590 412 1676 442 est·

252 444 324 495 illa
353 465 494 495 autem
525 456 753 510 superiora,
774 455 946 505 caduca,
976 464 1019 495 et
1048 455 1218 504 incerta,
1240 457 1375 510 posita
1405 472 1486 498 non
1519 468 1604 498 tam
1637 457 1678 498 in

253 511 404 551 nostris
425 512 620 561 consiliis,
642 527 767 566 quam
790 511 831 551 in
853 512 1030 552 fortunae
1051 511 1300 552 temeritate.
1358 514 1442 555 Oui
1470 524 1611 555 autem
1636 514 1678 555 in

251 567 401 607 virtute
431 582 644 608 summum
675 568 835 608 bonum
865 576 1040 624 ponunt,
1067 568 1263 631 praeclare
1294 568 1351 608 illi
1373 570 1570 624 quidem·
1603 570 1677 612 sed

253 622 344 664 haec
375 624 463 678 ipsa
482 625 627 664 Virtus
658 624 884 665 amicitiam
915 633 956 665 et
984 623 1139 679 gignit,
1167 633 1209 664 et
1237 626 1450 667 continet:
1485 641 1559 667 nec
1589 627 1677 667 sine

190 680 402 721 2lvirtute
439 681 621 721 amicitia
652 695 741 722 esse
774 681 862 722 ullo
897 690 1021 736 pacto
1054 689 1204 736 potest.
1263 682 1358 722 Jam
1395 682 1586 724 virtutem
1625 696 1677 723 ex

251 737 556 778 consuetudine
595 737 687 778 vitae
723 737 1007 793 sermonisque
1050 738 1179 777 nostri
1219 737 1566 792 interpretemur:
1600 753 1676 779 nec

249 806 357 842 eam,
390 802 436 834 ut
467 793 635 849 quidam
668 794 796 843 docti,
830 795 1051 834 verborum
1086 793 1395 848 magnificentit
1426 795 1676 837 metiamur.

249 849 440 904 virosque
469 851 602 891 bonos
630 866 716 899 605,
737 851 808 906 qui
840 851 1059 900 habentur,
1084 865 1365 899 numeremus,
1389 851 1567 902 Paullos,
1590 852 1675 893 Ca-

248 912 383 955 tones,
405 906 567 956 Gallos,
589 907 819 970 Scipiones,
844 907 998 947 Philos.
1021 906 1085 947 his
1118 907 1354 947 communis
1377 908 1458 947 vita
1477 918 1676 949 contenta

248 970 324 1001 est.
347 976 418 1002 eos
440 972 580 1003 autem
602 964 860 1013 omittamus,
881 963 952 1018 qui
979 962 1151 1003 omnino
1173 978 1378 1018 nusquam
1400 964 1674 1005 reneriuntur.

247 1017 369 1058 Tales
389 1018 518 1074 igitur
538 1019 644 1059 inter
663 1020 769 1060 viros
800 1019 984 1060 amicitia
1014 1027 1148 1059 tantas
1177 1020 1511 1081 opportunitates
1534 1021 1674 1070 habet,

186 1084 236 1116 22
249 1084 424 1128 quantas
443 1076 506 1115 vix
528 1090 636 1131 queo
658 1075 807 1116 dicere.
870 1075 1090 1130 P1incipio,
1124 1083 1160 1106 1·2
1177 1090 1239 1115 cuz
1254 1083 1388 1129 potest
1408 1089 1488 1116 esse
1508 1077 1592 1117 vita
1614 1076 1674 1117 vi-

144 1138 236 1162 -100·
249 1130 358 1181 talis,
392 1141 438 1172 ut
471 1132 529 1172 ait
560 1133 732 1182 Ennius,
766 1133 836 1187 qui
871 1147 952 1173 non
986 1132 1027 1172 in
1059 1132 1182 1172 amici
1210 1141 1357 1172 mutua
1387 1133 1675 1174 benevolentia

207 1183 545 1243 a'conquiescat?
587 1189 701 1232 Ouid
732 1189 909 1238 dulcius,
941 1203 1066 1252 quam
1099 1188 1268 1238 habere,
1299 1189 1392 1244 qui·
1396 1203 1492 1230 cum
1533 1191 1675 1230 omnia

243 1244 398 1285 audeas
419 1245 476 1285 sic
499 1233 628 1300 loqui,
647 1255 692 1287 ut
714 1247 878 1287 tecum?
908 1245 1014 1287 Ouis
1036 1255 1147 1286 esset
1168 1255 1307 1285 tantus
1330 1246 1521 1287 f'ructus
1512 1262 1552 1287 ln
1576 1261 1674 1302 pro·

245 1301 375 1355 speris
406 1302 542 1351 rebus,
573 1303 649 1342 n1si
678 1302 864 1351 haberes,
891 1302 961 1357 qui
996 1302 1076 1342 illis
1109 1316 1241 1356 aeque,
1274 1316 1322 1342 ac
1353 1312 1399 1342 tu
1431 1302 1533 1357 ipse,
1566 1318 1673 1358 gau-

242 1357 395 1399 deret?
427 1358 615 1399 adversas
650 1374 746 1399 vero
779 1359 886 1399 ferre
917 1358 1083 1399 difficile
1118 1366 1226 1398 esset
1259 1359 1345 1398 sine
1376 1373 1441 1408 eO,
1474 1360 1545 1415 qui
1581 1361 1672 1402 illas

241 1415 408 1469 gravius
438 1415 579 1465 etiam,
602 1430 726 1471 quam
757 1423 817 1465 tu,
838 1416 978 1456 ferret.
1000 1415 1179 1469 denique
1212 1425 1360 1455 ceterae
1385 1430 1465 1463 res,
1486 1431 1579 1472 quae
1600 1432 1672 1458 ex-

242 1479 456 1525 petuntur,
476 1481 724 1527 opportunae
746 1481 842 1512 sunt
864 1472 1039 1527 singulae
1063 1473 1185 1512 rebus
1220 1472 1305 1511 fere
1333 1472 1508 1527 singulis
1528 1490 1537 1514 :
1569 1473 1672 1515 divi-

240 1528 324 1577 tiae,
345 1537 393 1568 ut
422 1538 565 1569 utare:
599 1542 715 1583 opes,
744 1538 791 1568 ut
822 1529 987 1569 colare:
1020 1529 1215 1578 honores,
1246 1538 1293 1568 ut
1323 1528 1522 1570 laudere:
1553 1531 1673 1571 volu-

239 1593 392 1639 ptateS,
413 1596 460 1625 ut
479 1585 688 1640 gaudeas:
721 1585 920 1648 valitudo,
943 1593 990 1625 ut
1019 1585 1163 1625 dolore
1193 1599 1345 1634 careas,
1365 1594 1406 1625 et
1427 1587 1670 1628 muneribus

240 1640 419 1696 fungare
440 1642 654 1696 corporis:
686 1641 870 1682 amicitia
891 1656 954 1681 res
986 1642 1184 1696 plurimas
1212 1641 1412 1681 continet.
1436 1657 1607 1699 quoquo
1628 1653 1670 1685 te

242 1698 422 1748 verteris,
444 1706 596 1752 praesto
617 1706 705 1738 est:
737 1698 852 1738 nullo
873 1698 968 1738 loco
990 1697 1246 1738 excluditur:
1268 1712 1496 1753 numquam
1518 1700 1670 1740 intem—-

240 1754 411 1808 pestiva,
434 1769 662 1810 numquam
685 1755 864 1794 molesta
889 1763 964 1794 est.
1025 1755 1173 1809 Itaque
1196 1769 1277 1794 non
1309 1769 1431 1818 aqua,
1452 1770 1536 1796 non
1567 1757 1670 1812 igni,

240 1819 289 1851 ut
320 1811 450 1861 aiunt,
484 1812 672 1865 pluribus
700 1811 803 1852 locis
837 1811 1009 1860 utimur,
1038 1825 1165 1866 quam
1198 1811 1394 1851 amicitia.
1427 1826 1560 1867 neque
1587 1828 1670 1869 ego

239 1882 349 1908 nunc
367 1868 419 1908 de
436 1867 610 1922 vulgari,
629 1878 702 1908 aut
719 1868 770 1908 de
790 1867 991 1908 mediocri
1015 1871 1126 1922 (quae
1148 1876 1288 1907 tamen
1308 1868 1398 1922 ipsa
1413 1878 1455 1909 et
1473 1869 1669 1921 delectat,

239 1932 281 1964 et
303 1924 489 1988 prodest)
515 1925 587 1965 sed
616 1925 668 1965 de
690 1938 777 1964 vera
801 1934 843 1964 et
865 1925 1050 1979 perfecta
1072 1924 1236 1979 loquor,
1258 1924 1391 1979 qualis
1413 1939 1575 1974 eorum,
1596 1927 1669 1981 qui

236 1981 361 2036 pauci
392 1981 674 2045 nominantur,
705 1981 797 2021 fuit.
830 1995 925 2021 nam
957 1989 997 2020 et
1028 1980 1230 2021 secundas
1261 1995 1339 2030 res,
1368 1957 1668 2035 splendidiores

238 2037 339 2078 facit
359 2037 556 2087 amicitia,
579 2046 621 2077 et
641 2037 830 2077 adversas
857 2037 1038 2091 partiens
1059 2038 1460 2092 communicansque
1481 2038 1667 2081 leviores.

191 2098 222 2152 7
241 2093 436 2149 Cumque
466 2094 700 2157 plurimas,
705 2102 746 2133 et
775 2094 978 2134 maximas
1009 2093 1332 2134 commoditates
1362 2094 1547 2135 amicitia
1567 2109 1670 2136 con-

173 2172 223 2205 23
236 2150 381 2200 tineat,
400 2161 490 2191 tum
511 2149 582 2190 illa
603 2149 797 2190 nimirum
819 2159 990 2205 praestat
1019 2150 1230 2199 omnibus,
1250 2150 1365 2205 quod
1399 2158 1432 2181 1³
1452 2151 1563 2192 bona
1592 2166 1666 2207 spe

236 2207 465 2261 praelucet'
457 2221 498 2246 111
521 2216 767 2261 posterum:
800 2221 875 2246 nec
896 2206 1105 2247 debilitari
1126 2206 1304 2256 animos,
1325 2216 1396 2247 aut
1417 2207 1564 2248 cadere
1588 2222 1664 2263 pa-

235 2262 352 2304 titur.
384 2264 542 2304 Verum
564 2263 689 2303 etiam
708 2262 890 2303 amicum
913 2264 983 2319 qui
1000 2264 1201 2313 intuetur,
1218 2274 1434 2318 tamquam
1453 2265 1666 2320 exemplar

234 2319 435 2374 aliquod
424 2329 612 2360 mtuetur
633 2319 711 2360 sui.
734 2320 931 2374 quocirca
957 2329 1001 2361 et
1028 2320 1221 2361 absentes
1237 2319 1402 2369 adsunt,
1431 2330 1473 2361 et
1493 2329 1665 2376 egentes

233 2375 463 2427 abundant,
495 2386 537 2416 et
564 2376 796 2417 imbecilles
826 2376 976 2426 v,alent
997 2385 1053 2427 et,
1076 2376 1191 2431 quod
1221 2351 1428 2417 difficilius
1448 2376 1565 2419 dictu
1586 2386 1664 2429 est,

232 2432 390 2473 mortui
412 2432 575 2473 vivunt:
605 2439 745 2474 tantus
766 2447 838 2474 eos
864 2432 1014 2484 honos,
1044 2432 1263 2483 memoria,
1293 2431 1543 2474 desiderium
1563 2449 1664 2490 pro-

230 2555 273 2576 no
288 2546 487 2585 obloquitur:
511 2547 598 2585 quod
613 2546 801 2577 latinitatem
819 2547 848 2576 in
866 2548 926 2576 hac
969 2553 999 2576 et
1022 2546 1087 2583 alii,
1111 2548 1206 2577 etiam
1231 2547 1373 2577 Graevius
1393 2548 1567 2587 praetulere.
1583 2548 1666 2580 mihi

230 2589 334 2627 phrasi
360 2599 424 2619 non
447 2591 518 2620 satis
536 2590 673 2627 tenebat,
688 2591 773 2629 quod
794 2590 926 2620 Germa·
970 2589 1039 2618 bona
1055 2596 1102 2628 spe
1117 2591 1229 2620 rectius
1246 2591 1381 2624 videtur,
1398 2592 1483 2630 quod
1503 2592 1566 2621 duo
1583 2591 1665 2623 Mss,

230 2633 279 2662 nis
295 2632 385 2662 fac1le
402 2633 523 2663 accidit.
971 2632 1032 2662 Erf.
1056 2640 1086 2663 et
1109 2634 1179 2664 edd.
1201 2643 1246 2672 pr.
1271 2634 1401 2668 habent,
1430 2634 1523 2663 Rom.
1549 2634 1665 2666 colon.

276 2682 313 2704 12
338 2675 383 2704 cui
401 2682 492 2714 potest
517 2686 572 2705 esse
596 2675 664 2703 vita
688 2673 806 2712 vitalis]
838 2675 925 2704 Edidi
970 2676 1049 2705 Ven.
1075 2682 1165 2710 1470.
1194 2675 1325 2706 Mediol.
1350 2676 1420 2706 Ald.
1445 2685 1503 2706 nec
1527 2677 1665 2707 latinitas

229 2726 306 2755 cum
324 2718 448 2748 Graevio
460 2718 506 2747 cui
519 2728 573 2758 pro
585 2717 660 2759 quis,
673 2717 722 2748 vel
737 2718 799 2758 qui,
813 2728 830 2748 e
845 2718 922 2748 Mss.
966 2718 1101 2748 alterum
1128 2720 1194 2748 fert.
1214 2728 1289 2749 nam
1312 2728 1382 2758 spes
1398 2725 1442 2748 est
1459 2719 1538 2748 illud
1554 2720 1661 2759 ipsum

228 2761 321 2790 et‘ed.
339 2761 480 2798 Victorii,
497 2771 594 2800 quem
609 2761 706 2791 etalii
722 2762 820 2790 secuti
836 2767 921 2791 sunt.
965 2762 1050 2800 quod
1081 2761 1185 2792 lucet:
1210 2772 1283 2801 ergo
1310 2771 1374 2792 non
1404 2761 1541 2793 amicitia
1570 2772 1660 2802 spem

275 2809 310 2832 13
337 2803 406 2832 bona
430 2811 477 2842 spe
494 2804 636 2843 praelucet
651 2803 680 2832 in
691 2810 739 2842 pq
760 2804 840 2834 Libri
858 2804 924 2843 ple·
965 2804 1128 2845 praelucet,
1145 2806 1199 2836 sed
1214 2805 1298 2837 lucet
1312 2815 1366 2846 spe
1381 2810 1453 2837 ante
1468 2811 1629 2838 eventum.

229 2845 315 2885 rique
328 2846 446 2879 habent
457 2848 557 2877 bonam
569 2853 656 2887 spem,
668 2847 753 2887 quod
763 2853 794 2878 et
809 2847 921 2879 Lamb.
