1844 3202
655 116 836 157 LIBER
871 115 1117 155 PRIMUS.
1497 122 1578 167 719

139 231 218 276 est,
237 226 549 282 exercendaque
568 224 611 266 in
631 225 774 266 labore
793 223 1079 281 patientiaque
1097 231 1140 264 et
1159 221 1287 263 animi
1303 231 1346 264 et
1364 226 1576 281 corporis:

140 291 188 322 ut
208 296 356 324 eorum
377 293 418 325 et
437 284 478 324 in
501 282 676 334 bellicis,
693 292 735 323 et
756 282 798 323 in
817 280 1008 323 civilibus
1030 279 1177 320 officiis
1197 280 1336 334 vigeat
1357 280 1577 324 industria.

138 347 266 393 atque
287 340 411 381 ctiam
433 353 529 379 eum
552 338 735 379 relaxare
754 338 933 388 animos,
953 346 996 378 et
1024 336 1125 377 dare
1152 349 1197 376 se
1219 336 1480 392 jucunditati
1503 353 1575 379 vo-

137 392 240 445 lent,
258 404 429 436 caveant
448 395 832 450 intemperantiam,
853 393 1120 435 meminerint
1144 392 1403 433 verecundiae
1420 409 1429 433 :
1459 394 1577 448 quod

138 451 216 491 erit
235 451 413 503 facilius,
433 452 467 492 si
487 452 527 492 in
550 451 760 508 ejusmodi
782 451 955 507 quidem
976 450 1102 491 rebus
1122 449 1305 505 majores
1327 459 1428 489 natu
1445 449 1575 491 inter-

136 519 228 546 esse
248 506 388 548 velint.
447 509 627 550 Senibus
647 519 788 550 autem
812 508 977 549 labores
998 506 1186 562 corporis
1207 505 1438 556 minuendi,
1457 519 1575 547 exer·
1592 519 1661 552 123

134 562 355 604 citationes
377 564 506 606 animi
527 565 653 606 etiam
676 564 880 620 augendae
903 563 1095 605 videntur
1112 578 1124 613 ;
1157 561 1296 603 danda
1314 576 1411 602 vero
1432 576 1575 617 opera,

133 627 181 659 ut
201 627 243 659 et
262 621 436 671 amicos,
455 631 498 663 et
521 622 807 678 juventutem,
829 630 873 662 et
900 620 1083 662 maxime
1108 618 1416 674 rempublicam
1435 620 1576 660 consi-

132 671 192 716 lio
211 684 254 716 et
274 677 498 732 prudentia
519 693 643 735 quam
667 679 897 735 plurimum
917 677 1129 733 adjuvent.
1176 675 1298 716 Nihil
1318 685 1461 716 autern
1484 690 1575 717 ma-

131 731 200 786 gis
218 733 449 775 cavendum
473 745 538 777 est
558 735 778 785 senectuti,
801 749 928 790 quam
957 748 1008 774 ne
1034 732 1232 787 languori
1252 746 1296 773 se
1317 731 1575 787 desidiaeque

131 787 272 830 dedat.
333 791 520 833 Luxuria
550 806 647 833 vero
678 806 777 833 cum
806 791 922 831 omni
951 790 1064 832 aetati
1088 788 1236 844 turpiS,
1257 797 1350 829 tum
1369 790 1577 830 senectuti

131 844 366 887 foedissima
396 856 474 889 est.
506 849 568 890 sin
597 857 740 889 autem
769 847 994 888 libidinum
1013 846 1141 887 etiam
1161 846 1483 901 intemperantia
1502 860 1573 886 ac-

130 903 316 953 cesserit,
338 903 495 960 duplex
526 905 685 946 malum
718 913 811 946 est:
843 904 959 960 quod
989 913 1031 944 et
1062 903 1152 959 ipsa
1174 911 1367 943 senectus
1387 903 1575 958 concipit

132 957 329 1012 dedecus,
351 970 392 1001 et
412 962 514 1002 facit
543 961 875 1003 adolescentium
908 959 1259 1016 impudentiorem
1290 959 1576 1014 intemperan-

130 1015 248 1057 tiam.
307 1018 374 1058 Ac
410 1032 461 1059 ne
493 1018 599 1059 illud
630 1018 801 1074 quidem
835 1018 1019 1058 alienum
1046 1025 1123 1067 est,
1149 1015 1202 1056 de
1230 1016 1572 1071 magistratuum,
1590 1033 1666 1066 124

132 1078 172 1104 3⁴¹
191 1072 244 1113 de
274 1074 546 1128 privatorum,
571 1074 643 1130 [de
674 1075 864 1129 civium]‚
895 1074 948 1116 de
977 1073 1299 1128 peregrinorum
1330 1072 1478 1113 officiis
1508 1072 1574 1114 di·

129 1143 238 1170 cere.
297 1131 373 1171 Est
404 1131 536 1186 igitur
564 1131 784 1186 proprium
815 1145 969 1171 munus
1001 1129 1290 1184 magistratus,
1321 1129 1573 1185 intelligere,

130 1199 175 1225 se
203 1200 349 1241 gerere
379 1202 601 1241 personam
630 1187 823 1238 civitatis,
853 1186 1091 1240 debereque
1122 1185 1214 1241 ejus
1244 1185 1496 1240 dignitatem
1531 1195 1576 1227 et

129 1240 258 1283 decus
287 1244 506 1294 sustinere,
536 1258 697 1284 servare
726 1244 859 1298 leges,
882 1243 981 1299 jura
1011 1242 1261 1292 describere,
1282 1256 1333 1283 ea
1361 1241 1458 1283 fidei
1486 1257 1576 1283 suae

128 1300 357 1340 commissa
373 1300 626 1341 meminisse.
659 1300 870 1341 Privatum
886 1309 1029 1341 autem
1047 1307 1218 1354 oportet
1235 1313 1360 1354 aequo
1376 1308 1420 1339 et
1435 1306 1474 1331 35
1483 1299 1576 1355 pari

129 1369 229 1396 cum
258 1356 418 1398 civibus
442 1358 542 1412 jure
568 1356 715 1407 vivere,
736 1371 872 1412 neque
902 1356 1159 1397 submissum
1181 1364 1225 1396 et
1244 1355 1476 1411 abjectum,
1499 1370 1573 1396 ne-
1585 1367 1620 1399 b.

129 1427 212 1468 que
235 1426 278 1453 se
298 1413 540 1454 efferentem
560 1431 569 1454 :
603 1422 693 1454 tum
722 1413 765 1454 in
784 1413 1001 1468 republica
1021 1427 1070 1453 ea
1090 1412 1209 1462 velle,
1230 1427 1326 1467 quae
1347 1412 1575 1468 tranquilla

129 1477 173 1509 et
197 1469 374 1510 honesta
401 1470 498 1511 sint.
527 1470 657 1511 talem
689 1471 799 1511 enim
829 1478 872 1511 et
903 1470 1057 1511 sentire
1084 1469 1247 1510 bonum
1272 1468 1422 1519 civem,
1443 1478 1488 1510 et
1507 1469 1574 1509 di-

128 1539 223 1567 cere
244 1526 443 1568 solemus.
504 1527 722 1582 Peregrini
744 1535 887 1568 autem
914 1535 961 1568 et
990 1525 1141 1566 ineolae
1161 1525 1349 1566 officium
1369 1533 1448 1576 est,
1467 1525 1661 1568 nihi1125

128 1591 282 1637 praeter
299 1598 422 1625 suum
441 1584 664 1640 negotium
682 1598 821 1640 agere,
836 1590 877 1615 36
889 1583 995 1624 nihil
1014 1583 1066 1623 de
1087 1582 1225 1623 alieno
1241 1582 1476 1638 anquirere,
1490 1582 1573 1623 mi—

128 1639 325 1694 nimeque
355 1641 397 1681 in
427 1641 562 1682 aliena
590 1655 680 1681 esse
710 1640 928 1696 republica
952 1640 1182 1681 curiosum.
1242 1640 1309 1679 Ita
1329 1639 1418 1679 fere
1436 1639 1576 1681 officia

129 1697 404 1751 reperientur,
425 1712 524 1739 cum
554 1707 782 1753 quaeretur,
809 1697 912 1753 quid
942 1696 1104 1746 deceat,
1135 1704 1178 1737 et
1207 1695 1312 1751 quid
1340 1705 1488 1751 aptum
1519 1696 1576 1737 sit

125 1753 333 1806 personis,
354 1754 631 1810 temporibus,
654 1753 865 1795 aetatibus.
924 1752 1048 1794 Nihil
1075 1762 1139 1793 est
1163 1763 1321 1802 autem,
1342 1752 1458 1808 quod
1484 1761 1574 1794 tam

128 1808 289 1859 deceat,
310 1825 439 1865 quam
469 1812 513 1852 in
539 1811 657 1851 omni
677 1825 722 1852 re
740 1809 941 1866 gerenda,
963 1809 1228 1866 consilioque
1255 1809 1464 1865 capiendo
1485 1824 1573 1850 ser-

126 1879 222 1907 vare
243 1876 540 1909 constantiam.

184 1921 269 1964 Sed
288 1924 488 1978 quoniam
509 1924 713 1965 decorum
731 1923 838 1965 illud
857 1922 901 1964 in
923 1923 1122 1965 omnibus
1143 1921 1281 1974 factis,
1303 1930 1346 1963 et
1367 1922 1506 1973 dictis,
1526 1923 1567 1964 in
1581 1922 1655 1970 35

126 1979 314 2035 corporis
332 1979 514 2037 denique
535 1990 673 2031 motu,
693 1990 737 2022 et
767 1989 881 2022 statu
911 1979 1109 2032 cernitur,
1131 1979 1260 2036 idque
1286 1979 1474 2035 positum
1505 1989 1570 2021 est
1585 1991 1662 2028 126

126 2035 170 2076 in
208 2036 343 2078 tribus
379 2038 521 2089 rebus»,
555 2038 836 2088 formositate,
872 2036 1034 2088 ordine,
1068 2044 1222 2078 ornatu
1261 2036 1317 2077 ad
1356 2036 1571 2078 actionem

126 2100 253 2148 apto:
285 2093 524 2136 difficilibus
548 2095 602 2135 ad
630 2093 918 2151 eloquendum
933 2110 946 2146 3
977 2093 1052 2135 sed
1071 2094 1171 2134 satis
1190 2092 1268 2134 erit
1287 2092 1496 2148 intelligi:
1527 2094 1572 2134 in

123 2148 191 2192 his
209 2159 353 2191 autem
378 2151 512 2192 tribus
538 2151 778 2193 continetur
805 2166 907 2193 cura
930 2151 1055 2192 etiam
1080 2150 1165 2201 illa,
1185 2159 1236 2192 ut
1254 2150 1486 2205 probemur
1504 2149 1571 2201 iis,

124 2206 414 2262 quibus-cum,
435 2208 549 2264 apud
580 2214 774 2265 quosque
805 2210 1017 2249 vivamus:
1048 2207 1114 2249 his
1147 2221 1320 2263 quoque
1356 2206 1409 2248 de
1442 2206 1569 2248 rebus

124 2276 261 2317 pauca
287 2263 494 2306 dicantur.
555 2266 778 2321 Principio,
806 2265 997 2322 corporis
1026 2264 1161 2306 nostri
1189 2278 1389 2319 magnam
1420 2272 1572 2304 natura

124 2318 218 2374 ipsa
239 2320 402 2362 videtur
430 2321 628 2363 habuisse
654 2323 888 2364 rationem:
920 2336 1016 2378 quae
1044 2321 1228 2362 formam
1247 2329 1452 2371 nostram,
1472 2320 1572 2361 reli-
1611 2327 1621 2350 Γ

125 2390 339 2432 quamque
361 2378 555 2434 figuram,
575 2379 618 2420 in
646 2394 731 2436 qua
760 2387 872 2421 esset
901 2378 1063 2434 species
1091 2378 1286 2429 honesta,
1307 2392 1402 2419 eam
1425 2377 1572 2432 posuit.

124 2430 169 2474 in
187 2442 362 2489 promtu
375 2451 390 2475 ;
409 2450 504 2491 quae
522 2444 664 2492 partes
683 2444 826 2479 autem
847 2436 1052 2493 corporis,
1073 2442 1112 2472 37
1131 2434 1185 2476 ad
1206 2443 1367 2476 naturae
1387 2434 1568 2475 necessi-

168 2558 210 2582 84
232 2550 267 2581 de
286 2551 487 2591 privatorum,
511 2553 545 2584 de
571 2554 695 2591 civium,
718 2554 752 2583 de
769 2560 824 2593 pe·
909 2560 949 2584 35
967 2552 1040 2593 pari
1062 2564 1126 2583 curn
1149 2552 1282 2594 civibus]
1300 2553 1343 2582 At
1361 2552 1418 2592 ipsi
1434 2559 1510 2582 sunt
1524 2553 1574 2581 cia

124 2594 215 2634 regn]
249 2595 398 2625 Medium
425 2595 460 2625 de
488 2597 600 2627 civium
629 2597 725 2628 deleri
753 2597 824 2628 vult
866 2606 931 2627 ves,
953 2597 1006 2627 sed
1022 2603 1231 2637 opponuntur
1254 2598 1306 2627 hic
1329 2596 1412 2625 cives
1435 2595 1570 2634 peregri-

125 2637 282 2675 Pearcius,
299 2639 355 2678 qui
377 2645 423 2669 est
445 2640 507 2669 hoc
530 2641 563 2671 in
585 2641 772 2681 privatorum
795 2647 823 2670 et
867 2641 926 2671 nis.

127 2681 363 2720 magistratuum,
387 2682 445 2720 qui
471 2683 596 2722 utrique
622 2685 705 2714 cives
734 2691 822 2720 sunt,
909 2687 950 2713 36
973 2681 1052 2711 nihil
1070 2681 1104 2711 de
1126 2679 1232 2720 alieno]
1258 2681 1306 2711 Ita
1327 2682 1409 2712 bene
1431 2690 1488 2720 pro
1510 2679 1570 2708 alio

125 2724 234 2760 verbo,
253 2724 404 2764 abestque
424 2734 442 2754 a
464 2726 543 2756 Mss.
564 2726 720 2766 pluribus.
759 2726 824 2757 Ms.
866 2727 964 2756 edidit
978 2726 1147 2756 Victorius.
1170 2725 1216 2755 sic
1239 2734 1319 2756 mox
1341 2732 1388 2754 est
1403 2733 1480 2754 (non
1505 2722 1568 2751 alia

127 2766 228 2796 Goth.
242 2774 279 2797 ut
293 2767 359 2805 alii,
376 2768 472 2798 habet
487 2768 676 2807 privatorum
698 2769 823 2800 civium.
867 2775 926 2808 rep.
941 2769 998 2799 sed
1012 2768 1119 2798 aliena.

127 2808 228 2839 Probo
250 2809 366 2842 Pearcii
385 2811 588 2844 sententiam.
610 2813 716 2854 itaque
730 2813 823 2845 uncis
911 2817 950 2846 37
974 2811 1016 2840 ad
1037 2818 1153 2841 naturae
1177 2811 1371 2840 necessitatem
1395 2807 1487 2847 date]
1515 2808 1568 2839 Aa

128 2851 255 2883 inclusi.
867 2855 1009 2886 actiones
1026 2854 1213 2886 necessarias
1235 2854 1276 2884 ad
1298 2860 1420 2884 naturae
1441 2861 1570 2883 conser-

875 2908 1002 2951 3²³2
