<?xml version="1.0" encoding="UTF-8"?>
<!DOCTYPE html PUBLIC "-//W3C//DTD XHTML 1.0 Transitional//EN"
    "http://www.w3.org/TR/xhtml1/DTD/xhtml1-transitional.dtd">
<html xmlns="http://www.w3.org/1999/xhtml" xml:lang="en" lang="en">
 <head>
  <title>
</title>
<meta http-equiv="Content-Type" content="text/html;charset=utf-8" />
  <meta name='ocr-system' content='tesseract 3.04.00' />
  <meta name='ocr-capabilities' content='ocr_page ocr_carea ocr_par ocr_line ocrx_word'/>
</head>
<body>
  <div class='ocr_page' id='page_1' title='image "./p2operaomnia04ciceuoft_0370.png"; bbox 0 0 1844 3202; ppageno 0'>
   <div class='ocr_carea' id='block_1_1' title="bbox 287 127 1348 177">
    <p class='ocr_par' dir='ltr' id='par_1_1' title="bbox 287 127 1348 177">
     <span class='ocr_line' id='line_1_1' title="bbox 287 127 1348 177; baseline -0.001 -10"><span class='ocrx_word' id='word_1_1' title='bbox 287 134 367 177; x_wconf 84' lang='lat'><strong>974</strong></span> <span class='ocrx_word' id='word_1_2' title='bbox 661 129 721 166; x_wconf 90' lang='lat' dir='ltr'><strong>M.</strong></span> <span class='ocrx_word' id='word_1_3' title='bbox 752 129 970 166; x_wconf 89' lang='lat' dir='ltr'>TULLII</span> <span class='ocrx_word' id='word_1_4' title='bbox 1009 127 1348 167; x_wconf 89' lang='lat' dir='ltr'>CICERONIS</span> 
     </span>
    </p>
   </div>
   <div class='ocr_carea' id='block_1_2' title="bbox 281 234 1735 1808">
    <p class='ocr_par' dir='ltr' id='par_1_2' title="bbox 281 234 1735 1808">
     <span class='ocr_line' id='line_1_2' title="bbox 285 234 1728 295; baseline 0.001 -17"><span class='ocrx_word' id='word_1_5' title='bbox 285 236 424 293; x_wconf 87' lang='lat' dir='ltr'><strong>perari</strong></span> <span class='ocrx_word' id='word_1_6' title='bbox 455 236 626 293; x_wconf 88' lang='lat' dir='ltr'><strong>quidem</strong></span> <span class='ocrx_word' id='word_1_7' title='bbox 652 246 807 294; x_wconf 87' lang='lat' dir='ltr'><strong>potest,</strong></span> <span class='ocrx_word' id='word_1_8' title='bbox 830 237 908 279; x_wconf 87' lang='lat' dir='ltr'><strong>nisi</strong></span> <span class='ocrx_word' id='word_1_9' title='bbox 938 245 1075 279; x_wconf 87' lang='lat' dir='ltr'><strong>morte</strong></span> <span class='ocrx_word' id='word_1_10' title='bbox 1097 236 1295 293; x_wconf 85' lang='lat' dir='ltr'><strong>janitore,</strong></span> <span class='ocrx_word' id='word_1_11' title='bbox 1323 249 1372 276; x_wconf 90' lang='lat' dir='ltr'><strong>ac</strong></span> <span class='ocrx_word' id='word_1_12' title='bbox 1403 234 1526 277; x_wconf 84' lang='lat' dir='ltr'><strong>duce.</strong></span> <span class='ocrx_word' id='word_1_13' title='bbox 1583 236 1728 295; x_wconf 72' lang='lat' dir='ltr'><strong>Quor-</strong></span> 
     </span>
     <span class='ocr_line' id='line_1_3' title="bbox 285 291 1728 350; baseline 0.001 -15"><span class='ocrx_word' id='word_1_14' title='bbox 285 309 380 335; x_wconf 87' lang='lat' dir='ltr'><strong>sum</strong></span> <span class='ocrx_word' id='word_1_15' title='bbox 420 293 542 335; x_wconf 87' lang='lat' dir='ltr'><strong>haec?</strong></span> <span class='ocrx_word' id='word_1_16' title='bbox 595 303 640 336; x_wconf 88' lang='lat' dir='ltr'><strong>ut</strong></span> <span class='ocrx_word' id='word_1_17' title='bbox 680 295 984 350; x_wconf 82' lang='lat' dir='ltr'>intelligamus,</span> <span class='ocrx_word' id='word_1_18' title='bbox 1023 308 1107 334; x_wconf 92' lang='lat' dir='ltr'><strong>non</strong></span> <span class='ocrx_word' id='word_1_19' title='bbox 1136 294 1266 334; x_wconf 90' lang='lat' dir='ltr'><strong>modo</strong></span> <span class='ocrx_word' id='word_1_20' title='bbox 1299 308 1324 334; x_wconf 92' lang='lat' dir='ltr'><strong>a</strong></span> <span class='ocrx_word' id='word_1_21' title='bbox 1356 291 1503 334; x_wconf 90' lang='lat' dir='ltr'><strong>dolore</strong></span> <span class='ocrx_word' id='word_1_22' title='bbox 1538 309 1728 346; x_wconf 86' lang='lat' dir='ltr'><strong>vacuam,</strong></span> 
     </span>
     <span class='ocr_line' id='line_1_4' title="bbox 284 349 1729 406; baseline 0.002 -15"><span class='ocrx_word' id='word_1_23' title='bbox 284 350 487 406; x_wconf 82' lang='lat' dir='ltr'>quietam,</span> <span class='ocrx_word' id='word_1_24' title='bbox 527 361 828 406; x_wconf 83' lang='lat' dir='ltr'>opportunam,</span> <span class='ocrx_word' id='word_1_25' title='bbox 867 351 1024 391; x_wconf 80' lang='lat' dir='ltr'>bonam</span> <span class='ocrx_word' id='word_1_26' title='bbox 1067 349 1249 405; x_wconf 88' lang='lat' dir='ltr'><strong>denique</strong></span> <span class='ocrx_word' id='word_1_27' title='bbox 1287 364 1378 390; x_wconf 86' lang='lat' dir='ltr'><strong>esse</strong></span> <span class='ocrx_word' id='word_1_28' title='bbox 1417 359 1615 402; x_wconf 87' lang='lat' dir='ltr'><strong>mortem,</strong></span> <span class='ocrx_word' id='word_1_29' title='bbox 1654 352 1729 394; x_wconf 88' lang='lat' dir='ltr'><strong>sed</strong></span> 
     </span>
     <span class='ocr_line' id='line_1_5' title="bbox 283 406 1728 463; baseline 0.001 -15"><span class='ocrx_word' id='word_1_30' title='bbox 283 407 412 448; x_wconf 82' lang='lat' dir='ltr'><strong>etiam</strong></span> <span class='ocrx_word' id='word_1_31' title='bbox 443 422 706 449; x_wconf 89' lang='lat' dir='ltr'><strong>summorum</strong></span> <span class='ocrx_word' id='word_1_32' title='bbox 739 417 866 463; x_wconf 85' lang='lat' dir='ltr'><strong>atque</strong></span> <span class='ocrx_word' id='word_1_33' title='bbox 896 406 1201 447; x_wconf 88' lang='lat' dir='ltr'><strong>immortalium</strong></span> <span class='ocrx_word' id='word_1_34' title='bbox 1243 407 1453 446; x_wconf 87' lang='lat' dir='ltr'><strong>bonorum</strong></span> <span class='ocrx_word' id='word_1_35' title='bbox 1494 407 1728 459; x_wconf 77' lang='lat' dir='ltr'><strong>liberalem,</strong></span> 
     </span>
     <span class='ocr_line' id='line_1_6' title="bbox 283 462 1729 518; baseline 0.001 -13"><span class='ocrx_word' id='word_1_36' title='bbox 283 478 333 505; x_wconf 88' lang='lat' dir='ltr'><strong>ac</strong></span> <span class='ocrx_word' id='word_1_37' title='bbox 364 464 597 505; x_wconf 86' lang='lat' dir='ltr'><strong>beneficam</strong></span> <span class='ocrx_word' id='word_1_38' title='bbox 628 464 880 504; x_wconf 82' lang='lat' dir='ltr'><strong>ministram.</strong></span> <span class='ocrx_word' id='word_1_39' title='bbox 912 463 1055 518; x_wconf 88' lang='lat' dir='ltr'><strong>itaque</strong></span> <span class='ocrx_word' id='word_1_40' title='bbox 1077 462 1188 502; x_wconf 88' lang='lat' dir='ltr'><strong>Cato</strong></span> <span class='ocrx_word' id='word_1_41' title='bbox 1209 463 1268 503; x_wconf 89' lang='lat' dir='ltr'><strong>sie</strong></span> <span class='ocrx_word' id='word_1_42' title='bbox 1294 477 1317 502; x_wconf 91' lang='lat' dir='ltr'><strong>e</strong></span> <span class='ocrx_word' id='word_1_43' title='bbox 1339 463 1423 503; x_wconf 87' lang='lat' dir='ltr'><strong>vita</strong></span> <span class='ocrx_word' id='word_1_44' title='bbox 1453 462 1660 514; x_wconf 82' lang='lat' dir='ltr'><strong>discessit,</strong></span> <span class='ocrx_word' id='word_1_45' title='bbox 1681 474 1729 506; x_wconf 89' lang='lat' dir='ltr'><strong>ut</strong></span> 
     </span>
     <span class='ocr_line' id='line_1_7' title="bbox 283 519 1729 572; baseline 0 -10"><span class='ocrx_word' id='word_1_46' title='bbox 283 520 512 572; x_wconf 75' lang='lat' dir='ltr'><strong>ltetaretur,</strong></span> <span class='ocrx_word' id='word_1_47' title='bbox 541 535 713 561; x_wconf 89' lang='lat' dir='ltr'><strong>causam</strong></span> <span class='ocrx_word' id='word_1_48' title='bbox 756 534 799 560; x_wconf 91' lang='lat' dir='ltr'><strong>se</strong></span> <span class='ocrx_word' id='word_1_49' title='bbox 833 529 1004 560; x_wconf 86' lang='lat' dir='ltr'><strong>nactum</strong></span> <span class='ocrx_word' id='word_1_50' title='bbox 1035 533 1125 558; x_wconf 86' lang='lat' dir='ltr'><strong>esse</strong></span> <span class='ocrx_word' id='word_1_51' title='bbox 1155 519 1376 559; x_wconf 86' lang='lat' dir='ltr'><strong>moriendi.</strong></span> <span class='ocrx_word' id='word_1_52' title='bbox 1434 520 1530 560; x_wconf 85' lang='lat' dir='ltr'><strong>Jam</strong></span> <span class='ocrx_word' id='word_1_53' title='bbox 1572 521 1729 562; x_wconf 89' lang='lat' dir='ltr'><strong>nemini</strong></span> 
     </span>
     <span class='ocr_line' id='line_1_8' title="bbox 284 574 1729 631; baseline 0 -13"><span class='ocrx_word' id='word_1_54' title='bbox 284 577 464 618; x_wconf 89' lang='lat' dir='ltr'><strong>dubium</strong></span> <span class='ocrx_word' id='word_1_55' title='bbox 499 592 590 618; x_wconf 88' lang='lat' dir='ltr'><strong>esse</strong></span> <span class='ocrx_word' id='word_1_56' title='bbox 624 584 779 631; x_wconf 88' lang='lat' dir='ltr'><strong>potest,</strong></span> <span class='ocrx_word' id='word_1_57' title='bbox 814 576 916 631; x_wconf 88' lang='lat' dir='ltr'><strong>quin</strong></span> <span class='ocrx_word' id='word_1_58' title='bbox 941 575 1001 616; x_wconf 84' lang='lat' dir='ltr'><strong>vir</strong></span> <span class='ocrx_word' id='word_1_59' title='bbox 1026 574 1391 629; x_wconf 86' lang='lat' dir='ltr'><strong>prudentissimus,</strong></span> <span class='ocrx_word' id='word_1_60' title='bbox 1423 576 1458 616; x_wconf 88' lang='lat' dir='ltr'><strong>si</strong></span> <span class='ocrx_word' id='word_1_61' title='bbox 1486 591 1561 618; x_wconf 87' lang='lat' dir='ltr'><strong>sua</strong></span> <span class='ocrx_word' id='word_1_62' title='bbox 1589 586 1729 619; x_wconf 90' lang='lat' dir='ltr'><strong>morte</strong></span> 
     </span>
     <span class='ocr_line' id='line_1_9' title="bbox 283 631 1730 686; baseline 0 -11"><span class='ocrx_word' id='word_1_63' title='bbox 283 634 523 684; x_wconf 82' lang='lat' dir='ltr'><strong>laetabatur,</strong></span> <span class='ocrx_word' id='word_1_64' title='bbox 552 641 735 674; x_wconf 90' lang='lat' dir='ltr'><strong>mortem</strong></span> <span class='ocrx_word' id='word_1_65' title='bbox 765 633 893 673; x_wconf 89' lang='lat' dir='ltr'><strong>etiam</strong></span> <span class='ocrx_word' id='word_1_66' title='bbox 925 631 1131 686; x_wconf 85' lang='lat' dir='ltr'>optimam</span> <span class='ocrx_word' id='word_1_67' title='bbox 1157 646 1249 672; x_wconf 85' lang='lat' dir='ltr'><strong>esse</strong></span> <span class='ocrx_word' id='word_1_68' title='bbox 1280 641 1541 686; x_wconf 85' lang='lat' dir='ltr'><strong>agnosceret.</strong></span> <span class='ocrx_word' id='word_1_69' title='bbox 1602 633 1730 675; x_wconf 87' lang='lat' dir='ltr'><strong>Certe</strong></span> 
     </span>
     <span class='ocr_line' id='line_1_10' title="bbox 284 687 1730 745; baseline 0 -14"><span class='ocrx_word' id='word_1_70' title='bbox 284 691 399 731; x_wconf 88' lang='lat' dir='ltr'><strong>enim</strong></span> <span class='ocrx_word' id='word_1_71' title='bbox 420 691 462 731; x_wconf 90' lang='lat' dir='ltr'><strong>in</strong></span> <span class='ocrx_word' id='word_1_72' title='bbox 485 705 528 731; x_wconf 90' lang='lat' dir='ltr'><strong>re</strong></span> <span class='ocrx_word' id='word_1_73' title='bbox 554 704 646 739; x_wconf 87' lang='lat' dir='ltr'><strong>sua,</strong></span> <span class='ocrx_word' id='word_1_74' title='bbox 668 705 762 745; x_wconf 85' lang='lat' dir='ltr'><strong>quae</strong></span> <span class='ocrx_word' id='word_1_75' title='bbox 793 689 1023 744; x_wconf 79' lang='lat' dir='ltr'><strong>praesertim</strong></span> <span class='ocrx_word' id='word_1_76' title='bbox 1055 702 1180 729; x_wconf 89' lang='lat' dir='ltr'><strong>sensu</strong></span> <span class='ocrx_word' id='word_1_77' title='bbox 1207 687 1476 743; x_wconf 80' lang='lat' dir='ltr'>percipiatur,</span> <span class='ocrx_word' id='word_1_78' title='bbox 1497 704 1622 731; x_wconf 87' lang='lat' dir='ltr'><strong>nemo</strong></span> <span class='ocrx_word' id='word_1_79' title='bbox 1650 691 1730 731; x_wconf 84' lang='lat' dir='ltr'><strong>fal-</strong></span> 
     </span>
     <span class='ocr_line' id='line_1_11' title="bbox 282 744 1731 802; baseline 0.001 -15"><span class='ocrx_word' id='word_1_80' title='bbox 282 746 397 787; x_wconf 92' lang='lat' dir='ltr'><strong>litur.</strong></span> <span class='ocrx_word' id='word_1_81' title='bbox 422 746 537 802; x_wconf 87' lang='lat' dir='ltr'><strong>quod</strong></span> <span class='ocrx_word' id='word_1_82' title='bbox 566 746 844 802; x_wconf 90' lang='lat' dir='ltr'><strong>comprobare</strong></span> <span class='ocrx_word' id='word_1_83' title='bbox 872 760 1046 802; x_wconf 88' lang='lat' dir='ltr'><strong>possum</strong></span> <span class='ocrx_word' id='word_1_84' title='bbox 1067 744 1288 794; x_wconf 79' lang='lat' dir='ltr'>Artabani,</span> <span class='ocrx_word' id='word_1_85' title='bbox 1310 744 1461 785; x_wconf 84' lang='lat' dir='ltr'><strong>Xerxis</strong></span> <span class='ocrx_word' id='word_1_86' title='bbox 1481 747 1635 800; x_wconf 84' lang='lat' dir='ltr'><strong>patrui,</strong></span> <span class='ocrx_word' id='word_1_87' title='bbox 1657 748 1731 789; x_wconf 90' lang='lat' dir='ltr'><strong>viri</strong></span> 
     </span>
     <span class='ocr_line' id='line_1_12' title="bbox 284 801 1728 858; baseline 0.001 -14"><span class='ocrx_word' id='word_1_88' title='bbox 284 803 599 858; x_wconf 83' lang='lat' dir='ltr'><strong>sapientissimi,</strong></span> <span class='ocrx_word' id='word_1_89' title='bbox 621 803 879 844; x_wconf 87' lang='lat' dir='ltr'><strong>testimonio.</strong></span> <span class='ocrx_word' id='word_1_90' title='bbox 904 801 957 843; x_wconf 90' lang='lat' dir='ltr'><strong>de</strong></span> <span class='ocrx_word' id='word_1_91' title='bbox 979 816 1066 858; x_wconf 90' lang='lat' dir='ltr'><strong>quo</strong></span> <span class='ocrx_word' id='word_1_92' title='bbox 1087 810 1153 842; x_wconf 90' lang='lat' dir='ltr'><strong>est</strong></span> <span class='ocrx_word' id='word_1_93' title='bbox 1175 801 1287 855; x_wconf 86' lang='lat' dir='ltr'><strong>apud</strong></span> <span class='ocrx_word' id='word_1_94' title='bbox 1320 801 1608 854; x_wconf 89' lang='lat' dir='ltr'><strong>Herodotum,</strong></span> <span class='ocrx_word' id='word_1_95' title='bbox 1629 818 1728 845; x_wconf 89' lang='lat' dir='ltr'><strong>cum</strong></span> 
     </span>
     <span class='ocr_line' id='line_1_13' title="bbox 285 857 1728 913; baseline 0.001 -12"><span class='ocrx_word' id='word_1_96' title='bbox 285 861 448 901; x_wconf 83' lang='lat' dir='ltr'><strong>Xerxes</strong></span> <span class='ocrx_word' id='word_1_97' title='bbox 470 860 676 901; x_wconf 84' lang='lat' dir='ltr'><strong>exercitus</strong></span> <span class='ocrx_word' id='word_1_98' title='bbox 705 859 769 900; x_wconf 87' lang='lat' dir='ltr'><strong>sui</strong></span> <span class='ocrx_word' id='word_1_99' title='bbox 794 859 938 913; x_wconf 88' lang='lat' dir='ltr'><strong>copias</strong></span> <span class='ocrx_word' id='word_1_100' title='bbox 967 873 1088 913; x_wconf 86' lang='lat' dir='ltr'><strong>paene</strong></span> <span class='ocrx_word' id='word_1_101' title='bbox 1118 857 1460 908; x_wconf 84' lang='lat' dir='ltr'><strong>innumerabiles,</strong></span> <span class='ocrx_word' id='word_1_102' title='bbox 1482 869 1579 900; x_wconf 89' lang='lat' dir='ltr'><strong>ante</strong></span> <span class='ocrx_word' id='word_1_103' title='bbox 1611 874 1654 900; x_wconf 87' lang='lat' dir='ltr'><strong>se</strong></span> <span class='ocrx_word' id='word_1_104' title='bbox 1686 861 1728 902; x_wconf 90' lang='lat' dir='ltr'><strong>in</strong></span> 
     </span>
     <span class='ocr_line' id='line_1_14' title="bbox 283 915 1731 971; baseline 0.001 -14"><span class='ocrx_word' id='word_1_105' title='bbox 283 916 418 957; x_wconf 83' lang='lat' dir='ltr'><strong>aciem</strong></span> <span class='ocrx_word' id='word_1_106' title='bbox 462 917 689 958; x_wconf 89' lang='lat' dir='ltr'><strong>instructas</strong></span> <span class='ocrx_word' id='word_1_107' title='bbox 726 916 901 957; x_wconf 70' lang='lat' dir='ltr'><strong>intuens,</strong></span> <span class='ocrx_word' id='word_1_108' title='bbox 922 915 1252 971; x_wconf 82' lang='lat' dir='ltr'>collacrymatus</span> <span class='ocrx_word' id='word_1_109' title='bbox 1283 924 1406 963; x_wconf 87' lang='lat' dir='ltr'><strong>esset,</strong></span> <span class='ocrx_word' id='word_1_110' title='bbox 1439 915 1650 956; x_wconf 88' lang='lat' dir='ltr'><strong>neminem</strong></span> <span class='ocrx_word' id='word_1_111' title='bbox 1681 931 1731 958; x_wconf 90' lang='lat' dir='ltr'><strong>ex</strong></span> 
     </span>
     <span class='ocr_line' id='line_1_15' title="bbox 284 970 1731 1026; baseline 0.001 -13"><span class='ocrx_word' id='word_1_112' title='bbox 284 981 350 1014; x_wconf 86' lang='lat' dir='ltr'><strong>tot</strong></span> <span class='ocrx_word' id='word_1_113' title='bbox 382 972 571 1022; x_wconf 81' lang='lat' dir='ltr'><strong>millibus</strong></span> <span class='ocrx_word' id='word_1_114' title='bbox 608 972 662 1013; x_wconf 90' lang='lat' dir='ltr'><strong>ad</strong></span> <span class='ocrx_word' id='word_1_115' title='bbox 696 982 866 1013; x_wconf 89' lang='lat' dir='ltr'><strong>centum</strong></span> <span class='ocrx_word' id='word_1_116' title='bbox 901 986 1034 1014; x_wconf 88' lang='lat' dir='ltr'><strong>annos</strong></span> <span class='ocrx_word' id='word_1_117' title='bbox 1064 971 1332 1026; x_wconf 81' lang='lat' dir='ltr'><strong>superstitem</strong></span> <span class='ocrx_word' id='word_1_118' title='bbox 1368 970 1575 1023; x_wconf 87' lang='lat' dir='ltr'><strong>futurum,</strong></span> <span class='ocrx_word' id='word_1_119' title='bbox 1609 972 1731 1014; x_wconf 89' lang='lat' dir='ltr'><strong>illum</strong></span> 
     </span>
     <span class='ocr_line' id='line_1_16' title="bbox 284 1027 1729 1085; baseline 0.001 -15"><span class='ocrx_word' id='word_1_120' title='bbox 284 1029 418 1070; x_wconf 87' lang='lat' dir='ltr'><strong>Xerxi</strong></span> <span class='ocrx_word' id='word_1_121' title='bbox 446 1029 741 1084; x_wconf 86' lang='lat' dir='ltr'><strong>respondisse:</strong></span> <span class='ocrx_word' id='word_1_122' title='bbox 774 1039 818 1070; x_wconf 90' lang='lat' dir='ltr'><strong>at</strong></span> <span class='ocrx_word' id='word_1_123' title='bbox 838 1037 925 1069; x_wconf 88' lang='lat' dir='ltr'><strong>tam</strong></span> <span class='ocrx_word' id='word_1_124' title='bbox 950 1028 1087 1069; x_wconf 89' lang='lat' dir='ltr'><strong>multa</strong></span> <span class='ocrx_word' id='word_1_125' title='bbox 1111 1035 1223 1078; x_wconf 88' lang='lat' dir='ltr'><strong>sunt,</strong></span> <span class='ocrx_word' id='word_1_126' title='bbox 1245 1036 1418 1082; x_wconf 89' lang='lat' dir='ltr'><strong>tamque</strong></span> <span class='ocrx_word' id='word_1_127' title='bbox 1446 1027 1613 1080; x_wconf 89' lang='lat' dir='ltr'><strong>misera,</strong></span> <span class='ocrx_word' id='word_1_128' title='bbox 1634 1044 1729 1085; x_wconf 89' lang='lat' dir='ltr'><strong>quae</strong></span> 
     </span>
     <span class='ocr_line' id='line_1_17' title="bbox 284 1083 1730 1141; baseline 0.001 -14"><span class='ocrx_word' id='word_1_129' title='bbox 284 1087 466 1127; x_wconf 78' lang='lat' dir='ltr'><strong>viventes</strong></span> <span class='ocrx_word' id='word_1_130' title='bbox 489 1086 719 1141; x_wconf 88' lang='lat' dir='ltr'><strong>perferunt,</strong></span> <span class='ocrx_word' id='word_1_131' title='bbox 740 1096 789 1127; x_wconf 89' lang='lat' dir='ltr'><strong>ut</strong></span> <span class='ocrx_word' id='word_1_132' title='bbox 810 1100 936 1126; x_wconf 90' lang='lat' dir='ltr'><strong>nemo</strong></span> <span class='ocrx_word' id='word_1_133' title='bbox 958 1084 1026 1136; x_wconf 85' lang='lat' dir='ltr'><strong>sit,</strong></span> <span class='ocrx_word' id='word_1_134' title='bbox 1046 1084 1148 1140; x_wconf 89' lang='lat' dir='ltr'><strong>quin</strong></span> <span class='ocrx_word' id='word_1_135' title='bbox 1168 1083 1276 1125; x_wconf 82' lang='lat' dir='ltr'><strong>mori</strong></span> <span class='ocrx_word' id='word_1_136' title='bbox 1305 1083 1536 1139; x_wconf 80' lang='lat' dir='ltr'><strong>saepissime</strong></span> <span class='ocrx_word' id='word_1_137' title='bbox 1556 1086 1701 1141; x_wconf 77' lang='lat' dir='ltr'><strong>cupiat</strong></span> <span class='ocrx_word' id='word_1_138' title='bbox 1720 1103 1730 1128; x_wconf 80' lang='lat' dir='ltr'><em>z</em></span> 
     </span>
     <span class='ocr_line' id='line_1_18' title="bbox 283 1140 1732 1196; baseline 0 -12"><span class='ocrx_word' id='word_1_139' title='bbox 283 1158 382 1184; x_wconf 89' lang='lat' dir='ltr'><strong>cum</strong></span> <span class='ocrx_word' id='word_1_140' title='bbox 405 1142 634 1184; x_wconf 85' lang='lat' dir='ltr'><strong>incidentes</strong></span> <span class='ocrx_word' id='word_1_141' title='bbox 655 1143 932 1192; x_wconf 84' lang='lat' dir='ltr'><strong>calamitates,</strong></span> <span class='ocrx_word' id='word_1_142' title='bbox 952 1151 995 1183; x_wconf 89' lang='lat' dir='ltr'><strong>et</strong></span> <span class='ocrx_word' id='word_1_143' title='bbox 1015 1140 1153 1182; x_wconf 86' lang='lat' dir='ltr'><strong>morbi</strong></span> <span class='ocrx_word' id='word_1_144' title='bbox 1172 1140 1300 1181; x_wconf 82' lang='lat' dir='ltr'><strong>vitam</strong></span> <span class='ocrx_word' id='word_1_145' title='bbox 1330 1140 1438 1181; x_wconf 88' lang='lat' dir='ltr'><strong>adeo</strong></span> <span class='ocrx_word' id='word_1_146' title='bbox 1467 1143 1732 1196; x_wconf 88' lang='lat' dir='ltr'><strong>perturbent,</strong></span> 
     </span>
     <span class='ocr_line' id='line_1_19' title="bbox 284 1197 1731 1254; baseline -0.001 -13"><span class='ocrx_word' id='word_1_147' title='bbox 284 1200 595 1254; x_wconf 82' lang='lat' dir='ltr'><strong>sollicitamque</strong></span> <span class='ocrx_word' id='word_1_148' title='bbox 615 1199 812 1248; x_wconf 80' lang='lat' dir='ltr'><strong>habeant,</strong></span> <span class='ocrx_word' id='word_1_149' title='bbox 834 1209 880 1240; x_wconf 89' lang='lat' dir='ltr'><strong>ut</strong></span> <span class='ocrx_word' id='word_1_150' title='bbox 900 1197 1149 1253; x_wconf 85' lang='lat' dir='ltr'><strong>longissima</strong></span> <span class='ocrx_word' id='word_1_151' title='bbox 1167 1197 1366 1238; x_wconf 86' lang='lat' dir='ltr'><strong>videatur.</strong></span> <span class='ocrx_word' id='word_1_152' title='bbox 1388 1198 1530 1253; x_wconf 87' lang='lat' dir='ltr'><strong>itaque</strong></span> <span class='ocrx_word' id='word_1_153' title='bbox 1550 1208 1731 1240; x_wconf 90' lang='lat' dir='ltr'><strong>mortem</strong></span> 
     </span>
     <span class='ocr_line' id='line_1_20' title="bbox 282 1254 1733 1311; baseline 0.001 -15"><span class='ocrx_word' id='word_1_154' title='bbox 282 1256 523 1311; x_wconf 81' lang='lat' dir='ltr'><strong>perfugium</strong></span> <span class='ocrx_word' id='word_1_155' title='bbox 557 1270 647 1296; x_wconf 86' lang='lat' dir='ltr'><strong>esse</strong></span> <span class='ocrx_word' id='word_1_156' title='bbox 681 1270 929 1296; x_wconf 81' lang='lat' dir='ltr'><strong>aerumnosae</strong></span> <span class='ocrx_word' id='word_1_157' title='bbox 961 1255 1070 1304; x_wconf 80' lang='lat' dir='ltr'><strong>vitae,</strong></span> <span class='ocrx_word' id='word_1_158' title='bbox 1093 1254 1286 1295; x_wconf 87' lang='lat' dir='ltr'><strong>dubitare</strong></span> <span class='ocrx_word' id='word_1_159' title='bbox 1314 1268 1441 1294; x_wconf 86' lang='lat' dir='ltr'><strong>nemo</strong></span> <span class='ocrx_word' id='word_1_160' title='bbox 1469 1264 1624 1309; x_wconf 87' lang='lat' dir='ltr'><strong>potest.</strong></span> <span class='ocrx_word' id='word_1_161' title='bbox 1654 1270 1733 1297; x_wconf 89' lang='lat' dir='ltr'><strong>nec</strong></span> 
     </span>
     <span class='ocr_line' id='line_1_21' title="bbox 284 1310 1733 1360; baseline 0 -7"><span class='ocrx_word' id='word_1_162' title='bbox 284 1313 348 1353; x_wconf 82' lang='lat' dir='ltr'><strong>his</strong></span> <span class='ocrx_word' id='word_1_163' title='bbox 371 1323 597 1354; x_wconf 88' lang='lat' dir='ltr'><strong>contentus</strong></span> <span class='ocrx_word' id='word_1_164' title='bbox 623 1312 742 1353; x_wconf 84' lang='lat' dir='ltr'><strong>addit</strong></span> <span class='ocrx_word' id='word_1_165' title='bbox 765 1313 893 1353; x_wconf 89' lang='lat' dir='ltr'><strong>etiarn</strong></span> <span class='ocrx_word' id='word_1_166' title='bbox 927 1311 1060 1352; x_wconf 87' lang='lat' dir='ltr'><strong>illud:</strong></span> <span class='ocrx_word' id='word_1_167' title='bbox 1092 1310 1194 1351; x_wconf 89' lang='lat' dir='ltr'><strong>deos</strong></span> <span class='ocrx_word' id='word_1_168' title='bbox 1224 1310 1500 1360; x_wconf 80' lang='lat' dir='ltr'><strong>immortales,</strong></span> <span class='ocrx_word' id='word_1_169' title='bbox 1522 1326 1619 1352; x_wconf 86' lang='lat' dir='ltr'><strong>curn</strong></span> <span class='ocrx_word' id='word_1_170' title='bbox 1653 1312 1733 1353; x_wconf 87' lang='lat' dir='ltr'><strong>ho·-</strong></span> 
     </span>
     <span class='ocr_line' id='line_1_22' title="bbox 283 1366 1731 1425; baseline 0 -15"><span class='ocrx_word' id='word_1_171' title='bbox 283 1370 448 1410; x_wconf 87' lang='lat' dir='ltr'><strong>minum</strong></span> <span class='ocrx_word' id='word_1_172' title='bbox 471 1369 612 1420; x_wconf 89' lang='lat' dir='ltr'><strong>vitam,</strong></span> <span class='ocrx_word' id='word_1_173' title='bbox 634 1385 728 1425; x_wconf 85' lang='lat' dir='ltr'><strong>quae</strong></span> <span class='ocrx_word' id='word_1_174' title='bbox 749 1368 856 1410; x_wconf 91' lang='lat' dir='ltr'><strong>adeo</strong></span> <span class='ocrx_word' id='word_1_175' title='bbox 876 1368 1029 1409; x_wconf 86' lang='lat' dir='ltr'><strong>misera</strong></span> <span class='ocrx_word' id='word_1_176' title='bbox 1056 1367 1124 1418; x_wconf 88' lang='lat' dir='ltr'><strong>sit,</strong></span> <span class='ocrx_word' id='word_1_177' title='bbox 1146 1366 1292 1408; x_wconf 90' lang='lat' dir='ltr'><strong>multis</strong></span> <span class='ocrx_word' id='word_1_178' title='bbox 1322 1367 1533 1408; x_wconf 91' lang='lat' dir='ltr'><strong>bonorum</strong></span> <span class='ocrx_word' id='word_1_179' title='bbox 1562 1368 1731 1424; x_wconf 84' lang='lat' dir='ltr'><strong>integu-</strong></span> 
     </span>
     <span class='ocr_line' id='line_1_23' title="bbox 282 1422 1731 1481; baseline -0.001 -14"><span class='ocrx_word' id='word_1_180' title='bbox 282 1427 437 1467; x_wconf 85' lang='lat' dir='ltr'><strong>mentis</strong></span> <span class='ocrx_word' id='word_1_181' title='bbox 468 1426 660 1467; x_wconf 83' lang='lat' dir='ltr'><strong>velarunt</strong></span> <span class='ocrx_word' id='word_1_182' title='bbox 698 1435 741 1467; x_wconf 91' lang='lat' dir='ltr'><strong>et</strong></span> <span class='ocrx_word' id='word_1_183' title='bbox 778 1433 1054 1481; x_wconf 86' lang='lat' dir='ltr'><strong>operuerunt,</strong></span> <span class='ocrx_word' id='word_1_184' title='bbox 1085 1423 1236 1464; x_wconf 87' lang='lat' dir='ltr'><strong>fecisse</strong></span> <span class='ocrx_word' id='word_1_185' title='bbox 1266 1422 1588 1479; x_wconf 86' lang='lat' dir='ltr'><strong>quodammodo</strong></span> <span class='ocrx_word' id='word_1_186' title='bbox 1627 1425 1731 1466; x_wconf 86' lang='lat' dir='ltr'><strong>invi-</strong></span> 
     </span>
     <span class='ocr_line' id='line_1_24' title="bbox 283 1481 1732 1536; baseline -0.001 -12"><span class='ocrx_word' id='word_1_187' title='bbox 283 1483 468 1534; x_wconf 90' lang='lat' dir='ltr'><strong>dentius,</strong></span> <span class='ocrx_word' id='word_1_188' title='bbox 489 1497 541 1523; x_wconf 92' lang='lat' dir='ltr'><strong>ne</strong></span> <span class='ocrx_word' id='word_1_189' title='bbox 562 1482 712 1524; x_wconf 89' lang='lat' dir='ltr'><strong>mortis</strong></span> <span class='ocrx_word' id='word_1_190' title='bbox 735 1483 998 1531; x_wconf 85' lang='lat' dir='ltr'><strong>suavitatem,</strong></span> <span class='ocrx_word' id='word_1_191' title='bbox 1021 1489 1178 1536; x_wconf 88' lang='lat' dir='ltr'><strong>quanta</strong></span> <span class='ocrx_word' id='word_1_192' title='bbox 1197 1488 1276 1531; x_wconf 88' lang='lat' dir='ltr'><strong>est,</strong></span> <span class='ocrx_word' id='word_1_193' title='bbox 1298 1481 1413 1521; x_wconf 90' lang='lat' dir='ltr'><strong>omni</strong></span> <span class='ocrx_word' id='word_1_194' title='bbox 1436 1495 1487 1522; x_wconf 89' lang='lat' dir='ltr'><strong>ex</strong></span> <span class='ocrx_word' id='word_1_195' title='bbox 1510 1490 1631 1536; x_wconf 90' lang='lat' dir='ltr'><strong>parte</strong></span> <span class='ocrx_word' id='word_1_196' title='bbox 1657 1481 1732 1523; x_wconf 89' lang='lat' dir='ltr'><strong>de-</strong></span> 
     </span>
     <span class='ocr_line' id='line_1_25' title="bbox 281 1537 1735 1594; baseline 0 -14"><span class='ocrx_word' id='word_1_197' title='bbox 281 1550 566 1594; x_wconf 86' lang='lat' dir='ltr'><strong>gustaremus.</strong></span> <span class='ocrx_word' id='word_1_198' title='bbox 606 1539 916 1594; x_wconf 86' lang='lat' dir='ltr'><strong>Amphiaraum</strong></span> <span class='ocrx_word' id='word_1_199' title='bbox 938 1538 1093 1579; x_wconf 84' lang='lat' dir='ltr'><strong>fabulae</strong></span> <span class='ocrx_word' id='word_1_200' title='bbox 1116 1545 1299 1588; x_wconf 85' lang='lat' dir='ltr'><strong>narrant,</strong></span> <span class='ocrx_word' id='word_1_201' title='bbox 1320 1537 1429 1587; x_wconf 87' lang='lat' dir='ltr'><strong>Jovi,</strong></span> <span class='ocrx_word' id='word_1_202' title='bbox 1449 1547 1576 1593; x_wconf 88' lang='lat' dir='ltr'><strong>atque</strong></span> <span class='ocrx_word' id='word_1_203' title='bbox 1596 1538 1735 1593; x_wconf 87' lang='lat' dir='ltr'><strong>Apol·</strong></span> 
     </span>
     <span class='ocr_line' id='line_1_26' title="bbox 283 1593 1733 1650; baseline -0.001 -13"><span class='ocrx_word' id='word_1_204' title='bbox 283 1596 357 1637; x_wconf 90' lang='lat' dir='ltr'><strong>lini</strong></span> <span class='ocrx_word' id='word_1_205' title='bbox 380 1596 508 1637; x_wconf 87' lang='lat' dir='ltr'><strong>fuisse</strong></span> <span class='ocrx_word' id='word_1_206' title='bbox 538 1596 818 1646; x_wconf 84' lang='lat' dir='ltr'><strong>carissimum,</strong></span> <span class='ocrx_word' id='word_1_207' title='bbox 841 1609 977 1650; x_wconf 88' lang='lat' dir='ltr'><strong>neque</strong></span> <span class='ocrx_word' id='word_1_208' title='bbox 1005 1603 1149 1635; x_wconf 87' lang='lat' dir='ltr'><strong>tamen</strong></span> <span class='ocrx_word' id='word_1_209' title='bbox 1176 1593 1299 1634; x_wconf 88' lang='lat' dir='ltr'><strong>illum</strong></span> <span class='ocrx_word' id='word_1_210' title='bbox 1331 1594 1495 1634; x_wconf 88' lang='lat' dir='ltr'><strong>senium</strong></span> <span class='ocrx_word' id='word_1_211' title='bbox 1525 1595 1733 1650; x_wconf 83' lang='lat' dir='ltr'><strong>attigisse.</strong></span> 
     </span>
     <span class='ocr_line' id='line_1_27' title="bbox 282 1650 1729 1708; baseline 0 -15"><span class='ocrx_word' id='word_1_212' title='bbox 282 1667 332 1693; x_wconf 78' lang='lat' dir='ltr'><strong>cx</strong></span> <span class='ocrx_word' id='word_1_213' title='bbox 363 1668 450 1708; x_wconf 90' lang='lat' dir='ltr'><strong>quo</strong></span> <span class='ocrx_word' id='word_1_214' title='bbox 479 1653 583 1708; x_wconf 87' lang='lat' dir='ltr'><strong>quid</strong></span> <span class='ocrx_word' id='word_1_215' title='bbox 613 1652 726 1693; x_wconf 90' lang='lat' dir='ltr'><strong>aliud</strong></span> <span class='ocrx_word' id='word_1_216' title='bbox 759 1651 913 1708; x_wconf 85' lang='lat' dir='ltr'><strong>conjici</strong></span> <span class='ocrx_word' id='word_1_217' title='bbox 945 1659 1098 1707; x_wconf 88' lang='lat' dir='ltr'><strong>potest,</strong></span> <span class='ocrx_word' id='word_1_218' title='bbox 1129 1665 1257 1705; x_wconf 87' lang='lat' dir='ltr'><strong>quam</strong></span> <span class='ocrx_word' id='word_1_219' title='bbox 1288 1650 1438 1691; x_wconf 86' lang='lat' dir='ltr'><strong>mortis</strong></span> <span class='ocrx_word' id='word_1_220' title='bbox 1469 1650 1729 1693; x_wconf 85' lang='lat' dir='ltr'><strong>celeritatem</strong></span> 
     </span>
     <span class='ocr_line' id='line_1_28' title="bbox 282 1705 1733 1764; baseline 0.001 -16"><span class='ocrx_word' id='word_1_221' title='bbox 282 1709 471 1750; x_wconf 81' lang='lat' dir='ltr'><strong>divinum</strong></span> <span class='ocrx_word' id='word_1_222' title='bbox 493 1724 662 1760; x_wconf 88' lang='lat' dir='ltr'><strong>munus,</strong></span> <span class='ocrx_word' id='word_1_223' title='bbox 679 1718 722 1750; x_wconf 91' lang='lat' dir='ltr'><strong>et</strong></span> <span class='ocrx_word' id='word_1_224' title='bbox 741 1708 907 1750; x_wconf 90' lang='lat' dir='ltr'><strong>lucrum</strong></span> <span class='ocrx_word' id='word_1_225' title='bbox 930 1722 1020 1749; x_wconf 86' lang='lat' dir='ltr'><strong>esse</strong></span> <span class='ocrx_word' id='word_1_226' title='bbox 1044 1707 1274 1748; x_wconf 86' lang='lat' dir='ltr'><strong>maximum</strong></span> <span class='ocrx_word' id='word_1_227' title='bbox 1292 1707 1306 1747; x_wconf 86' lang='lat'>?</span> <span class='ocrx_word' id='word_1_228' title='bbox 1330 1705 1472 1764; x_wconf 86' lang='lat' dir='ltr'><strong>itaque</strong></span> <span class='ocrx_word' id='word_1_229' title='bbox 1491 1707 1646 1749; x_wconf 88' lang='lat' dir='ltr'><strong>scitum</strong></span> <span class='ocrx_word' id='word_1_230' title='bbox 1668 1715 1733 1750; x_wconf 83' lang='lat' dir='ltr'><strong>est</strong></span> 
     </span>
     <span class='ocr_line' id='line_1_29' title="bbox 284 1766 655 1808; baseline 0 -1"><span class='ocrx_word' id='word_1_231' title='bbox 284 1766 390 1808; x_wconf 90' lang='lat' dir='ltr'><strong>illud</strong></span> <span class='ocrx_word' id='word_1_232' title='bbox 410 1766 625 1807; x_wconf 87' lang='lat' dir='ltr'><strong>comicum</strong></span> <span class='ocrx_word' id='word_1_233' title='bbox 646 1782 655 1807; x_wconf 87' lang='lat'>:</span> 
     </span>
    </p>
   </div>
   <div class='ocr_carea' id='block_1_3' title="bbox 390 1856 1183 1962">
    <p class='ocr_par' dir='ltr' id='par_1_3' title="bbox 390 1856 1183 1962">
     <span class='ocr_line' id='line_1_30' title="bbox 391 1856 1099 1910; baseline -0.006 -13"><span class='ocrx_word' id='word_1_234' title='bbox 391 1861 487 1897; x_wconf 81' lang='lat' dir='ltr'><strong>Nam</strong></span> <span class='ocrx_word' id='word_1_235' title='bbox 506 1873 585 1910; x_wconf 74' lang='lat' dir='ltr'><strong>quae</strong></span> <span class='ocrx_word' id='word_1_236' title='bbox 603 1865 730 1903; x_wconf 79' lang='lat' dir='ltr'><strong>tuctur,</strong></span> <span class='ocrx_word' id='word_1_237' title='bbox 751 1867 854 1909; x_wconf 74' lang='lat' dir='ltr'><strong>atque</strong></span> <span class='ocrx_word' id='word_1_238' title='bbox 872 1856 990 1907; x_wconf 78' lang='lat' dir='ltr'><strong>diligit</strong></span> <span class='ocrx_word' id='word_1_239' title='bbox 1007 1856 1099 1900; x_wconf 77' lang='lat' dir='ltr'><strong>deus,</strong></span> 
     </span>
     <span class='ocr_line' id='line_1_31' title="bbox 390 1911 1183 1962; baseline -0.004 -13"><span class='ocrx_word' id='word_1_240' title='bbox 390 1912 543 1960; x_wconf 75' lang='lat' dir='ltr'><strong>Juvenis</strong></span> <span class='ocrx_word' id='word_1_241' title='bbox 563 1923 752 1962; x_wconf 70' lang='lat' dir='ltr'><strong>supremum</strong></span> <span class='ocrx_word' id='word_1_242' title='bbox 773 1912 887 1948; x_wconf 82' lang='lat' dir='ltr'><strong>mortis</strong></span> <span class='ocrx_word' id='word_1_243' title='bbox 906 1911 1016 1948; x_wconf 83' lang='lat' dir='ltr'><strong>intrat</strong></span> <span class='ocrx_word' id='word_1_244' title='bbox 1034 1911 1183 1947; x_wconf 76' lang='lat' dir='ltr'><strong>limitem.</strong></span> 
     </span>
    </p>
   </div>
   <div class='ocr_carea' id='block_1_4' title="bbox 279 1983 1732 2896">
    <p class='ocr_par' dir='ltr' id='par_1_4' title="bbox 279 1983 1732 2896">
     <span class='ocr_line' id='line_1_32' title="bbox 282 1983 1730 2041; baseline 0.001 -13"><span class='ocrx_word' id='word_1_245' title='bbox 282 1987 513 2029; x_wconf 87' lang='lat' dir='ltr'><strong>Neminem</strong></span> <span class='ocrx_word' id='word_1_246' title='bbox 556 1986 685 2035; x_wconf 88' lang='lat' dir='ltr'><strong>enim,</strong></span> <span class='ocrx_word' id='word_1_247' title='bbox 716 1987 842 2041; x_wconf 77' lang='lat' dir='ltr'><strong>&#39;quem</strong></span> <span class='ocrx_word' id='word_1_248' title='bbox 876 1983 1096 2025; x_wconf 90' lang='lat' dir='ltr'><strong>dilexerint</strong></span> <span class='ocrx_word' id='word_1_249' title='bbox 1132 1983 1204 2033; x_wconf 88' lang='lat' dir='ltr'><strong>dii,</strong></span> <span class='ocrx_word' id='word_1_250' title='bbox 1236 1984 1455 2039; x_wconf 88' lang='lat' dir='ltr'><strong>patiuntur</strong></span> <span class='ocrx_word' id='word_1_251' title='bbox 1482 1999 1572 2027; x_wconf 87' lang='lat' dir='ltr'><strong>esse</strong></span> <span class='ocrx_word' id='word_1_252' title='bbox 1602 1986 1730 2029; x_wconf 89' lang='lat' dir='ltr'><strong>mise-</strong></span> 
     </span>
     <span class='ocr_line' id='line_1_33' title="bbox 284 2041 1731 2098; baseline 0.001 -13"><span class='ocrx_word' id='word_1_253' title='bbox 284 2060 394 2086; x_wconf 87' lang='lat' dir='ltr'><strong>rum.</strong></span> <span class='ocrx_word' id='word_1_254' title='bbox 432 2057 561 2098; x_wconf 89' lang='lat' dir='ltr'><strong>quare</strong></span> <span class='ocrx_word' id='word_1_255' title='bbox 588 2043 715 2083; x_wconf 78' lang='lat' dir='ltr'><strong>vitam</strong></span> <span class='ocrx_word' id='word_1_256' title='bbox 744 2041 819 2092; x_wconf 87' lang='lat' dir='ltr'><strong>eis,</strong></span> <span class='ocrx_word' id='word_1_257' title='bbox 842 2041 1103 2081; x_wconf 89' lang='lat' dir='ltr'><strong>miseriarum</strong></span> <span class='ocrx_word' id='word_1_258' title='bbox 1135 2041 1320 2096; x_wconf 85' lang='lat' dir='ltr'><strong>plenam,</strong></span> <span class='ocrx_word' id='word_1_259' title='bbox 1342 2041 1531 2084; x_wconf 85' lang='lat' dir='ltr'><strong>adimant</strong></span> <span class='ocrx_word' id='word_1_260' title='bbox 1561 2058 1731 2086; x_wconf 87' lang='lat' dir='ltr'><strong>necesse</strong></span> 
     </span>
     <span class='ocr_line' id='line_1_34' title="bbox 283 2097 1730 2156; baseline 0 -14"><span class='ocrx_word' id='word_1_261' title='bbox 283 2111 362 2142; x_wconf 85' lang='lat' dir='ltr'><strong>est.</strong></span> <span class='ocrx_word' id='word_1_262' title='bbox 387 2100 489 2156; x_wconf 88' lang='lat' dir='ltr'><strong>quid</strong></span> <span class='ocrx_word' id='word_1_263' title='bbox 510 2108 651 2141; x_wconf 83' lang='lat' dir='ltr'><strong>autem</strong></span> <span class='ocrx_word' id='word_1_264' title='bbox 673 2098 920 2154; x_wconf 88' lang='lat' dir='ltr'><strong>contingere</strong></span> <span class='ocrx_word' id='word_1_265' title='bbox 945 2097 1106 2138; x_wconf 86' lang='lat' dir='ltr'><strong>homini</strong></span> <span class='ocrx_word' id='word_1_266' title='bbox 1128 2108 1214 2138; x_wconf 86' lang='lat' dir='ltr'><strong>tam</strong></span> <span class='ocrx_word' id='word_1_267' title='bbox 1234 2107 1406 2153; x_wconf 86' lang='lat' dir='ltr'><strong>gratum</strong></span> <span class='ocrx_word' id='word_1_268' title='bbox 1437 2109 1594 2154; x_wconf 89' lang='lat' dir='ltr'><strong>potest,</strong></span> <span class='ocrx_word' id='word_1_269' title='bbox 1615 2101 1730 2156; x_wconf 88' lang='lat' dir='ltr'><strong>quod</strong></span> 
     </span>
     <span class='ocr_line' id='line_1_35' title="bbox 285 2154 1731 2212; baseline -0.001 -14"><span class='ocrx_word' id='word_1_270' title='bbox 285 2173 381 2198; x_wconf 84' lang='lat' dir='ltr'><strong>eum</strong></span> <span class='ocrx_word' id='word_1_271' title='bbox 413 2170 674 2212; x_wconf 81' lang='lat' dir='ltr'><strong>magnopere</strong></span> <span class='ocrx_word' id='word_1_272' title='bbox 702 2156 742 2196; x_wconf 91' lang='lat' dir='ltr'><strong>in</strong></span> <span class='ocrx_word' id='word_1_273' title='bbox 764 2155 846 2196; x_wconf 85' lang='lat' dir='ltr'><strong>vita</strong></span> <span class='ocrx_word' id='word_1_274' title='bbox 877 2154 1082 2195; x_wconf 84' lang='lat' dir='ltr'><strong>retineat?</strong></span> <span class='ocrx_word' id='word_1_275' title='bbox 1115 2154 1322 2209; x_wconf 80' lang='lat' dir='ltr'><strong>voluptas,</strong></span> <span class='ocrx_word' id='word_1_276' title='bbox 1354 2155 1497 2207; x_wconf 88' lang='lat' dir='ltr'><strong>credo,</strong></span> <span class='ocrx_word' id='word_1_277' title='bbox 1524 2171 1649 2212; x_wconf 89' lang='lat' dir='ltr'><strong>quam</strong></span> <span class='ocrx_word' id='word_1_278' title='bbox 1679 2171 1731 2198; x_wconf 89' lang='lat' dir='ltr'><strong>ex</strong></span> 
     </span>
     <span class='ocr_line' id='line_1_36' title="bbox 283 2210 1731 2271; baseline -0.001 -16"><span class='ocrx_word' id='word_1_279' title='bbox 283 2213 461 2271; x_wconf 89' lang='lat' dir='ltr'><strong>alicujus</strong></span> <span class='ocrx_word' id='word_1_280' title='bbox 494 2214 577 2254; x_wconf 83' lang='lat' dir='ltr'><strong>sive</strong></span> <span class='ocrx_word' id='word_1_281' title='bbox 601 2212 716 2262; x_wconf 88' lang='lat' dir='ltr'><strong>artis,</strong></span> <span class='ocrx_word' id='word_1_282' title='bbox 737 2211 821 2253; x_wconf 90' lang='lat' dir='ltr'><strong>sive</strong></span> <span class='ocrx_word' id='word_1_283' title='bbox 848 2210 1053 2251; x_wconf 82' lang='lat' dir='ltr'><strong>doctrinae</strong></span> <span class='ocrx_word' id='word_1_284' title='bbox 1082 2211 1332 2252; x_wconf 86' lang='lat' dir='ltr'><strong>tractatione</strong></span> <span class='ocrx_word' id='word_1_285' title='bbox 1356 2212 1546 2267; x_wconf 90' lang='lat' dir='ltr'><strong>percipit.</strong></span> <span class='ocrx_word' id='word_1_286' title='bbox 1579 2221 1622 2254; x_wconf 89' lang='lat' dir='ltr'><strong>at</strong></span> <span class='ocrx_word' id='word_1_287' title='bbox 1651 2212 1731 2254; x_wconf 89' lang='lat' dir='ltr'><strong>do-</strong></span> 
     </span>
     <span class='ocr_line' id='line_1_37' title="bbox 284 2267 1732 2325; baseline -0.001 -12"><span class='ocrx_word' id='word_1_288' title='bbox 284 2271 420 2313; x_wconf 81' lang='lat' dir='ltr'><strong>ctrina</strong></span> <span class='ocrx_word' id='word_1_289' title='bbox 439 2269 772 2320; x_wconf 78' lang='lat' dir='ltr'><strong>aemulationem,</strong></span> <span class='ocrx_word' id='word_1_290' title='bbox 792 2269 985 2310; x_wconf 88' lang='lat' dir='ltr'><strong>omnium</strong></span> <span class='ocrx_word' id='word_1_291' title='bbox 1010 2282 1149 2308; x_wconf 87' lang='lat' dir='ltr'><strong>rerum</strong></span> <span class='ocrx_word' id='word_1_292' title='bbox 1179 2267 1536 2319; x_wconf 87' lang='lat' dir='ltr'><strong>molestissimam,</strong></span> <span class='ocrx_word' id='word_1_293' title='bbox 1558 2269 1591 2310; x_wconf 89' lang='lat' dir='ltr'><strong>si</strong></span> <span class='ocrx_word' id='word_1_294' title='bbox 1614 2284 1732 2325; x_wconf 88' lang='lat' dir='ltr'><strong>quae-</strong></span> 
     </span>
     <span class='ocr_line' id='line_1_38' title="bbox 284 2324 1730 2383; baseline 0 -14"><span class='ocrx_word' id='word_1_295' title='bbox 284 2329 354 2377; x_wconf 82' lang='lat' dir='ltr'><strong>ris,</strong></span> <span class='ocrx_word' id='word_1_296' title='bbox 377 2327 505 2369; x_wconf 87' lang='lat' dir='ltr'><strong>etiam</strong></span> <span class='ocrx_word' id='word_1_297' title='bbox 528 2326 717 2367; x_wconf 89' lang='lat' dir='ltr'><strong>dolorem</strong></span> <span class='ocrx_word' id='word_1_298' title='bbox 748 2325 871 2381; x_wconf 87' lang='lat' dir='ltr'><strong>parit.</strong></span> <span class='ocrx_word' id='word_1_299' title='bbox 894 2339 978 2365; x_wconf 87' lang='lat' dir='ltr'><strong>non</strong></span> <span class='ocrx_word' id='word_1_300' title='bbox 1006 2332 1095 2365; x_wconf 85' lang='lat' dir='ltr'><strong>tam</strong></span> <span class='ocrx_word' id='word_1_301' title='bbox 1128 2324 1240 2365; x_wconf 89' lang='lat' dir='ltr'><strong>enim</strong></span> <span class='ocrx_word' id='word_1_302' title='bbox 1272 2324 1548 2376; x_wconf 88' lang='lat' dir='ltr'><strong>delectamur,</strong></span> <span class='ocrx_word' id='word_1_303' title='bbox 1568 2326 1730 2383; x_wconf 86' lang='lat' dir='ltr'><strong>aliquid</strong></span> 
     </span>
     <span class='ocr_line' id='line_1_39' title="bbox 284 2380 1730 2439; baseline -0.001 -14"><span class='ocrx_word' id='word_1_304' title='bbox 284 2385 511 2434; x_wconf 78' lang='lat' dir='ltr'><strong>discentes,</strong></span> <span class='ocrx_word' id='word_1_305' title='bbox 532 2398 661 2439; x_wconf 85' lang='lat' dir='ltr'><strong>quam</strong></span> <span class='ocrx_word' id='word_1_306' title='bbox 687 2383 900 2438; x_wconf 80' lang='lat' dir='ltr'><strong>angimur,</strong></span> <span class='ocrx_word' id='word_1_307' title='bbox 922 2381 1059 2422; x_wconf 89' lang='lat' dir='ltr'><strong>multo</strong></span> <span class='ocrx_word' id='word_1_308' title='bbox 1085 2381 1219 2437; x_wconf 87' lang='lat' dir='ltr'><strong>plura,</strong></span> <span class='ocrx_word' id='word_1_309' title='bbox 1240 2396 1288 2422; x_wconf 90' lang='lat' dir='ltr'><strong>ac</strong></span> <span class='ocrx_word' id='word_1_310' title='bbox 1310 2380 1486 2437; x_wconf 88' lang='lat' dir='ltr'><strong>majora,</strong></span> <span class='ocrx_word' id='word_1_311' title='bbox 1509 2398 1602 2438; x_wconf 88' lang='lat' dir='ltr'><strong>quae</strong></span> <span class='ocrx_word' id='word_1_312' title='bbox 1624 2383 1730 2425; x_wconf 89' lang='lat' dir='ltr'><strong>scire</strong></span> 
     </span>
     <span class='ocr_line' id='line_1_40' title="bbox 284 2438 1729 2495; baseline -0.001 -12"><span class='ocrx_word' id='word_1_313' title='bbox 284 2442 501 2491; x_wconf 87' lang='lat' dir='ltr'><strong>vellemus,</strong></span> <span class='ocrx_word' id='word_1_314' title='bbox 539 2441 706 2495; x_wconf 87' lang='lat' dir='ltr'><strong>penitus</strong></span> <span class='ocrx_word' id='word_1_315' title='bbox 742 2440 1000 2495; x_wconf 85' lang='lat' dir='ltr'><strong>ignorantes.</strong></span> <span class='ocrx_word' id='word_1_316' title='bbox 1058 2438 1185 2479; x_wconf 90' lang='lat' dir='ltr'><strong>Artes</strong></span> <span class='ocrx_word' id='word_1_317' title='bbox 1221 2452 1333 2488; x_wconf 92' lang='lat' dir='ltr'><strong>vero,</strong></span> <span class='ocrx_word' id='word_1_318' title='bbox 1369 2453 1472 2494; x_wconf 90' lang='lat' dir='ltr'><strong>quas</strong></span> <span class='ocrx_word' id='word_1_319' title='bbox 1515 2440 1729 2482; x_wconf 85' lang='lat' dir='ltr'><strong>tenuiores</strong></span> 
     </span>
     <span class='ocr_line' id='line_1_41' title="bbox 284 2494 1729 2553; baseline -0.002 -13"><span class='ocrx_word' id='word_1_320' title='bbox 284 2507 482 2549; x_wconf 88' lang='lat' dir='ltr'><strong>tractant,</strong></span> <span class='ocrx_word' id='word_1_321' title='bbox 503 2496 605 2553; x_wconf 91' lang='lat' dir='ltr'><strong>quid</strong></span> <span class='ocrx_word' id='word_1_322' title='bbox 636 2496 797 2537; x_wconf 87' lang='lat' dir='ltr'><strong>habent</strong></span> <span class='ocrx_word' id='word_1_323' title='bbox 815 2495 1058 2551; x_wconf 81' lang='lat' dir='ltr'><strong>voluptatiS,</strong></span> <span class='ocrx_word' id='word_1_324' title='bbox 1081 2504 1154 2535; x_wconf 81' lang='lat' dir='ltr'><strong>aut</strong></span> <span class='ocrx_word' id='word_1_325' title='bbox 1180 2494 1282 2550; x_wconf 87' lang='lat' dir='ltr'><strong>quid</strong></span> <span class='ocrx_word' id='word_1_326' title='bbox 1312 2509 1398 2535; x_wconf 90' lang='lat' dir='ltr'><strong>non</strong></span> <span class='ocrx_word' id='word_1_327' title='bbox 1429 2495 1573 2549; x_wconf 91' lang='lat' dir='ltr'><strong>potius</strong></span> <span class='ocrx_word' id='word_1_328' title='bbox 1592 2496 1729 2538; x_wconf 88' lang='lat' dir='ltr'><strong>mole-</strong></span> 
     </span>
     <span class='ocr_line' id='line_1_42' title="bbox 285 2551 1731 2607; baseline -0.002 -10"><span class='ocrx_word' id='word_1_329' title='bbox 285 2556 475 2606; x_wconf 88' lang='lat' dir='ltr'><strong>stiarum,</strong></span> <span class='ocrx_word' id='word_1_330' title='bbox 508 2563 551 2596; x_wconf 87' lang='lat' dir='ltr'><strong>et</strong></span> <span class='ocrx_word' id='word_1_331' title='bbox 582 2552 806 2594; x_wconf 80' lang='lat' dir='ltr'><strong>moeroris?</strong></span> <span class='ocrx_word' id='word_1_332' title='bbox 850 2560 1009 2607; x_wconf 86' lang='lat' dir='ltr'><strong>quanta</strong></span> <span class='ocrx_word' id='word_1_333' title='bbox 1039 2551 1146 2592; x_wconf 88' lang='lat' dir='ltr'><strong>inter</strong></span> <span class='ocrx_word' id='word_1_334' title='bbox 1175 2566 1265 2602; x_wconf 63' lang='grc' dir='ltr'><strong>ρος,</strong></span> <span class='ocrx_word' id='word_1_335' title='bbox 1295 2552 1368 2607; x_wconf 93' lang='lat' dir='ltr'><strong>qui</strong></span> <span class='ocrx_word' id='word_1_336' title='bbox 1398 2552 1489 2593; x_wconf 91' lang='lat' dir='ltr'><strong>illas</strong></span> <span class='ocrx_word' id='word_1_337' title='bbox 1519 2561 1731 2604; x_wconf 88' lang='lat' dir='ltr'><strong>exercent,</strong></span> 
     </span>
     <span class='ocr_line' id='line_1_43' title="bbox 283 2608 1731 2668; baseline -0.001 -15"><span class='ocrx_word' id='word_1_338' title='bbox 283 2612 488 2668; x_wconf 85' lang='lat' dir='ltr'><strong>perfidia?</strong></span> <span class='ocrx_word' id='word_1_339' title='bbox 523 2622 729 2667; x_wconf 86' lang='lat' dir='ltr'><strong>quantum</strong></span> <span class='ocrx_word' id='word_1_340' title='bbox 760 2609 936 2650; x_wconf 83' lang='lat' dir='ltr'><strong>odium?</strong></span> <span class='ocrx_word' id='word_1_341' title='bbox 971 2617 1130 2663; x_wconf 81' lang='lat' dir='ltr'><strong>quanta</strong></span> <span class='ocrx_word' id='word_1_342' title='bbox 1149 2608 1328 2649; x_wconf 87' lang='lat' dir='ltr'><strong>invidia?</strong></span> <span class='ocrx_word' id='word_1_343' title='bbox 1361 2617 1436 2650; x_wconf 90' lang='lat' dir='ltr'><strong>aut</strong></span> <span class='ocrx_word' id='word_1_344' title='bbox 1455 2609 1548 2664; x_wconf 91' lang='lat' dir='ltr'><strong>quis</strong></span> <span class='ocrx_word' id='word_1_345' title='bbox 1570 2619 1635 2652; x_wconf 88' lang='lat' dir='ltr'><strong>est</strong></span> <span class='ocrx_word' id='word_1_346' title='bbox 1654 2624 1731 2652; x_wconf 89' lang='lat' dir='ltr'><strong>sua</strong></span> 
     </span>
     <span class='ocr_line' id='line_1_44' title="bbox 283 2664 1730 2720; baseline -0.002 -10"><span class='ocrx_word' id='word_1_347' title='bbox 283 2678 394 2710; x_wconf 89' lang='lat' dir='ltr'><strong>sorte</strong></span> <span class='ocrx_word' id='word_1_348' title='bbox 425 2676 664 2717; x_wconf 78' lang='lat' dir='ltr'><strong>contentUS,</strong></span> <span class='ocrx_word' id='word_1_349' title='bbox 686 2676 727 2708; x_wconf 91' lang='lat' dir='ltr'><strong>et</strong></span> <span class='ocrx_word' id='word_1_350' title='bbox 760 2681 839 2706; x_wconf 91' lang='lat' dir='ltr'><strong>non</strong></span> <span class='ocrx_word' id='word_1_351' title='bbox 870 2664 1015 2706; x_wconf 81' lang='lat' dir='ltr'><strong>alienae</strong></span> <span class='ocrx_word' id='word_1_352' title='bbox 1047 2664 1129 2705; x_wconf 89' lang='lat' dir='ltr'><strong>sive</strong></span> <span class='ocrx_word' id='word_1_353' title='bbox 1162 2664 1394 2716; x_wconf 88' lang='lat' dir='ltr'><strong>industriae,</strong></span> <span class='ocrx_word' id='word_1_354' title='bbox 1415 2666 1498 2706; x_wconf 86' lang='lat' dir='ltr'><strong>sive</strong></span> <span class='ocrx_word' id='word_1_355' title='bbox 1529 2666 1730 2720; x_wconf 84' lang='lat' dir='ltr'><strong>fortunae,</strong></span> 
     </span>
     <span class='ocr_line' id='line_1_45' title="bbox 284 2721 1726 2778; baseline -0.002 -11"><span class='ocrx_word' id='word_1_356' title='bbox 284 2726 522 2775; x_wconf 81' lang='lat' dir='ltr'><strong>aemulator,</strong></span> <span class='ocrx_word' id='word_1_357' title='bbox 544 2739 658 2774; x_wconf 87' lang='lat' dir='ltr'><strong>osor,</strong></span> <span class='ocrx_word' id='word_1_358' title='bbox 679 2723 921 2764; x_wconf 86' lang='lat' dir='ltr'><strong>detractor?</strong></span> <span class='ocrx_word' id='word_1_359' title='bbox 956 2722 1030 2762; x_wconf 89' lang='lat' dir='ltr'><strong>Sin</strong></span> <span class='ocrx_word' id='word_1_360' title='bbox 1055 2721 1218 2763; x_wconf 89' lang='lat' dir='ltr'><strong>civilem</strong></span> <span class='ocrx_word' id='word_1_361' title='bbox 1248 2722 1373 2762; x_wconf 86' lang='lat' dir='ltr'><strong>vitam</strong></span> <span class='ocrx_word' id='word_1_362' title='bbox 1405 2722 1628 2778; x_wconf 86' lang='lat' dir='ltr'><strong>quisquam</strong></span> <span class='ocrx_word' id='word_1_363' title='bbox 1651 2737 1726 2778; x_wconf 90' lang='lat' dir='ltr'><strong>ap-</strong></span> 
     </span>
     <span class='ocr_line' id='line_1_46' title="bbox 280 2778 1727 2838; baseline -0.003 -14"><span class='ocrx_word' id='word_1_364' title='bbox 280 2784 401 2838; x_wconf 89' lang='lat' dir='ltr'><strong>petit,</strong></span> <span class='ocrx_word' id='word_1_365' title='bbox 424 2782 529 2824; x_wconf 89' lang='lat' dir='ltr'><strong>etin</strong></span> <span class='ocrx_word' id='word_1_366' title='bbox 559 2780 801 2836; x_wconf 88' lang='lat' dir='ltr'><strong>reipublicae</strong></span> <span class='ocrx_word' id='word_1_367' title='bbox 829 2779 923 2820; x_wconf 89' lang='lat' dir='ltr'><strong>luce</strong></span> <span class='ocrx_word' id='word_1_368' title='bbox 943 2779 1075 2819; x_wconf 89' lang='lat' dir='ltr'><strong>vivere</strong></span> <span class='ocrx_word' id='word_1_369' title='bbox 1104 2778 1334 2834; x_wconf 88' lang='lat' dir='ltr'><strong>pulchrum</strong></span> <span class='ocrx_word' id='word_1_370' title='bbox 1359 2788 1496 2834; x_wconf 88' lang='lat' dir='ltr'><strong>putat,</strong></span> <span class='ocrx_word' id='word_1_371' title='bbox 1517 2780 1552 2820; x_wconf 93' lang='lat' dir='ltr'><strong>is</strong></span> <span class='ocrx_word' id='word_1_372' title='bbox 1572 2794 1617 2821; x_wconf 93' lang='lat' dir='ltr'><strong>se</strong></span> <span class='ocrx_word' id='word_1_373' title='bbox 1637 2779 1727 2821; x_wconf 82' lang='lat' dir='ltr'><strong>exi-</strong></span> 
     </span>
     <span class='ocr_line' id='line_1_47' title="bbox 279 2835 1726 2896; baseline -0.003 -14"><span class='ocrx_word' id='word_1_374' title='bbox 279 2854 381 2896; x_wconf 83' lang='lat' dir='ltr'><strong>gua,</strong></span> <span class='ocrx_word' id='word_1_375' title='bbox 401 2854 450 2882; x_wconf 88' lang='lat' dir='ltr'><strong>ac</strong></span> <span class='ocrx_word' id='word_1_376' title='bbox 472 2853 592 2896; x_wconf 89' lang='lat' dir='ltr'><strong>paene</strong></span> <span class='ocrx_word' id='word_1_377' title='bbox 613 2837 730 2879; x_wconf 88' lang='lat' dir='ltr'><strong>nulla</strong></span> <span class='ocrx_word' id='word_1_378' title='bbox 757 2836 931 2878; x_wconf 89' lang='lat' dir='ltr'><strong>honoris</strong></span> <span class='ocrx_word' id='word_1_379' title='bbox 956 2835 1095 2892; x_wconf 89' lang='lat' dir='ltr'><strong>specie</strong></span> <span class='ocrx_word' id='word_1_380' title='bbox 1124 2849 1302 2891; x_wconf 85' lang='lat' dir='ltr'><strong>magnas</strong></span> <span class='ocrx_word' id='word_1_381' title='bbox 1334 2850 1581 2892; x_wconf 87' lang='lat' dir='ltr'><strong>comparare</strong></span> <span class='ocrx_word' id='word_1_382' title='bbox 1612 2836 1726 2878; x_wconf 82' lang='lat' dir='ltr'><strong>cala-</strong></span> 
     </span>
    </p>
   </div>
  </div>
 </body>
</html>
