1844 3202
605 134 682 172 DE
719 132 1094 171 SENECTUTE.
1483 142 1562 186 309

140 256 296 295 merus,
316 243 387 309 qui
415 241 572 292 multis,
593 248 641 282 ut
667 238 772 280 mihi
791 238 967 288 videtur,
993 246 1087 280 ante
1116 238 1279 280 saeculis
1307 240 1401 292 fuit,
1430 244 1560 286 Laer-

140 310 227 342 tem
257 301 482 341 lementem
511 296 778 347 desiderium,
806 295 921 352 quod
950 294 1144 350 capiebat
1169 310 1193 336 e
1224 295 1325 346 filio,
1352 298 1562 341 colentem

139 372 304 412 agrum,
327 366 370 398 et
394 370 492 397 eum
521 360 819 394 stercorantem
849 352 962 393 facit.
1020 352 1115 392 Nec
1134 365 1230 392 vero
1258 353 1474 407 segetibus
1494 371 1563 397 so-

140 412 246 464 lum,
276 422 319 454 et
347 411 488 468 prati8‚
518 418 560 450 et
581 409 723 460 vineis,
742 417 784 449 et
813 408 992 449 arbustis
1022 422 1085 449 res
1116 408 1283 451 rusticae
1313 409 1422 450 laetae
1453 422 1565 463 sunt,

140 469 215 510 sed
242 469 370 510 etiam
401 466 533 508 hortis
562 473 604 506 et
631 465 858 521 pomariis:
890 474 982 505 tum
1014 464 1225 520 pecudum
1257 474 1393 520 pastu,
1423 467 1566 522 apium

139 524 413 574 examinibus,
432 523 581 564 florum
605 523 796 564 omniurn
813 521 1023 563 varietate.
1080 521 1174 562 Nec
1196 521 1450 563 consitiones
1472 538 1566 564 mo·

140 580 197 621 do
217 580 439 631 delectant,
462 579 536 620 sed
555 579 682 620 etiam
705 578 921 620 insitiones
939 595 948 619 ε
980 576 1134 634 quibus
1156 577 1260 618 nihil
1279 577 1436 620 invenit
1455 580 1568 635 agri-

137 636 304 678 cultura
321 635 546 678 sollertius.
605 636 781 677 Possum
802 635 995 690 persequi
1014 633 1149 675 multa
1168 633 1481 677 oblectamenta
1501 650 1565 677 re-
1585 626 1651 679 16

137 708 233 734 rum
251 693 527 734 rusticarum:
559 692 633 733 sed
663 706 714 733 ea
743 692 847 748 ipsa,
881 706 975 747 quae
1011 690 1111 741 dixi,
1142 691 1270 732 fuisse
1303 691 1437 733 sentio
1471 692 1564 734 lon-
1579 704 1629 736 55

137 749 274 805 giora.
333 749 569 806 Ignoscetis
596 757 753 790 autem.
781 762 878 788 nam
909 756 952 788 et
979 746 1118 788 studio
1145 761 1285 788 rerum
1316 748 1567 791 rusticarum

138 815 414 862 wprovectus
447 821 555 856 sum,
589 814 631 846 et
659 813 851 845 senectus
880 813 945 851 est
975 812 1123 845 natura
1154 803 1400 860 loquacior:
1431 820 1483 846 ne
1515 807 1569 848 ab

139 863 339 905 omnibus
368 877 458 904 eam
485 862 590 902 vitiis
610 861 751 903 videar
770 860 992 902 vindicare.
1051 861 1167 916 Ergo
1197 861 1240 901 in
1270 860 1349 902 hac
1368 861 1452 902 vita
1480 862 1568 904 M?

140 919 310 970 Curius,
336 933 434 961 cum
463 918 516 959 de
547 918 818 968 Samnitibus,
849 917 901 958 de
934 917 1113 967 Sabinis,
1147 916 1201 958 de
1229 917 1390 973 Pyrrho
1420 919 1570 960 trium-

138 976 323 1031 phasset,
343 975 577 1017 consumsit
603 985 837 1016 extremum
865 982 1033 1030 tempus
1053 973 1217 1015 aetatis:
1248 974 1369 1030 cujus
1397 975 1569 1030 quidem

139 1031 280 1074 villam
301 1047 383 1088 ego
409 1031 697 1087 contemplans
722 1032 857 1084 (abest
881 1030 993 1071 enim
1024 1045 1109 1072 non
1137 1030 1266 1085 longe
1287 1046 1310 1071 a
1329 1033 1413 1084 me)
1437 1031 1571 1073 admi-

139 1089 221 1130 rari
249 1089 347 1130 satis
377 1103 461 1129 non
494 1102 667 1144 possum
695 1087 759 1129 vel
791 1087 974 1128 hominis
1002 1087 1132 1143 ipsius
1163 1087 1479 1140 continentiam,
1505 1088 1572 1130 vel

141 1154 382 1201 temporum
414 1145 691 1200 disciplinam.
753 1143 884 1185 Curio
912 1143 965 1184 ad
993 1143 1134 1188 focum
1165 1143 1341 1194 sedenti,
1363 1159 1572 1200 magnum

141 1202 231 1243 auri
250 1201 416 1257 pondus
438 1201 646 1242 Samnites
667 1215 764 1241 cum
790 1200 1043 1249 attulissent,
1063 1199 1274 1256 repudiati
1295 1201 1348 1241 ab
1375 1214 1426 1242 eo
1458 1211 1572 1243 sunt.

141 1272 226 1300 non
247 1258 359 1298 enim
376 1272 524 1298 aurum
546 1257 715 1306 habere,
736 1256 982 1312 praeclarum
1006 1255 1083 1297 sibi
1101 1255 1227 1297 videri
1248 1255 1379 1308 dixit3
1412 1258 1485 1300 sed
1508 1259 1572 1310 iis,

141 1315 216 1371 qui
255 1314 460 1355 haberent
495 1328 661 1366 aurum,
696 1313 914 1369 imperare.
976 1313 1195 1354 Poteratne
1230 1322 1371 1356 tantus
1406 1315 1571 1362 animus
1584 1327 1603 1356 Γ

142 1386 228 1412 non
247 1371 481 1427 jucundam
500 1370 661 1411 efficere
687 1370 978 1415 senectutem?
1012 1369 1097 1410 Sed
1116 1369 1236 1410 venio
1268 1370 1321 1411 ad
1349 1371 1572 1426 agricolas,

144 1442 197 1469 ne
228 1441 252 1468 a
284 1427 447 1483 meipso
479 1427 690 1468 recedam.
749 1427 799 1466 In
823 1427 936 1481 agris
961 1435 1078 1466 erant
1108 1434 1201 1466 tum
1227 1433 1266 1458 43
1284 1437 1510 1479 senatores,
1531 1438 1573 1471 et

141 1484 285 1535 iidem,
306 1498 451 1525 senes:
483 1483 690 1539 siquidem
710 1482 841 1526 aranti
871 1484 921 1523 L.
942 1482 1148 1539 Quinctio
1177 1482 1430 1525 Cincinnato
1464 1499 1573 1526 nun-

140 1541 295 1582 tiatum
330 1549 408 1591 est,
433 1555 533 1582 eum
566 1539 816 1580 dictatorem
849 1553 940 1579 esse
973 1539 1167 1580 factum:
1198 1539 1321 1595 cujus
1355 1540 1573 1587 dictatoris
1586 1558 1681 1591 p.89.

134 1599 261 1654 jussu
295 1598 497 1652 magister
532 1596 726 1652 equitum
764 1595 816 1635 C.
850 1594 1048 1636 Servilius
1079 1594 1220 1636 Ahala
1252 1596 1324 1651 Sp.
1358 1598 1615 1650 Maelium,²·

142 1668 324 1710 regnum
345 1662 630 1709 appetentem,
649 1662 688 1685 44
706 1660 964 1707 occupatum
985 1651 1210 1692 interemit.
1231 1666 1256 1692 a
1275 1652 1371 1693 villa
1389 1653 1430 1694 in
1452 1669 1575 1701 sena-

141 1719 235 1751 tum
269 1710 586 1751 arcessebantur
610 1717 653 1750 et
683 1708 854 1758 Curius,
886 1717 929 1748 et
959 1707 1089 1748 ceteri
1119 1722 1264 1748 senes:
1296 1722 1346 1749 ex
1372 1725 1473 1766 qu0,
1502 1711 1577 1767 qui

142 1781 216 1808 eos
243 1767 521 1816 arcessebant,
545 1765 722 1806 viatores
753 1764 958 1806 nominati
984 1773 1096 1805 sunt.
1128 1779 1231 1805 num
1262 1764 1393 1820 igitur
1426 1781 1576 1815 eorum

143 1831 352 1873 senectus,
371 1821 619 1863 miserabilis
647 1821 742 1872 fuit,
771 1820 844 1877 qui
875 1834 918 1861 se
946 1821 1037 1875 agri
1064 1821 1250 1862 cultione
1274 1822 1575 1866 oblectabant?

145 1880 248 1920 Mea
277 1879 450 1935 quidem
479 1878 698 1929 sententia,
731 1886 771 1910 4⁵
789 1876 903 1920 haud
935 1878 1037 1928 seio,
1061 1891 1113 1918 an
1147 1877 1263 1919 nulla
1291 1878 1454 1921 beatior
1485 1896 1576 1929 esse

142 1936 304 1991 possit:
334 1950 469 1991 neque
489 1935 630 1976 solum
651 1934 804 1985 officio,
826 1933 941 1990 quod
970 1933 1192 1975 hominum
1219 1935 1364 1990 generi
1385 1938 1579 1984 universo

81 2005 85 2011 ·
144 1992 312 2034 cultura
347 2006 549 2047 agrorum
589 1999 653 2033 est
687 1991 894 2042 salutaris,
925 1989 1000 2031 sed
1035 2000 1078 2031 et
1115 1990 1409 2044 delectatione,
1447 2009 1592 2050 quam„

144 2049 245 2099 dixi,
265 2058 309 2089 et
337 2049 569 2100 saturitate,
591 2048 795 2104 copiaque
824 2047 1018 2090 omnium
1046 2060 1202 2098 rerum,
1225 2063 1320 2103 quae
1343 2050 1397 2091 ad
1419 2050 1578 2094 victum

145 2105 384 2155 hominum,
405 2104 458 2146 ad
477 2105 643 2146 cultum
664 2105 792 2145 etiam
819 2104 997 2149 deorum
1027 2104 1261 2158 pertinent:
1293 2114 1354 2155 ut,
1375 2108 1580 2163 quoniam

143 2162 237 2203 haec
268 2161 443 2217 quidam
472 2161 724 2212 desiderant,
749 2162 791 2202 in
817 2161 1000 2217 gratiam
1024 2159 1114 2216 jam
1147 2175 1247 2202 cum
1266 2162 1482 2219 voluptate
1512 2179 1577 2206 re-

147 2219 336 2260 deamus
397 2219 570 2274 Semper
590 2219 703 2259 enim
734 2218 833 2259 boni
861 2217 1018 2262 assidui
1050 2231 1102 2258 ue
1122 2217 1284 2259 domini
1305 2220 1457 2270 referta
1474 2222 1580 2271 cella

146 2275 314 2326 vinaria,
333 2275 501 2326 olearia,
522 2275 650 2316 etiam
680 2274 849 2330 penaria
871 2283 949 2325 est,
969 2273 1021 2314 vil
1041 2288 1149 2330 aque
1169 2282 1259 2316 tota
1276 2275 1466 2333 locuples
1486 2287 1550 2328 est
1568 2294 1580 2318 ε

148 2331 336 2372 abundat
373 2346 521 2387 porco,
559 2331 700 2381 haedo,
739 2345 865 2387 agno,
898 2329 1071 2386 gallina,
1106 2330 1230 2382 lacte,
1263 2347 1402 2385 caseo,
1439 2334 1580 2380 melle.

147 2388 244 2429 Jam
264 2387 437 2430 hortum
455 2387 535 2444 ipsi
555 2387 751 2444 agricolae
770 2387 998 2429 succidiam
1021 2386 1195 2429 alteram
1215 2389 1453 2446 appellant:
1484 2401 1577 2438 tum

191 2521 230 2544 42
252 2519 406 2552 provectus
416 2511 489 2551 sum]
508 2513 643 2552 Longior
655 2513 755 2542 faetus
767 2522 841 2542 sum

147 2555 179 2586 in
197 2556 260 2592 hoe
274 2562 475 2596 argumento.

193 2605 232 2636 43
257 2605 406 2634 senatores,
421 2598 517 2633 idest,
533 2596 624 2639 renes]
648 2598 681 2627 id
698 2604 750 2633 est,
768 2609 842 2634 sens}

151 2651 216 2672 non
239 2642 351 2681 placet.
375 2650 450 2670 nam
470 2649 536 2671 non
553 2651 666 2671 omnes
685 2647 843 2677 senatores

149 2694 250 2717 senes.
268 2685 348 2719 bene
365 2683 507 2720 Graevius
520 2692 600 2714 curn
622 2684 740 2723 Langia
759 2684 844 2716 dedit

151 2733 179 2756 et
191 2727 279 2763 4ι’ἱιίμῃι
294 2737 380 2757 senes.

195 2778 234 2800 44
257 2775 423 2809 occupatum
439 2766 596 2807 interemit]
617 2769 694 2800 Edd.
709 2775 784 2807 vett-
800 2770 843 2801 fe:

153 2822 184 2842 re
207 2813 326 2842 habent
347 2819 376 2841 et
395 2819 559 2850 occuparem
577 2811 627 2840 vel
648 2818 841 2851 occupantem,

152 2856 227 2886 item
240 2861 383 2895 occupare.
401 2855 480 2885 bene
497 2855 628 2886 correxit
644 2854 679 2886 C.
698 2855 844 2894 Langius.

884 2513 980 2542 etiam
1003 2512 1052 2542 ed.
1077 2512 1145 2543 Col.
1168 2513 1277 2552 habet,
1293 2521 1470 2555 appetentem
1485 2515 1521 2546 vi
1535 2527 1581 2546 oc-

885 2561 1019 2594 cupatum
1034 2555 1188 2586 interemit.

929 2605 968 2632 45
992 2597 1071 2629 haud
1090 2599 1146 2629 sm'o
1167 2611 1206 2629 an
1223 2599 1306 2630 nulla
1329 2600 1356 2629 b.
1381 2612 1405 2630 e.
1427 2599 1476 2640 p.]
1503 2600 1581 2630 Cor-

886 2641 950 2677 rexi
977 2640 1059 2675 nulla
1081 2642 1250 2681 vulgatum
1278 2643 1364 2672 ulla.-
1391 2645 1579 2679 necessario,

887 2683 1066 2722 postulante
1081 2684 1234 2716 latinitate
1249 2692 1279 2715 et
1293 2687 1459 2716 sententia.
1502 2682 1582 2715 Cato

887 2734 980 2765 negat
1002 2727 1104 2761 ullam
1127 2728 1299 2759 beatiorem
1313 2729 1412 2759 vitam
1429 2738 1494 2758 esse
1510 2739 1581 2768 pos-

886 2779 939 2800 se:
971 2770 1003 2798 id
1027 2777 1074 2800 est
1095 2770 1174 2801 baud
1193 2771 1248 2801 scio
1270 2782 1308 2800 an
1330 2771 1412 2800 nulla
1425 2782 1435 2800 .·
1458 2779 1584 2801 eontra-

886 2812 971 2847 rium
994 2820 1040 2844 est
1061 2813 1091 2845 h.
1116 2825 1136 2845 s.
1160 2825 1198 2844 an
1219 2813 1292 2844 ulla.
1315 2823 1392 2845 nam
1415 2815 1476 2844 hoc
1499 2816 1582 2846 affin-

889 2862 965 2885 mat.
