1844 3202
252 100 334 142 732
776 94 855 133 DE
892 92 1156 134 OFFICIIS

252 204 444 246 cuicum
472 202 657 245 multum
683 201 943 254 adolescens,
980 211 994 240 7
1010 202 1196 245 discendi
1221 218 1361 254 causa,
1388 205 1590 260 temporis
1613 201 1687 248 tri-

249 260 437 302 buissem
456 276 465 301 z
494 267 642 315 postea
661 274 788 315 quam
809 260 1042 301 honoribus
1064 260 1258 301 inservire
1286 260 1410 316 coepi,
1434 275 1588 316 meque
1616 272 1682 304 to-

249 325 342 358 tum
362 317 604 373 reipublicae
621 316 774 357 tradidi
786 332 797 366 3
818 325 984 357 tantum
1000 326 1089 357 erat
1107 316 1385 373 philosophiae
1405 317 1501 367 loci,
1526 325 1688 374 8quan-

249 382 342 415 tum
375 374 638 430 superfuerat
673 372 904 413 amicorum
942 381 985 413 et
1024 373 1265 428 reipublicae
1299 375 1574 429 temporibus.
1635 372 1686 417 Id

251 440 393 472 autem
433 441 558 472 omne
597 428 926 470 consumebatur
964 429 1005 469 in
1045 428 1257 484 legendo:
1299 431 1509 472 scribendi
1548 431 1685 472 otium

202 477 236 524 2
252 501 336 528 non
358 496 460 528 erat.
520 486 721 528 Maximis
751 485 879 540 igitur
906 485 945 525 in
977 485 1098 526 malis
1119 485 1200 526 hoc
1221 495 1360 528 tamen
1386 487 1487 528 boni
1506 489 1689 530 assecuti

210 552 235 583 5
250 543 455 594 videmur,
476 550 525 584 ut
546 557 596 583 ea
614 540 762 583 litteris
783 541 1091 590 mandaremus,
1113 556 1205 597 quae
1231 557 1304 583 nec
1325 544 1424 584 satis
1444 554 1561 585 erant
1586 553 1686 585 nota

249 601 417 651 nostris,
439 609 481 640 et
503 607 622 639 erant
641 597 884 653 cognitione
914 597 1175 652 dignissima.
1235 598 1350 655 Quid
1380 609 1443 641 est
1462 602 1588 651 enim,
1611 615 1686 656 per

247 656 380 698 deos!
413 655 640 711 optabilius
661 654 895 710 sapientia?
928 654 1030 709 quid
1061 656 1358 709 praestantius?
1392 657 1493 711 quid
1525 657 1687 698 1101111111

245 713 400 754 melius
420 715 432 753 Ρ
479 722 497 746 0
513 712 614 768 quid
637 712 807 752 homine
827 710 994 766 dignius
1014 712 1026 750 ?
1064 712 1185 752 Hane
1207 711 1351 767 igitur,
1374 714 1445 767 qui
1467 724 1687 768 expetunt,

247 769 493 826 philosophi
529 769 824 810 nominantur:
861 781 937 808 1100
973 767 1205 823 quicquam
1245 768 1358 809 aliud
1398 779 1463 810 est
1496 771 1687 825 philoso-

247 826 362 882 phia,
385 827 419 867 si
444 825 707 881 interpretari
729 824 842 874 velis,
865 839 993 880 quam
1015 825 1202 865 studium
1224 825 1451 880 sapientiae.
1497 827 1687 882 Sapien-

246 882 307 925 tia
327 892 469 924 autern
498 892 577 932 est,
601 884 664 936 (ut
687 895 712 921 a
731 880 939 921 veteribus
965 878 1227 936 philosophis
1258 881 1475 923 definitum
1509 888 1588 936 est)
1622 898 1687 925 re-

246 953 344 980 rum
379 939 628 988 divinarum,
657 944 701 977 et
737 936 1033 987 humanarum,
1069 952 1391 992 causarumque,
1428 940 1581 994 quibus
1620 940 1687 981 hae

247 1010 315 1036 res
337 995 623 1049 continentur,
643 988 842 1033 scientia:
873 991 994 1048 cujus
1026 992 1215 1033 studium
1243 995 1315 1047 qui
1336 995 1554 1050 vituperat,
1575 996 1690 1038 haud

211 1059 347 1096 osane
374 1050 582 1106 intelligo,
611 1048 813 1106 quidnam
851 1049 919 1099 sit,
946 1048 1061 1104 quod
1089 1048 1349 1090 laudandum
1380 1058 1512 1105 putet.
1571 1053 1687 1094 Nam

250 1109 333 1149 sive
371 1107 603 1149 oblectatio
634 1105 838 1163 quaeritur
876 1105 1020 1156 animi,
1052 1106 1300 1161 requiesque
1330 1121 1552 1149 curarum:
1593 1124 1688 1165 quae

250 1165 433 1207 conferri
456 1179 554 1205 cum
584 1178 733 1205 eorum
765 1161 913 1204 studiis
944 1170 1098 1217 potest,
1129 1161 1201 1218 qui
1232 1176 1397 1218 semper
1426 1163 1585 1220 aliquid
1616 1181 1709 1215 an-¹

139 1246 239 1281 μμ,
280 1222 438 1272 nitunt,
475 1220 590 1276 quod
630 1227 792 1275 spectet
829 1226 873 1260 et
901 1219 1036 1260 valeat
1075 1218 1128 1259 ad
1167 1219 1275 1260 bene
1315 1220 1522 1276 beateque
1551 1221 1689 1263 viven-

210 1293 240 1314 a.
251 1238 354 1320 ilum
375 1281 387 1319 ?
421 1279 505 1319 sive
525 1278 631 1318 ratio
652 1275 900 1318 constantiae
920 1273 1168 1330 virtutisque
1187 1274 1379 1317 ducitur:
1410 1287 1485 1318 aut
1511 1277 1602 1319 haec
1623 1294 1690 1320 ars

251 1345 331 1387 est,
361 1344 435 1376 aut
464 1334 580 1375 nulla
608 1333 797 1383 omnino,
831 1340 869 1365 10
885 1345 960 1388 per
997 1346 1124 1388 quam
1156 1346 1225 1372 eas
1265 1346 1554 1389 assequamur.
1594 1335 1688 1377 nul-

248 1393 335 1435 lam
366 1392 504 1433 dicere
532 1390 809 1432 maximarum
837 1402 977 1430 rerum
1005 1398 1140 1429 artem
1168 1403 1272 1439 esse,
1294 1404 1392 1430 cum
1418 1390 1689 1433 minimarum

250 1450 340 1491 sine
360 1458 449 1490 arte
475 1448 590 1489 nulla
611 1447 678 1497 sit,
698 1446 922 1487 hominum
949 1454 1013 1486 est
1043 1460 1192 1500 parum
1217 1445 1482 1487 considerate
1511 1448 1689 1504 loquen-

247 1507 372 1556 tium,
395 1514 523 1560 atque
544 1505 585 1545 in
608 1504 799 1545 maximis
821 1502 947 1543 rebus
973 1502 1215 1543 errantium.
1275 1503 1321 1543 Si
1350 1511 1491 1544 autem
1521 1515 1585 1546 est
1612 1505 1690 1546 ali-

249 1578 333 1619 qua
358 1561 580 1617 disciplina
599 1559 776 1608 virtutis,
796 1559 869 1600 ubi
890 1574 938 1599 ea
960 1569 1184 1615 quaerctur‚
1206 1573 1304 1600 cum
1331 1560 1383 1600 ab
1414 1560 1496 1600 1100
1526 1561 1692 1603 discen-

248 1621 292 1661 di
323 1633 478 1675 genere
508 1617 778 1658 discesseris?
812 1615 897 1656 Sed
928 1616 1034 1665 haec,
1061 1630 1156 1655 cum
1186 1616 1240 1655 ad
1270 1616 1583 1671 philosophiam
1615 1633 1689 1659 co·

248 1677 486 1724 hortamur,
523 1673 758 1715 accuratius
797 1672 1002 1727 disputari
1034 1672 1197 1712 solent:
1234 1672 1351 1727 quod
1385 1673 1468 1713 alio
1502 1674 1690 1729 quodam

247 1734 358 1775 libro
381 1732 571 1773 fecimus.
630 1731 728 1770 Hoc
751 1740 892 1770 autem
915 1739 1107 1783 tempore
1129 1736 1295 1769 tantum
1322 1729 1443 1770 nobis
1473 1729 1689 1772 declaran-

249 1789 352 1831 dum
373 1788 469 1840 fuit,
487 1803 562 1830 cur
587 1786 723 1829 orbati
750 1785 993 1840 reipublicae
1024 1785 1284 1835 muneribus,
1304 1786 1358 1826 ad
1388 1785 1470 1827 1100
1498 1802 1573 1828 nos
1598 1799 1690 1829 stu-

211 1846 368 1907 7d'1um
399 1845 669 1900 potissimum
703 1842 1045 1883 contulissemus.
1107 1842 1355 1883 Occurritur
1380 1851 1522 1884 autem
1553 1845 1690 1896 nobis,

249 1912 293 1944 et
323 1902 492 1958 quidem
525 1916 549 1942 a
585 1899 723 1942 doctis
763 1908 807 1940 et
841 1898 1031 1944 eruditis,
1062 1898 1362 1953 quaerentibus,
1393 1900 1547 1941 satisne
1586 1915 1691 1942 con·

249 1969 409 2002 stanter
437 1959 573 1999 facere
594 1957 823 2005 videamur,
853 1955 940 2011 qui,
969 1969 1066 1995 011111
1097 1954 1257 2010 percipi
1289 1954 1392 1996 nihil
1421 1969 1543 2010 posse
1574 1956 1690 1998 diea-

248 2031 360 2067 mus,
380 2024 523 2056 tamen
543 2024 586 2055 et
605 2013 696 2055 aliis
720 2012 773 2053 de
798 2012 924 2052 rebus
949 2010 1151 2052 disserere
1171 2011 1397 2061 soleamus,
1416 2021 1459 2052 et
1485 2012 1567 2054 hoc
1594 2014 1690 2070 ipso

248 2083 443 2128 tempore
474 2079 683 2127 praecepta
704 2068 831 2110 officii
860 2082 1175 2124 persequamur.
1234 2067 1402 2123 Quibus
1422 2068 1569 2110 vellem
1592 2071 1692 2112 satis

248 2129 425 2185 cognita
451 2136 563 2169 esset
592 2134 736 2167 nostra
763 2124 985 2166 sententia.
1013 2139 1097 2165 non
1123 2123 1234 2165 enim
1262 2138 1409 2165 sumus
1437 2124 1480 2175 ii,
1505 2141 1689 2181 quorum

249 2194 425 2242 vagetur
449 2185 615 2226 animus
639 2196 796 2233 errore,
817 2189 851 2213 ¹1
873 2195 951 2222 nec
981 2180 1134 2222 habeat
1154 2195 1373 2237 umquam,
1396 2182 1510 2237 quod
1541 2197 1692 2240 sequa-

292 2319 309 2349 7
335 2310 461 2341 discendi
476 2307 575 2347 causa]
594 2308 640 2338 Ut
653 2308 806 2338 discerem
823 2307 947 2346 sapien-

249 2357 303 2387 tiae
325 2360 491 2396 praecepta.
514 2353 646 2391 quidam
670 2350 740 2381 libri
765 2351 884 2380 habent
903 2349 950 2378 di-

252 2399 332 2430 cendi
349 2409 445 2428 causa.
461 2403 491 2426 et
507 2396 618 2425 Cicero
632 2403 709 2424 sane
724 2395 821 2424 etiam
843 2393 952 2423 didicit

250 2441 487 2483 philosophiam
510 2438 701 2478 eloquentiae
723 2446 831 2473 causa,
855 2436 948 2474 cujus

250 2484 482 2524 consequendae
505 2482 687 2521 praesidium
703 2489 769 2510 esse
791 2481 821 2509 in
847 2479 950 2518 philo-

250 2529 372 2568 sophiae
393 2526 517 2561 studiis,
542 2524 715 2564 praesertim
735 2523 950 2554 Academica.

251 2571 395 2612 putabat,
413 2576 447 2599 ut
463 2569 527 2608 ipse
543 2577 625 2606 saepe
647 2567 733 2595 dicit.
753 2567 806 2595 sed
824 2564 949 2593 discendi

250 2615 366 2646 rectius
383 2619 470 2652 puto.
487 2620 603 2650 nempe
619 2617 689 2639 tum
705 2617 833 2648 operam
857 2607 950 2636 dabat

250 2657 475 2698 philosophiae,
491 2664 555 2684 non
573 2660 607 2683 ut
622 2652 648 2690 ej
655 2661 690 2682 us
704 2653 866 2681 doctorem
879 2660 951 2689 age-

251 2707 310 2738 ret,
325 2700 380 2730 sed
396 2705 432 2728 ut
447 2707 517 2727 eam
534 2701 746 2735 cognosceret.

296 2750 314 2773 8
352 2748 493 2784 quantum
528 2734 947 2779 superfice-rat-rcmporIbrtsJ

252 2785 371 2816 Malim
392 2789 550 2823 supererat.
573 2780 740 2821 temporibus
765 2781 845 2809 bene
868 2780 953 2809 dedit

254 2828 410 2861 Gravius.
426 2836 504 2858 nam
520 2826 550 2856 id
570 2835 615 2856 res
631 2832 660 2855 et
683 2824 820 2854 latinitas
844 2829 953 2863 postu-

991 2306 1046 2337 lat.
1070 2306 1150 2337 Mss.
1172 2313 1203 2337 et
1225 2307 1295 2337 edd.
1313 2313 1387 2337 vett.
1411 2307 1532 2337 habent
1548 2309 1691 2347 temporis.

992 2350 1117 2380 Primus
1140 2349 1241 2380 Aldus
1267 2359 1365 2389 nepos
1387 2351 1483 2380 edidit
1506 2351 1690 2390 temporibus,

995 2393 1068 2422 inde
1083 2399 1152 2432 post
1167 2393 1231 2422 alii.

1037 2443 1055 2468 9
1079 2435 1151 2476 quid
1176 2435 1286 2464 homine
1314 2433 1445 2474 dignius]
1470 2435 1579 2465 homine
1605 2437 1692 2468 abest

992 2478 1078 2508 libris
1095 2479 1287 2516 quibusdam
1303 2487 1362 2507 scr.
1380 2480 1432 2508 scd
1449 2478 1554 2518 plures
1572 2480 1690 2511 habent

993 2522 1089 2551 etiam
1109 2522 1205 2551 Goth.
1226 2521 1300 2551 Cur.
1325 2527 1355 2550 et
1377 2523 1445 2552 edd.
1471 2532 1516 2561 pr.
1541 2529 1577 2553 ut
1599 2523 1690 2563 Mog.

994 2564 1062 2594 Col.
1080 2564 1174 2594 Rom.
1190 2565 1249 2593 &c.

1040 2614 1077 2637 10
1094 2614 1149 2647 per
1171 2618 1258 2648 quam
1281 2618 1327 2635 eas
1351 2605 1549 2649 assequamur]
1574 2618 1621 2637 eas
1645 2618 1689 2639 re-

993 2651 1090 2680 fertur
1109 2651 1147 2680 ad
1169 2650 1358 2679 constantiam
1380 2658 1410 2681 et
1429 2651 1582 2681 virtutem.
1626 2652 1690 2683 Ms-

994 2693 1068 2722 Cur.
1085 2693 1180 2722 habet
1196 2704 1240 2722 ca.

1041 2743 1074 2765 11
1101 2747 1150 2764 nec
1167 2735 1272 2765 haheat
1289 2746 1425 2778 umquam
1441 2735 1517 2777 quod
1536 2736 1688 2778 sequatur]

995 2778 1082 2808 Male
1105 2779 1248 2818 quidam,
1272 2780 1368 2809 etiarn
1392 2779 1559 2816 Gruterus,
1583 2779 1691 2809 haber:

995 2822 1082 2862 quod
1104 2829 1151 2853 east
1170 2830 1283 2854 contra
1312 2822 1513 2855 latinitatem.
1536 2829 1607 2854 tum
1635 2830 1693 2863 pr·
