1844 3202
628 118 1042 158 coNsoLArlo.
1473 124 1547 166 981

126 235 203 279 set,
221 227 296 268 nisi
319 241 361 268 se
384 227 495 283 prius
515 226 567 268 ad
590 225 880 268 obsistendum
903 233 1211 281 comparasset:
1245 234 1316 265 aut
1339 224 1554 266 fortitudi-

126 298 218 325 nem
251 285 479 347 acquirere,
502 283 578 324 nisi
608 284 721 337 prius
747 283 963 324 doloribus
990 282 1134 322 multis
1160 281 1374 329 acerrime,
1396 296 1443 322 ac
1467 282 1554 322 for-

124 341 282 381 tissime
303 340 534 381 restitisset.
565 354 612 379 ex
643 354 727 395 quo
757 339 1020 380 consuetudo
1045 339 1102 388 tit,
1124 352 1215 392 quae
1239 337 1391 377 callum
1416 338 1554 378 obdu·

125 396 184 437 cit
206 397 361 446 animo,
384 411 541 451 nosque
564 410 640 436 σοι.
647 406 709 436 tia
729 410 875 436 omnes
897 396 956 436 vel
982 405 1156 443 natuiae,
1179 393 1237 433 xcl
1268 393 1330 433 fo.
1316 403 1422 434 rztuu
1424 411 1445 433 1
1474 394 1554 434 1111-

128 464 250 507 petus
271 463 418 493 armat.
465 454 532 492 An
554 467 786 500 censemus,
811 453 1058 507 Harpagum
1086 449 1259 491 Medum
1283 459 1445 490 tantum
1472 451 1556 490 ior-

126 510 316 550 titudinis
337 510 591 564 exemplum,
593 519 841 573 ‚quant-[nn
831 509 882 549 ab
907 508 1128 549 Herodoto
1148 506 1362 547 memoriae
1384 506 1555 546 manda-

128 575 217 606 tum
243 576 319 615 est,
341 566 462 606 edere
485 566 685 629 potuisse,
706 566 781 605 nisi
807 566 920 620 prius
941 565 982 605 in
1002 564 1211 619 patientiae
1233 578 1280 603 15·
1302 562 1558 604 tortitudinis

126 621 422 662 exercitatione
444 638 475 662 5
466 622 670 685 epissime
691 636 776 662 xers
781 632 872 662 atus
893 622 1029 662 esset?
1060 635 1134 661 nec
1158 635 1244 660 sine
1265 619 1449 660 maximo
1471 619 1558 659 iru-

127 688 214 728 ctu‚
237 692 470 734 magnaque
494 679 612 734 potii
604 694 633 718 5
654 693 749 719 cum
775 678 953 718 nominis
983 678 1045 717 sui
1079 676 1228 732 gloli‘m
1261 686 1422 716 tantum
1446 675 1558 716 enim

129 734 389 784 fortitudine,
413 750 459 775 ac
490 734 710 790 prudentia
735 734 943 789 praestitit,
967 745 1011 774 ut
1032 732 1373 774 acerbissimam
1365 732 1559 787 mjuriam

130 791 218 831 sine
255 791 343 831 ullo
377 792 499 856 plane
535 791 693 832 doloris
731 805 853 831 sensu
887 765 1118 845 pe'xrttlerit,
1154 798 1194 829 et
1226 804 1313 829 sese
1345 789 1561 829 cumulate

128 859 276 888 contra
298 849 408 903 regis
429 849 733 888 immanitatem
755 847 899 888 ulcisci
923 847 1121 901 potuerit.
1151 860 1375 896 na1n,cum
1400 845 1490 901 cjus
1514 845 1562 885 fi-

131 903 234 944 lium
258 919 325 944 rex
347 906 457 960 Asty
462 920 562 960 ages
584 905 849 945 interiectum
878 904 932 944 ad
963 902 1250 976 epulandum
1241 902 1396 957 apponi
1411 901 1562 958 jussis-

131 970 210 1010 set,
231 971 441 1016 caputque
470 962 506 1001 ei
535 971 630 1016 post
650 975 793 1001 cenam
816 960 988 1001 allatuin
1011 959 1275 1007 ostendisset,
1298 974 1466 1013 roga11S‚
1487 973 1563 999 cu-

129 1016 198 1081 jus
218 1017 314 1057 ferae
337 1019 492 1058 viscera
520 1017 560 1057 in
591 1032 733 1058 mensa
763 1016 1043 1057 corneti-isset:
1077 1015 1144 1056 ille
1165 1030 1260 1055 vero
1284 1015 1382 1055 nihil
1404 1024 1564 1079 perter-

132 1073 250 1121 ritus,
278 1088 354 1114 nec
379 1074 520 1114 animo
551 1074 679 1114 ullam
713 1074 753 1113 in
784 1082 946 1129 partem
975 1072 1157 1128 dejecto,
1186 1086 1386 1126 agnosco,
1415 1071 1565 1127 inquit,

131 1129 234 1185 quid
255 1130 308 1170 sit
336 1141 493 1195 actum,
514 1144 562 1170 ac
592 1129 796 1186 quidquid
830 1130 937 1184 Regi
968 1129 1262 1193 placuit,1nil1i
1286 1143 1455 1183 quoque
1475 1128 1566 1183 pla·

133 1201 226 1226 cere
267 1188 507 1241 pronuntio.
546 1186 626 1227 hoc
667 1197 808 1227 autem
845 1186 1195 1226 immanissimum
1231 1199 1366 1240 genus
1403 1185 1566 1240 mJuriae

135 1252 222 1283 tam
244 1243 535 1292 dissimulavit,
550 1243 690 1308 quoad
710 1243 870 1299 Cyrum
895 1257 945 1282 ex
967 1242 1132 1282 Peis'ia
1123 1257 1164 1282 m
1185 1242 1376 1282 Mediam
1395 1256 1438 1281 ex
1444 1255 1568 1282 ocare

135 1299 301 1355 potuit.
325 1314 410 1355 quo
431 1300 501 1341 ad.
502 1301 690 1349 eniente,
710 1314 806 1340 cum
829 1299 1034 1340 exercitus
1056 1299 1283 1353 imperator
1303 1308 1449 1338 contra
1469 1313 1568 1339 eum

135 1370 160 1396 a
179 1370 278 1411 rege
301 1371 450 1397 missus
472 1366 594 1407 esset,
616 1366 659 1396 ct
687 1370 882 1420 regnum,
903 1364 945 1396 et
965 1370 1109 1410 regem
1133 1354 1193 1394 illi
1214 1355 1397 1395 tradidit.
1430 1355 1571 1409 itaque

135 1413 381 1468 Astyages
372 1428 413 1453 m
437 1412 538 1470 Cyri
562 1422 829 1468 potestatem,
850 1412 1077 1467 impietatis
1101 1426 1188 1452 suae
1216 1425 1361 1466 poenas
1382 1410 1570 1461 daturus,

135 1468 331 1509 redactus
365 1478 442 1510 est.
503 1470 541 1511 O
577 1470 736 1510 factum
768 1469 957 1510 onmium
991 1467 1217 1531 gentium,
1235 1482 1283 1508 ac
1317 1467 1569 1508 saeculorum

136 1525 343 1566 memoria
362 1525 679 1590 dignissimum!
711 1541 761 1566 ex
786 1539 872 1581 quo
893 1539 977 1582 non
997 1524 1128 1565 modo
1150 1524 1222 1580 qui
1241 1524 1379 1565 dolori
1399 1523 1572 1575 cedunt,

135 1581 189 1623 ad
210 1581 470 1637 patientiam,
491 1597 538 1624 ac
567 1582 856 1623 fortitudinem
884 1577 1133 1631 excitentur,
1153 1580 1227 1622 sed
1260 1581 1387 1621 etiam
1420 1582 1573 1636 Reges,

137 1639 295 1694 quique
316 1638 559 1680 hominibus
580 1639 804 1694 imperant,
835 1653 886 1678 ne
915 1638 1016 1703 quid
1050 1637 1242 1702 impium,
1273 1647 1346 1678 aut
1378 1637 1574 1678 indecens

138 1694 335 1744 audeant,
356 1695 613 1736 erudiantur.
645 1710 740 1735 nam
771 1695 967 1736 adversus
987 1694 1252 1757 injustitiam3
1275 1703 1400 1749 atque
1422 1693 1572 1748 impie-

136 1760 269 1792 tatem
299 1760 462 1792 tantum
491 1762 555 1792 est
583 1751 745 1802 odium,
766 1760 882 1792 tanta
910 1751 1076 1801 invidia,
1098 1761 1143 1791 ut
1170 1764 1219 1790 ne
1242 1751 1378 1804 ipsum
1402 1751 1573 1805 quidem

140 1808 312 1857 coelum,
333 1819 406 1849 aut
428 1809 577 1858 sidera,
598 1808 726 1848 etiam
761 1808 796 1849 si
825 1807 1018 1848 homines
1047 1808 1187 1857 velint,
1209 1806 1455 1862 hujusmodi
1483 1821 1574 1848 sce-

139 1863 224 1905 Iera
244 1866 346 1920 pati,
367 1879 414 1905 ac
436 1864 697 1906 dissimulare
718 1865 894 1919 possint.
925 1879 988 1928 ac,
1010 1864 1043 1905 si
1069 1879 1160 1904 sera
1187 1863 1362 1904 deorum
1395 1863 1576 1905 vindicta

140 1921 209 1972 sit,
231 1921 457 1962 noluerunt
485 1931 626 1963 tamen
653 1921 806 1976 impios
831 1921 923 1976 ipso
952 1921 993 1961 in
1020 1921 1203 1961 facinore
1229 1920 1333 1960 adeo
1353 1920 1576 1971 exsultare,

139 1986 185 2019 ut
223 1992 307 2018 non
342 1992 500 2042 angore
530 1977 814 2029 conscientiae,
845 1977 1088 2033 fraudisque
1120 1976 1325 2026 cruciatu,
1356 1987 1575 2032 tamquam

138 2034 381 2076 domesticis
404 2034 535 2084 1111115,
555 2034 722 2074 assidue
753 2043 965 2075 texentur.
996 2043 1246 2089 tantumque
1261 2042 1405 2097 ‘potest
1426 2033 1575 2088 impie-

141 2091 238 2132 tatis
257 2091 419 2141 odium,
441 2102 490 2132 ut
509 2100 733 2146 tyrannum
756 2090 1026 2140 exstinctum,
1049 2105 1096 2131 ac
1118 2089 1341 2131 saevissime
1362 2089 1577 2130 excrucia-

140 2156 234 2189 tum
268 2161 393 2188 nemo
422 2148 681 2211 misereatur,
702 2161 827 2188 nemo
856 2147 1010 2188 doleat.
1042 2162 1138 2187 nam
1173 2146 1370 2187 adversus
1394 2146 1477 2187 hoc
1498 2146 1578 2187 ho-

141 2204 304 2245 minum
337 2218 490 2259 genus,
519 2218 596 2244 nec
631 2204 672 2244 in
706 2203 794 2245 ullo
829 2214 1045 2268 praeterea,
1077 2218 1248 2244 omnem
1279 2217 1450 2258 prorsus
1480 2202 1579 2253 vim,

141 2275 372 2316 omnesque
393 2260 587 2301 stimulos
609 2260 768 2301 amittit
788 2259 923 2301 dolor.
955 2260 1026 2316 qui
1047 2260 1081 2300 si
1109 2259 1271 2300 ratione
1293 2260 1578 2314 comprimen-

143 2316 221 2358 dus
242 2328 319 2367 est,
342 2317 458 2372 quod
487 2331 613 2372 supra
641 2316 836 2368 diximus,
857 2317 994 2357 multo
1025 2317 1153 2357 etiam
1185 2316 1321 2371 magis
1349 2322 1590 2357 consuetu-'

143 2373 240 2414 dine
265 2373 482 2414 vincetur·
514 2388 636 2429 quus
666 2382 794 2414 tantae
827 2383 925 2414 sunt
950 2373 1068 2422 vires,
1089 2382 1137 2414 ut
1159 2387 1241 2413 non
1262 2372 1393 2413 modo
1412 2382 1580 2428 pertur-

142 2430 336 2470 bationes
357 2430 485 2470 animi
506 2431 664 2481 sedare,
686 2429 760 2470 sed
780 2430 906 2470 etiam
931 2441 1089 2470 naturae
1111 2430 1192 2470 vim
1219 2429 1380 2479 afferre,
1401 2443 1580 2484 eamque

143 2486 375 2542 saepissime
401 2486 638 2537 immutare,
658 2501 706 2527 ac
736 2486 904 2541 penitus
932 2487 1057 2527 aliam
1088 2486 1221 2541 possit
1245 2485 1422 2526 efficere.
1459 2486 1581 2541 cujus

143 2542 300 2584 auxilio
331 2557 416 2583 non
443 2543 573 2584 modo
604 2543 761 2584 doloris
787 2542 936 2592 aculei,
959 2543 1031 2583 sed
1052 2543 1178 2583 etiam
1200 2543 1381 2583 fortunae
1403 2541 1583 2583 fulmina

145 2599 314 2655 depelli,
336 2613 384 2640 ac
415 2599 629 2640 contemni
658 2599 780 2640 facile
810 2609 1024 2654 poterunt.
1084 2598 1346 2639 Meditemur
1375 2599 1520 2653 igitur,
1539 2607 1584 2640 et

145 2656 322 2697 omnino
343 2665 592 2707 statuamus,
613 2656 718 2697 nihil
743 2670 915 2710 prorsus
946 2655 1179 2696 humanum
1209 2669 1299 2696 esse
1321 2654 1580 2695 dolendum.

146 2726 232 2753 non
264 2721 463 2763 mortem,
501 2727 627 2768 quam
658 2713 750 2768 jam
783 2712 988 2767 optimam
1025 2726 1115 2752 esse
1150 2711 1458 2774 cognovimus:
1498 2726 1582 2752 non

146 2778 398 2824 egestatem,
419 2783 513 2823 quae
532 2769 761 2824 saepissime
780 2768 953 2809 maximi
972 2769 1074 2809 boni
1095 2782 1220 2809 causa
1250 2783 1276 2808 a
1302 2766 1416 2808 diis
1405 2782 1582 2808 immor-

146 2824 304 2867 talibus
325 2825 564 2867 tribuatur.
595 2839 681 2867 non
710 2825 920 2876 exsilium,
942 2839 1042 2867 cum
1071 2825 1184 2867 orbis
1212 2833 1414 2865 terrarum
1444 2823 1584 2866 omni·
