<?xml version="1.0" encoding="UTF-8"?>
<!DOCTYPE html PUBLIC "-//W3C//DTD XHTML 1.0 Transitional//EN"
    "http://www.w3.org/TR/xhtml1/DTD/xhtml1-transitional.dtd">
<html xmlns="http://www.w3.org/1999/xhtml" xml:lang="en" lang="en">
 <head>
  <title>
</title>
<meta http-equiv="Content-Type" content="text/html;charset=utf-8" />
  <meta name='ocr-system' content='tesseract 3.04.00' />
  <meta name='ocr-capabilities' content='ocr_page ocr_carea ocr_par ocr_line ocrx_word'/>
</head>
<body>
  <div class='ocr_page' id='page_1' title='image "./p2operaomnia04ciceuoft_0070.png"; bbox 0 0 1844 3202; ppageno 0'>
   <div class='ocr_carea' id='block_1_1' title="bbox 236 103 1731 885">
    <p class='ocr_par' dir='ltr' id='par_1_1' title="bbox 295 103 1722 434">
     <span class='ocr_line' id='line_1_1' title="bbox 296 103 1192 144; baseline -0.003 0"><span class='ocrx_word' id='word_1_1' title='bbox 296 105 372 144; x_wconf 81' lang='lat'>682</span> <span class='ocrx_word' id='word_1_2' title='bbox 821 103 898 142; x_wconf 92' lang='lat' dir='ltr'>DE</span> <span class='ocrx_word' id='word_1_3' title='bbox 935 103 1192 142; x_wconf 91' lang='lat' dir='ltr'>LEGIBUS</span> 
     </span>
     <span class='ocr_line' id='line_1_2' title="bbox 295 210 1718 276; baseline -0.001 -23"><span class='ocrx_word' id='word_1_4' title='bbox 295 213 445 267; x_wconf 88' lang='lat' dir='ltr'>gium:</span> <span class='ocrx_word' id='word_1_5' title='bbox 477 227 562 276; x_wconf 80' lang='lat' dir='ltr'>quo</span> <span class='ocrx_word' id='word_1_6' title='bbox 583 211 681 267; x_wconf 89' lang='lat' dir='ltr'>quid</span> <span class='ocrx_word' id='word_1_7' title='bbox 709 218 771 252; x_wconf 88' lang='lat' dir='ltr'>est</span> <span class='ocrx_word' id='word_1_8' title='bbox 799 211 1022 267; x_wconf 89' lang='lat' dir='ltr'>injustius?</span> <span class='ocrx_word' id='word_1_9' title='bbox 1055 226 1151 252; x_wconf 91' lang='lat' dir='ltr'>cum</span> <span class='ocrx_word' id='word_1_10' title='bbox 1174 211 1280 267; x_wconf 85' lang='lat' dir='ltr'>legis</span> <span class='ocrx_word' id='word_1_11' title='bbox 1301 210 1390 252; x_wconf 84' lang='lat' dir='ltr'>haec</span> <span class='ocrx_word' id='word_1_12' title='bbox 1412 210 1470 251; x_wconf 91' lang='lat' dir='ltr'>vis</span> <span class='ocrx_word' id='word_1_13' title='bbox 1491 210 1558 261; x_wconf 85' lang='lat' dir='ltr'>sit,</span> <span class='ocrx_word' id='word_1_14' title='bbox 1583 216 1620 242; x_wconf 81' lang='lat'>⁵⁶</span> <span class='ocrx_word' id='word_1_15' title='bbox 1638 210 1718 252; x_wconf 86' lang='lat' dir='ltr'>sci-</span> 
     </span>
     <span class='ocr_line' id='line_1_3' title="bbox 296 267 1720 324; baseline -0.002 -14"><span class='ocrx_word' id='word_1_16' title='bbox 296 277 402 310; x_wconf 83' lang='lat' dir='ltr'>tum&#39;</span> <span class='ocrx_word' id='word_1_17' title='bbox 419 278 482 310; x_wconf 90' lang='lat' dir='ltr'>est</span> <span class='ocrx_word' id='word_1_18' title='bbox 505 269 669 324; x_wconf 86' lang='lat' dir='ltr'>jussum</span> <span class='ocrx_word' id='word_1_19' title='bbox 702 268 742 308; x_wconf 90' lang='lat' dir='ltr'>in</span> <span class='ocrx_word' id='word_1_20' title='bbox 774 270 949 308; x_wconf 85' lang='lat' dir='ltr'>ornnes?</span> <span class='ocrx_word' id='word_1_21' title='bbox 983 268 1077 308; x_wconf 84' lang='lat' dir='ltr'>ferri</span> <span class='ocrx_word' id='word_1_22' title='bbox 1108 267 1160 307; x_wconf 89' lang='lat' dir='ltr'>de</span> <span class='ocrx_word' id='word_1_23' title='bbox 1191 269 1363 323; x_wconf 87' lang='lat' dir='ltr'>singulis</span> <span class='ocrx_word' id='word_1_24' title='bbox 1385 267 1459 308; x_wconf 83' lang='lat' dir='ltr'>nisi</span> <span class='ocrx_word' id='word_1_25' title='bbox 1481 267 1720 308; x_wconf 83' lang='lat' dir='ltr'>centuriatis</span> 
     </span>
     <span class='ocr_line' id='line_1_4' title="bbox 297 322 1722 378; baseline -0.004 -11"><span class='ocrx_word' id='word_1_26' title='bbox 297 325 477 367; x_wconf 75' lang='lat' dir='ltr'>comitiis</span> <span class='ocrx_word' id='word_1_27' title='bbox 511 325 747 366; x_wconf 86' lang='lat' dir='ltr'>noluerunt.</span> <span class='ocrx_word' id='word_1_28' title='bbox 778 324 1009 378; x_wconf 87' lang='lat' dir='ltr'>descriptus</span> <span class='ocrx_word' id='word_1_29' title='bbox 1040 323 1150 364; x_wconf 85' lang='lat' dir='ltr'>enim</span> <span class='ocrx_word' id='word_1_30' title='bbox 1182 325 1360 378; x_wconf 82' lang='lat' dir='ltr'>populus</span> <span class='ocrx_word' id='word_1_31' title='bbox 1392 338 1533 373; x_wconf 85' lang='lat' dir='ltr'>censu,</span> <span class='ocrx_word' id='word_1_32' title='bbox 1567 322 1722 363; x_wconf 86' lang='lat' dir='ltr'>ordini-</span> 
     </span>
     <span class='ocr_line' id='line_1_5' title="bbox 299 379 1722 434; baseline -0.004 -11"><span class='ocrx_word' id='word_1_33' title='bbox 299 382 392 432; x_wconf 89' lang='lat' dir='ltr'>bus,</span> <span class='ocrx_word' id='word_1_34' title='bbox 431 382 639 429; x_wconf 84' lang='lat' dir='ltr'>aetatibus,</span> <span class='ocrx_word' id='word_1_35' title='bbox 673 380 765 434; x_wconf 90' lang='lat' dir='ltr'>plus</span> <span class='ocrx_word' id='word_1_36' title='bbox 802 379 973 420; x_wconf 81' lang='lat' dir='ltr'>adhibet</span> <span class='ocrx_word' id='word_1_37' title='bbox 1011 379 1062 420; x_wconf 89' lang='lat' dir='ltr'>ad</span> <span class='ocrx_word' id='word_1_38' title='bbox 1100 379 1343 434; x_wconf 75' lang='lat' dir='ltr'>suffragium</span> <span class='ocrx_word' id='word_1_39' title='bbox 1385 379 1560 429; x_wconf 86' lang='lat' dir='ltr'>consilii,</span> <span class='ocrx_word' id='word_1_40' title='bbox 1596 393 1722 434; x_wconf 88' lang='lat' dir='ltr'>quam</span> 
     </span>
    </p>

    <p class='ocr_par' dir='ltr' id='par_1_2' title="bbox 236 437 1731 885">
     <span class='ocr_line' id='line_1_6' title="bbox 236 437 1726 481; baseline -0.005 0"><span class='ocrx_word' id='word_1_41' title='bbox 236 448 285 481; x_wconf 81' lang='lat'>45</span> <span class='ocrx_word' id='word_1_42' title='bbox 302 445 337 474; x_wconf 86' lang='lat'>⁵7</span> <span class='ocrx_word' id='word_1_43' title='bbox 357 439 446 479; x_wconf 82' lang='lat' dir='ltr'>fuse</span> <span class='ocrx_word' id='word_1_44' title='bbox 481 438 523 478; x_wconf 92' lang='lat' dir='ltr'>in</span> <span class='ocrx_word' id='word_1_45' title='bbox 559 437 690 477; x_wconf 88' lang='lat' dir='ltr'>tribus</span> <span class='ocrx_word' id='word_1_46' title='bbox 728 445 994 476; x_wconf 84' lang='lat' dir='ltr'>convocatus.</span> <span class='ocrx_word' id='word_1_47' title='bbox 1053 437 1151 477; x_wconf 91' lang='lat' dir='ltr'>Ouo</span> <span class='ocrx_word' id='word_1_48' title='bbox 1186 437 1319 476; x_wconf 84' lang='lat' dir='ltr'>verius</span> <span class='ocrx_word' id='word_1_49' title='bbox 1353 437 1392 476; x_wconf 89' lang='lat' dir='ltr'>in</span> <span class='ocrx_word' id='word_1_50' title='bbox 1427 444 1567 476; x_wconf 79' lang='lat' dir='ltr'>nostra</span> <span class='ocrx_word' id='word_1_51' title='bbox 1599 449 1726 476; x_wconf 90' lang='lat' dir='ltr'>causa</span> 
     </span>
     <span class='ocr_line' id='line_1_7' title="bbox 302 478 1725 548; baseline -0.003 -13"><span class='ocrx_word' id='word_1_52' title='bbox 302 502 340 526; x_wconf 78' lang='lat'>⁵8</span> <span class='ocrx_word' id='word_1_53' title='bbox 356 495 414 535; x_wconf 87' lang='lat' dir='ltr'>vir</span> <span class='ocrx_word' id='word_1_54' title='bbox 443 493 586 548; x_wconf 87' lang='lat' dir='ltr'>magni</span> <span class='ocrx_word' id='word_1_55' title='bbox 618 492 787 546; x_wconf 83' lang='lat' dir='ltr'>ingenii,</span> <span class='ocrx_word' id='word_1_56' title='bbox 819 506 1064 546; x_wconf 81' lang='lat' dir='ltr'>summaque</span> <span class='ocrx_word' id='word_1_57' title='bbox 1056 478 1325 545; x_wconf 84' lang='lat' dir='ltr'>prudentia,</span> <span class='ocrx_word' id='word_1_58' title='bbox 1357 494 1405 532; x_wconf 92' lang='lat' dir='ltr'>L.</span> <span class='ocrx_word' id='word_1_59' title='bbox 1437 492 1579 542; x_wconf 75' lang='lat' dir='ltr'>Cotta,</span> <span class='ocrx_word' id='word_1_60' title='bbox 1609 491 1725 532; x_wconf 85' lang='lat' dir='ltr'>dice-</span> 
     </span>
     <span class='ocr_line' id='line_1_8' title="bbox 300 547 1724 602; baseline -0.003 -10"><span class='ocrx_word' id='word_1_61' title='bbox 300 551 387 601; x_wconf 89' lang='lat' dir='ltr'>bat,</span> <span class='ocrx_word' id='word_1_62' title='bbox 419 550 521 590; x_wconf 86' lang='lat' dir='ltr'>nihil</span> <span class='ocrx_word' id='word_1_63' title='bbox 550 549 722 589; x_wconf 87' lang='lat' dir='ltr'>omnino</span> <span class='ocrx_word' id='word_1_64' title='bbox 752 558 892 588; x_wconf 84' lang='lat' dir='ltr'>actum</span> <span class='ocrx_word' id='word_1_65' title='bbox 924 562 1011 588; x_wconf 84' lang='lat' dir='ltr'>esse</span> <span class='ocrx_word' id='word_1_66' title='bbox 1042 547 1094 588; x_wconf 86' lang='lat' dir='ltr'>de</span> <span class='ocrx_word' id='word_1_67' title='bbox 1125 547 1258 588; x_wconf 87' lang='lat' dir='ltr'>nobis.</span> <span class='ocrx_word' id='word_1_68' title='bbox 1289 556 1438 602; x_wconf 84' lang='lat' dir='ltr'>praeter</span> <span class='ocrx_word' id='word_1_69' title='bbox 1465 548 1574 588; x_wconf 88' lang='lat' dir='ltr'>enim</span> <span class='ocrx_word' id='word_1_70' title='bbox 1597 561 1724 602; x_wconf 85' lang='lat' dir='ltr'>quam</span> 
     </span>
     <span class='ocr_line' id='line_1_9' title="bbox 301 604 1727 663; baseline -0.004 -15"><span class='ocrx_word' id='word_1_71' title='bbox 301 606 416 663; x_wconf 90' lang='lat' dir='ltr'>quod</span> <span class='ocrx_word' id='word_1_72' title='bbox 448 605 621 647; x_wconf 89' lang='lat' dir='ltr'>comitia</span> <span class='ocrx_word' id='word_1_73' title='bbox 648 605 718 644; x_wconf 88' lang='lat' dir='ltr'>illa</span> <span class='ocrx_word' id='word_1_74' title='bbox 745 613 881 645; x_wconf 83' lang='lat' dir='ltr'>essent</span> <span class='ocrx_word' id='word_1_75' title='bbox 902 604 1025 644; x_wconf 85' lang='lat' dir='ltr'>armis</span> <span class='ocrx_word' id='word_1_76' title='bbox 1046 613 1166 658; x_wconf 83' lang='lat' dir='ltr'>gesta</span> <span class='ocrx_word' id='word_1_77' title='bbox 1187 604 1417 654; x_wconf 88' lang='lat' dir='ltr'>servilibus,</span> <span class='ocrx_word' id='word_1_78' title='bbox 1436 612 1635 659; x_wconf 80' lang='lat' dir='ltr'>praeterea</span> <span class='ocrx_word' id='word_1_79' title='bbox 1655 617 1727 643; x_wconf 89' lang='lat' dir='ltr'>ne-</span> 
     </span>
     <span class='ocr_line' id='line_1_10' title="bbox 302 636 1729 724; baseline -0.004 -20"><span class='ocrx_word' id='word_1_80' title='bbox 302 678 384 719; x_wconf 86' lang='lat' dir='ltr'>que</span> <span class='ocrx_word' id='word_1_81' title='bbox 405 662 561 703; x_wconf 85' lang='lat' dir='ltr'>tributa</span> <span class='ocrx_word' id='word_1_82' title='bbox 581 660 726 724; x_wconf 80' lang='lat' dir='ltr'>capitis</span> <span class='ocrx_word' id='word_1_83' title='bbox 748 661 932 710; x_wconf 84' lang='lat' dir='ltr'>comitia,</span> <span class='ocrx_word' id='word_1_84' title='bbox 959 636 1074 700; x_wconf 59' lang='lat' dir='ltr'>ratat&gt;</span> <span class='ocrx_word' id='word_1_85' title='bbox 1067 675 1157 701; x_wconf 89' lang='lat' dir='ltr'>esse</span> <span class='ocrx_word' id='word_1_86' title='bbox 1176 670 1360 716; x_wconf 87' lang='lat' dir='ltr'>possent,</span> <span class='ocrx_word' id='word_1_87' title='bbox 1383 674 1516 714; x_wconf 87' lang='lat' dir='ltr'>neque</span> <span class='ocrx_word' id='word_1_88' title='bbox 1538 659 1624 699; x_wconf 88' lang='lat' dir='ltr'>ulla</span> <span class='ocrx_word' id='word_1_89' title='bbox 1643 658 1729 713; x_wconf 83' lang='lat' dir='ltr'>pri-</span> 
     </span>
     <span class='ocr_line' id='line_1_11' title="bbox 303 713 1731 774; baseline -0.004 -13"><span class='ocrx_word' id='word_1_90' title='bbox 303 720 471 774; x_wconf 86' lang='lat' dir='ltr'>vilegii:</span> <span class='ocrx_word' id='word_1_91' title='bbox 504 717 701 773; x_wconf 80' lang='lat' dir='ltr'>quocirca</span> <span class='ocrx_word' id='word_1_92' title='bbox 720 717 822 757; x_wconf 82' lang='lat' dir='ltr'>nihil</span> <span class='ocrx_word' id='word_1_93' title='bbox 845 717 963 757; x_wconf 89' lang='lat' dir='ltr'>nobis</span> <span class='ocrx_word' id='word_1_94' title='bbox 986 731 1090 772; x_wconf 88' lang='lat' dir='ltr'>opus</span> <span class='ocrx_word' id='word_1_95' title='bbox 1113 731 1202 757; x_wconf 88' lang='lat' dir='ltr'>esse</span> <span class='ocrx_word' id='word_1_96' title='bbox 1229 716 1338 772; x_wconf 85' lang='lat' dir='ltr'>lege,</span> <span class='ocrx_word' id='word_1_97' title='bbox 1360 717 1410 757; x_wconf 91' lang='lat' dir='ltr'>de</span> <span class='ocrx_word' id='word_1_98' title='bbox 1442 716 1594 771; x_wconf 89' lang='lat' dir='ltr'>quibus</span> <span class='ocrx_word' id='word_1_99' title='bbox 1625 713 1731 755; x_wconf 82' lang='lat' dir='ltr'>nihil</span> 
     </span>
     <span class='ocr_line' id='line_1_12' title="bbox 303 771 1730 836; baseline -0.004 -19"><span class='ocrx_word' id='word_1_100' title='bbox 303 775 475 818; x_wconf 84' lang='lat' dir='ltr'>omnino</span> <span class='ocrx_word' id='word_1_101' title='bbox 495 783 635 815; x_wconf 85' lang='lat' dir='ltr'>aetum</span> <span class='ocrx_word' id='word_1_102' title='bbox 659 782 767 814; x_wconf 90' lang='lat' dir='ltr'>essct</span> <span class='ocrx_word' id='word_1_103' title='bbox 786 773 965 828; x_wconf 85' lang='lat' dir='ltr'>legibus.</span> <span class='ocrx_word' id='word_1_104' title='bbox 1025 773 1106 813; x_wconf 88' lang='lat' dir='ltr'>Sed</span> <span class='ocrx_word' id='word_1_105' title='bbox 1128 773 1258 814; x_wconf 84' lang='lat' dir='ltr'>visum</span> <span class='ocrx_word' id='word_1_106' title='bbox 1282 783 1345 814; x_wconf 90' lang='lat' dir='ltr'>est</span> <span class='ocrx_word' id='word_1_107' title='bbox 1365 782 1407 813; x_wconf 90' lang='lat' dir='ltr'>et</span> <span class='ocrx_word' id='word_1_108' title='bbox 1427 773 1560 836; x_wconf 80' lang='lat' dir='ltr'>nobis,</span> <span class='ocrx_word' id='word_1_109' title='bbox 1582 780 1622 812; x_wconf 87' lang='lat' dir='ltr'>ct</span> <span class='ocrx_word' id='word_1_110' title='bbox 1644 771 1730 811; x_wconf 88' lang='lat' dir='ltr'>cla-</span> 
     </span>
     <span class='ocr_line' id='line_1_13' title="bbox 303 827 1731 885; baseline -0.004 -12"><span class='ocrx_word' id='word_1_111' title='bbox 303 832 476 873; x_wconf 88' lang='lat' dir='ltr'>rissimis</span> <span class='ocrx_word' id='word_1_112' title='bbox 501 829 610 880; x_wconf 86' lang='lat' dir='ltr'>viris,</span> <span class='ocrx_word' id='word_1_113' title='bbox 632 830 797 880; x_wconf 84' lang='lat' dir='ltr'>melius,</span> <span class='ocrx_word' id='word_1_114' title='bbox 819 831 870 871; x_wconf 91' lang='lat' dir='ltr'>de</span> <span class='ocrx_word' id='word_1_115' title='bbox 891 845 976 885; x_wconf 92' lang='lat' dir='ltr'>quo</span> <span class='ocrx_word' id='word_1_116' title='bbox 1007 830 1112 870; x_wconf 86' lang='lat' dir='ltr'>servi</span> <span class='ocrx_word' id='word_1_117' title='bbox 1139 840 1182 870; x_wconf 90' lang='lat' dir='ltr'>et</span> <span class='ocrx_word' id='word_1_118' title='bbox 1202 830 1382 870; x_wconf 87' lang='lat' dir='ltr'>latrones</span> <span class='ocrx_word' id='word_1_119' title='bbox 1405 829 1569 870; x_wconf 86' lang='lat' dir='ltr'>scivisse</span> <span class='ocrx_word' id='word_1_120' title='bbox 1590 842 1634 868; x_wconf 89' lang='lat' dir='ltr'>se</span> <span class='ocrx_word' id='word_1_121' title='bbox 1655 827 1731 868; x_wconf 91' lang='lat' dir='ltr'>ali-</span> 
     </span>
    </p>
   </div>
   <div class='ocr_carea' id='block_1_2' title="bbox 305 884 1733 1052">
    <p class='ocr_par' dir='ltr' id='par_1_3' title="bbox 305 884 1733 1052">
     <span class='ocr_line' id='line_1_14' title="bbox 305 884 1732 944; baseline -0.004 -15"><span class='ocrx_word' id='word_1_122' title='bbox 305 888 406 944; x_wconf 90' lang='lat' dir='ltr'>quid</span> <span class='ocrx_word' id='word_1_123' title='bbox 426 887 624 936; x_wconf 82' lang='lat' dir='ltr'><strong>dicerent,</strong></span> <span class='ocrx_word' id='word_1_124' title='bbox 645 885 696 926; x_wconf 91' lang='lat' dir='ltr'>de</span> <span class='ocrx_word' id='word_1_125' title='bbox 718 886 799 926; x_wconf 89' lang='lat' dir='ltr'>hoc</span> <span class='ocrx_word' id='word_1_126' title='bbox 820 887 969 927; x_wconf 90' lang='lat' dir='ltr'>eodem</span> <span class='ocrx_word' id='word_1_127' title='bbox 999 895 1195 927; x_wconf 82' lang='lat' dir='ltr'>cunctam</span> <span class='ocrx_word' id='word_1_128' title='bbox 1224 886 1403 937; x_wconf 87' lang='lat' dir='ltr'>Italiam,</span> <span class='ocrx_word' id='word_1_129' title='bbox 1423 885 1524 941; x_wconf 90' lang='lat' dir='ltr'>quid</span> <span class='ocrx_word' id='word_1_130' title='bbox 1546 884 1732 934; x_wconf 85' lang='lat' dir='ltr'>sentiret,</span> 
     </span>
     <span class='ocr_line' id='line_1_15' title="bbox 307 943 539 985; baseline -0.009 0"><span class='ocrx_word' id='word_1_131' title='bbox 307 943 539 985; x_wconf 81' lang='lat' dir='ltr'>ostendere.</span> 
     </span>
     <span class='ocr_line' id='line_1_16' title="bbox 1624 997 1733 1052; baseline -0.009 -15"><span class='ocrx_word' id='word_1_132' title='bbox 1624 997 1733 1052; x_wconf 69' lang='lat' dir='ltr'>Quae</span> 
     </span>
    </p>
   </div>
   <div class='ocr_carea' id='block_1_3' title="bbox 225 997 1748 2068">
    <p class='ocr_par' dir='ltr' id='par_1_4' title="bbox 225 997 1734 1166">
     <span class='ocr_line' id='line_1_17' title="bbox 225 997 1564 1061; baseline -0.002 -21"><span class='ocrx_word' id='word_1_133' title='bbox 225 998 295 1045; x_wconf 71' lang='lat'>20</span> <span class='ocrx_word' id='word_1_134' title='bbox 364 1000 606 1061; x_wconf 83' lang='lat' dir='ltr'>Sequuntur</span> <span class='ocrx_word' id='word_1_135' title='bbox 635 997 688 1038; x_wconf 86' lang='lat' dir='ltr'>de</span> <span class='ocrx_word' id='word_1_136' title='bbox 717 997 850 1053; x_wconf 87' lang='lat' dir='ltr'>captis</span> <span class='ocrx_word' id='word_1_137' title='bbox 881 998 1080 1052; x_wconf 88' lang='lat' dir='ltr'>pecuniis,</span> <span class='ocrx_word' id='word_1_138' title='bbox 1102 1006 1144 1038; x_wconf 91' lang='lat' dir='ltr'>et</span> <span class='ocrx_word' id='word_1_139' title='bbox 1172 997 1223 1038; x_wconf 93' lang='lat' dir='ltr'>de</span> <span class='ocrx_word' id='word_1_140' title='bbox 1253 998 1414 1039; x_wconf 89' lang='lat' dir='ltr'>ambitu</span> <span class='ocrx_word' id='word_1_141' title='bbox 1443 998 1564 1052; x_wconf 86' lang='lat' dir='ltr'>legis.</span> 
     </span>
     <span class='ocr_line' id='line_1_18' title="bbox 243 1053 1734 1117; baseline -0.003 -19.901"><span class='ocrx_word' id='word_1_142' title='bbox 243 1066 406 1103; x_wconf 82' lang='lat' dir='ltr'>46cum</span> <span class='ocrx_word' id='word_1_143' title='bbox 427 1055 561 1109; x_wconf 84' lang='lat' dir='ltr'>magis</span> <span class='ocrx_word' id='word_1_144' title='bbox 585 1053 769 1110; x_wconf 75' lang='lat' dir='ltr'>judiciiS,</span> <span class='ocrx_word' id='word_1_145' title='bbox 792 1067 918 1117; x_wconf 89' lang='lat' dir='ltr'>quam</span> <span class='ocrx_word' id='word_1_146' title='bbox 937 1055 1070 1095; x_wconf 86' lang='lat' dir='ltr'>verbis</span> <span class='ocrx_word' id='word_1_147' title='bbox 1092 1054 1314 1094; x_wconf 87' lang='lat' dir='ltr'>sancienda</span> <span class='ocrx_word' id='word_1_148' title='bbox 1335 1054 1440 1095; x_wconf 86' lang='lat' dir='ltr'>sint:</span> <span class='ocrx_word' id='word_1_149' title='bbox 1472 1053 1734 1117; x_wconf 84' lang='lat' dir='ltr'>adjungitur,</span> 
     </span>
     <span class='ocr_line' id='line_1_19' title="bbox 309 1109 1734 1175; baseline -0.002 -22"><span class='ocrx_word' id='word_1_150' title='bbox 309 1127 445 1154; x_wconf 78' lang='lat' dir='ltr'>noxzoe</span> <span class='ocrx_word' id='word_1_151' title='bbox 467 1121 590 1166; x_wconf 82' lang='lat' dir='ltr'>poena</span> <span class='ocrx_word' id='word_1_152' title='bbox 604 1120 691 1175; x_wconf 41' lang='lat' dir='ltr'>..par</span> <span class='ocrx_word' id='word_1_153' title='bbox 712 1117 806 1160; x_wconf 80' lang='lat' dir='ltr'>esto,</span> <span class='ocrx_word' id='word_1_154' title='bbox 827 1119 875 1151; x_wconf 89' lang='lat' dir='ltr'>ut</span> <span class='ocrx_word' id='word_1_155' title='bbox 901 1125 943 1151; x_wconf 89' lang='lat' dir='ltr'>m</span> <span class='ocrx_word' id='word_1_156' title='bbox 971 1125 1048 1151; x_wconf 91' lang='lat' dir='ltr'>suo</span> <span class='ocrx_word' id='word_1_157' title='bbox 1068 1110 1168 1151; x_wconf 87' lang='lat' dir='ltr'>vitio</span> <span class='ocrx_word' id='word_1_158' title='bbox 1190 1111 1367 1166; x_wconf 86' lang='lat' dir='ltr'>quisque</span> <span class='ocrx_word' id='word_1_159' title='bbox 1395 1110 1628 1174; x_wconf 74' lang='lat' dir='ltr'>plectatur:</span> <span class='ocrx_word' id='word_1_160' title='bbox 1660 1109 1734 1159; x_wconf 83' lang='lat' dir='ltr'>vis,</span> 
     </span>
    </p>

    <p class='ocr_par' dir='ltr' id='par_1_5' title="bbox 253 1166 1746 1731">
     <span class='ocr_line' id='line_1_20' title="bbox 262 1166 1734 1223; baseline 0.001 -17"><span class='ocrx_word' id='word_1_161' title='bbox 262 1204 265 1206; x_wconf 82' lang='grc'>.</span> <span class='ocrx_word' id='word_1_162' title='bbox 309 1169 475 1223; x_wconf 89' lang='lat' dir='ltr'>capite·</span> <span class='ocrx_word' id='word_1_163' title='bbox 464 1199 476 1219; x_wconf 88' lang='lat'>,</span> <span class='ocrx_word' id='word_1_164' title='bbox 508 1166 689 1216; x_wconf 87' lang='lat' dir='ltr'>avaritia,</span> <span class='ocrx_word' id='word_1_165' title='bbox 725 1166 887 1217; x_wconf 86' lang='lat' dir='ltr'>multa;</span> <span class='ocrx_word' id='word_1_166' title='bbox 919 1167 1089 1208; x_wconf 87' lang='lat' dir='ltr'>honoris</span> <span class='ocrx_word' id='word_1_167' title='bbox 1125 1166 1344 1222; x_wconf 84' lang='lat' dir='ltr'>cupiditas,</span> <span class='ocrx_word' id='word_1_168' title='bbox 1375 1166 1606 1222; x_wconf 84' lang='lat' dir='ltr'>ignominia</span> <span class='ocrx_word' id='word_1_169' title='bbox 1639 1182 1734 1208; x_wconf 88' lang='lat' dir='ltr'>san-</span> 
     </span>
     <span class='ocr_line' id='line_1_21' title="bbox 310 1222 1737 1278; baseline -0.001 -12"><span class='ocrx_word' id='word_1_170' title='bbox 310 1225 457 1266; x_wconf 86' lang='lat' dir='ltr'>ciatur.</span> <span class='ocrx_word' id='word_1_171' title='bbox 516 1225 725 1264; x_wconf 84' lang='lat' dir='ltr'>Extremae</span> <span class='ocrx_word' id='word_1_172' title='bbox 757 1223 871 1278; x_wconf 87' lang='lat' dir='ltr'>leges</span> <span class='ocrx_word' id='word_1_173' title='bbox 901 1233 996 1264; x_wconf 87' lang='lat' dir='ltr'>sunt</span> <span class='ocrx_word' id='word_1_174' title='bbox 1025 1223 1144 1264; x_wconf 89' lang='lat' dir='ltr'>nobis</span> <span class='ocrx_word' id='word_1_175' title='bbox 1174 1238 1256 1264; x_wconf 89' lang='lat' dir='ltr'>non</span> <span class='ocrx_word' id='word_1_176' title='bbox 1276 1223 1464 1264; x_wconf 83' lang='lat' dir='ltr'>usitatae·</span> <span class='ocrx_word' id='word_1_177' title='bbox 1496 1222 1737 1278; x_wconf 85' lang='lat' dir='ltr'>reipublicae</span> 
     </span>
     <span class='ocr_line' id='line_1_22' title="bbox 311 1279 1738 1334; baseline -0.001 -13"><span class='ocrx_word' id='word_1_178' title='bbox 311 1280 567 1322; x_wconf 87' lang='lat' dir='ltr'>necessariae.</span> <span class='ocrx_word' id='word_1_179' title='bbox 626 1281 793 1334; x_wconf 83' lang='lat' dir='ltr'>Legum</span> <span class='ocrx_word' id='word_1_180' title='bbox 821 1280 1055 1321; x_wconf 85' lang='lat' dir='ltr'>custodiam</span> <span class='ocrx_word' id='word_1_181' title='bbox 1085 1279 1242 1320; x_wconf 86' lang='lat' dir='ltr'>nullam</span> <span class='ocrx_word' id='word_1_182' title='bbox 1271 1279 1488 1320; x_wconf 83' lang='lat' dir='ltr'>habemus.</span> <span class='ocrx_word' id='word_1_183' title='bbox 1510 1279 1650 1334; x_wconf 80' lang='lat' dir='ltr'>itaque</span> <span class='ocrx_word' id='word_1_184' title='bbox 1671 1279 1738 1320; x_wconf 83' lang='lat' dir='ltr'>hae</span> 
     </span>
     <span class='ocr_line' id='line_1_23' title="bbox 310 1336 1739 1393; baseline -0.001 -15"><span class='ocrx_word' id='word_1_185' title='bbox 310 1337 425 1393; x_wconf 87' lang='lat' dir='ltr'>leges</span> <span class='ocrx_word' id='word_1_186' title='bbox 456 1345 567 1386; x_wconf 90' lang='lat' dir='ltr'>sunt,</span> <span class='ocrx_word' id='word_1_187' title='bbox 599 1350 701 1391; x_wconf 89' lang='lat' dir='ltr'>quas</span> <span class='ocrx_word' id='word_1_188' title='bbox 731 1336 986 1391; x_wconf 73' lang='lat' dir='ltr'>apparitores</span> <span class='ocrx_word' id='word_1_189' title='bbox 1019 1336 1147 1377; x_wconf 84' lang='lat' dir='ltr'>nostri</span> <span class='ocrx_word' id='word_1_190' title='bbox 1178 1336 1349 1377; x_wconf 74' lang='lat' dir='ltr'>xolunt:</span> <span class='ocrx_word' id='word_1_191' title='bbox 1381 1350 1405 1377; x_wconf 93' lang='lat' dir='ltr'>a</span> <span class='ocrx_word' id='word_1_192' title='bbox 1425 1336 1601 1377; x_wconf 85' lang='lat' dir='ltr'>librariis</span> <span class='ocrx_word' id='word_1_193' title='bbox 1632 1336 1739 1390; x_wconf 88' lang='lat' dir='ltr'>peti-</span> 
     </span>
     <span class='ocr_line' id='line_1_24' title="bbox 315 1392 1742 1448; baseline -0.001 -13"><span class='ocrx_word' id='word_1_194' title='bbox 315 1409 423 1443; x_wconf 87' lang='lat' dir='ltr'>mus,</span> <span class='ocrx_word' id='word_1_195' title='bbox 465 1392 644 1448; x_wconf 88' lang='lat' dir='ltr'>publicis</span> <span class='ocrx_word' id='word_1_196' title='bbox 676 1400 714 1425; x_wconf 81' lang='lat'>⁵9</span> <span class='ocrx_word' id='word_1_197' title='bbox 728 1393 874 1433; x_wconf 83' lang='lat' dir='ltr'>l1tter1s</span> <span class='ocrx_word' id='word_1_198' title='bbox 913 1394 1201 1448; x_wconf 77' lang='lat' dir='ltr'>consignatam</span> <span class='ocrx_word' id='word_1_199' title='bbox 1243 1393 1487 1433; x_wconf 74' lang='lat' dir='ltr'>memoriam</span> <span class='ocrx_word' id='word_1_200' title='bbox 1529 1392 1742 1447; x_wconf 86' lang='lat' dir='ltr'>publicam</span> 
     </span>
     <span class='ocr_line' id='line_1_25' title="bbox 270 1448 1740 1503; baseline 0.001 -15"><span class='ocrx_word' id='word_1_201' title='bbox 270 1458 303 1490; x_wconf 86' lang='lat' dir='ltr'>b.</span> <span class='ocrx_word' id='word_1_202' title='bbox 316 1450 472 1491; x_wconf 89' lang='lat' dir='ltr'>nullam</span> <span class='ocrx_word' id='word_1_203' title='bbox 504 1449 720 1490; x_wconf 89' lang='lat' dir='ltr'>habemus.</span> <span class='ocrx_word' id='word_1_204' title='bbox 781 1449 920 1490; x_wconf 85' lang='lat' dir='ltr'>Graeci</span> <span class='ocrx_word' id='word_1_205' title='bbox 952 1449 1033 1490; x_wconf 88' lang='lat' dir='ltr'>hoc</span> <span class='ocrx_word' id='word_1_206' title='bbox 1063 1448 1132 1489; x_wconf 85' lang='lat' dir='ltr'>dili</span> <span class='ocrx_word' id='word_1_207' title='bbox 1138 1450 1329 1503; x_wconf 75' lang='lat' dir='ltr'>rentius:</span> <span class='ocrx_word' id='word_1_208' title='bbox 1361 1448 1471 1503; x_wconf 87' lang='lat' dir='ltr'>apud</span> <span class='ocrx_word' id='word_1_209' title='bbox 1502 1463 1608 1503; x_wconf 89' lang='lat' dir='ltr'>quos</span> <span class='ocrx_word' id='word_1_210' title='bbox 1636 1466 1740 1502; x_wconf 84' lang='grc' dir='ltr'><em>νομο-</em></span> 
     </span>
     <span class='ocr_line' id='line_1_26' title="bbox 318 1505 1741 1560; baseline 0 -14"><span class='ocrx_word' id='word_1_211' title='bbox 318 1506 475 1560; x_wconf 80' lang='grc' dir='ltr'>φύλακες</span> <span class='ocrx_word' id='word_1_212' title='bbox 494 1514 712 1546; x_wconf 86' lang='lat' dir='ltr'>creantur.</span> <span class='ocrx_word' id='word_1_213' title='bbox 733 1519 808 1545; x_wconf 86' lang='lat' dir='ltr'>nec</span> <span class='ocrx_word' id='word_1_214' title='bbox 829 1505 870 1545; x_wconf 86' lang='lat' dir='ltr'>hi</span> <span class='ocrx_word' id='word_1_215' title='bbox 892 1506 1027 1546; x_wconf 86' lang='lat' dir='ltr'>solum</span> <span class='ocrx_word' id='word_1_216' title='bbox 1050 1505 1206 1545; x_wconf 71' lang='lat' dir='ltr'>litteras</span> <span class='ocrx_word' id='word_1_217' title='bbox 1232 1508 1342 1558; x_wconf 81' lang='lat' dir='ltr'>(nain</span> <span class='ocrx_word' id='word_1_218' title='bbox 1364 1506 1405 1545; x_wconf 92' lang='lat' dir='ltr'>id</span> <span class='ocrx_word' id='word_1_219' title='bbox 1426 1506 1593 1560; x_wconf 84' lang='lat' dir='ltr'>quidem</span> <span class='ocrx_word' id='word_1_220' title='bbox 1615 1505 1741 1546; x_wconf 86' lang='lat' dir='ltr'>etiam</span> 
     </span>
     <span class='ocr_line' id='line_1_27' title="bbox 316 1561 1744 1618; baseline -0.001 -14"><span class='ocrx_word' id='word_1_221' title='bbox 316 1562 431 1618; x_wconf 87' lang='lat' dir='ltr'>apud</span> <span class='ocrx_word' id='word_1_222' title='bbox 452 1562 633 1617; x_wconf 87' lang='lat' dir='ltr'>majores</span> <span class='ocrx_word' id='word_1_223' title='bbox 655 1572 819 1602; x_wconf 87' lang='lat' dir='ltr'>nostros</span> <span class='ocrx_word' id='word_1_224' title='bbox 840 1563 943 1614; x_wconf 88' lang='lat' dir='ltr'>erat)</span> <span class='ocrx_word' id='word_1_225' title='bbox 968 1561 1040 1602; x_wconf 70' lang='lat' dir='ltr'>scd</span> <span class='ocrx_word' id='word_1_226' title='bbox 1070 1561 1196 1602; x_wconf 81' lang='lat' dir='ltr'>etiam</span> <span class='ocrx_word' id='word_1_227' title='bbox 1224 1562 1333 1602; x_wconf 82' lang='lat' dir='ltr'>facta</span> <span class='ocrx_word' id='word_1_228' title='bbox 1356 1561 1577 1602; x_wconf 86' lang='lat' dir='ltr'>hominum</span> <span class='ocrx_word' id='word_1_229' title='bbox 1599 1562 1744 1602; x_wconf 88' lang='lat' dir='ltr'>obser-</span> 
     </span>
     <span class='ocr_line' id='line_1_28' title="bbox 253 1618 1746 1673; baseline -0.001 -13"><span class='ocrx_word' id='word_1_230' title='bbox 253 1631 304 1672; x_wconf 82' lang='lat'>47</span> <span class='ocrx_word' id='word_1_231' title='bbox 318 1619 481 1670; x_wconf 87' lang='lat' dir='ltr'>vabant,</span> <span class='ocrx_word' id='word_1_232' title='bbox 509 1618 562 1659; x_wconf 84' lang='lat' dir='ltr'>ad</span> <span class='ocrx_word' id='word_1_233' title='bbox 592 1618 789 1673; x_wconf 84' lang='lat' dir='ltr'>legesque</span> <span class='ocrx_word' id='word_1_234' title='bbox 819 1619 994 1658; x_wconf 85' lang='lat' dir='ltr'>revocab</span> <span class='ocrx_word' id='word_1_235' title='bbox 998 1627 1082 1659; x_wconf 84' lang='lat' dir='ltr'>a.nt</span> <span class='ocrx_word' id='word_1_236' title='bbox 1145 1619 1251 1658; x_wconf 90' lang='lat' dir='ltr'>Haec</span> <span class='ocrx_word' id='word_1_237' title='bbox 1282 1618 1403 1658; x_wconf 88' lang='lat' dir='ltr'>detur</span> <span class='ocrx_word' id='word_1_238' title='bbox 1433 1632 1532 1659; x_wconf 88' lang='lat' dir='ltr'>cura</span> <span class='ocrx_word' id='word_1_239' title='bbox 1561 1618 1746 1659; x_wconf 86' lang='lat' dir='ltr'>censori-</span> 
     </span>
     <span class='ocr_line' id='line_1_29' title="bbox 416 1674 1743 1737; baseline -0.002 -20.935"><span class='ocrx_word' id='word_1_240' title='bbox 416 1674 796 1737; x_wconf 80' lang='lat' dir='ltr'>‚quandoquidem</span> <span class='ocrx_word' id='word_1_241' title='bbox 824 1688 896 1714; x_wconf 89' lang='lat' dir='ltr'>eos</span> <span class='ocrx_word' id='word_1_242' title='bbox 927 1675 967 1714; x_wconf 89' lang='lat' dir='ltr'>in</span> <span class='ocrx_word' id='word_1_243' title='bbox 996 1674 1210 1729; x_wconf 86' lang='lat' dir='ltr'>republica</span> <span class='ocrx_word' id='word_1_244' title='bbox 1241 1689 1406 1729; x_wconf 83' lang='lat' dir='ltr'>semper</span> <span class='ocrx_word' id='word_1_245' title='bbox 1427 1674 1617 1715; x_wconf 67' lang='lat' dir='ltr'>xolumus</span> <span class='ocrx_word' id='word_1_246' title='bbox 1638 1688 1743 1715; x_wconf 90' lang='lat' dir='ltr'>esse.</span> 
     </span>
    </p>

    <p class='ocr_par' dir='ltr' id='par_1_6' title="bbox 317 1690 1748 2068">
     <span class='ocr_line' id='line_1_30' title="bbox 317 1690 1744 1796; baseline -0.001 -23"><span class='ocrx_word' id='word_1_247' title='bbox 317 1690 429 1787; x_wconf 83' lang='lat' dir='ltr'>apud</span> <span class='ocrx_word' id='word_1_248' title='bbox 449 1730 644 1796; x_wconf 65' lang='lat' dir='ltr'>eosdem,</span> <span class='ocrx_word' id='word_1_249' title='bbox 679 1745 750 1786; x_wconf 72' lang='lat' dir='ltr'>qur</span> <span class='ocrx_word' id='word_1_250' title='bbox 780 1731 1028 1785; x_wconf 82' lang='lat' dir='ltr'>magistratu</span> <span class='ocrx_word' id='word_1_251' title='bbox 1061 1730 1252 1781; x_wconf 84' lang='lat' dir='ltr'>abierint,</span> <span class='ocrx_word' id='word_1_252' title='bbox 1282 1731 1423 1780; x_wconf 85' lang='lat' dir='ltr'>edant,</span> <span class='ocrx_word' id='word_1_253' title='bbox 1456 1740 1498 1772; x_wconf 87' lang='lat' dir='ltr'>et</span> <span class='ocrx_word' id='word_1_254' title='bbox 1520 1744 1641 1786; x_wconf 85' lang='lat' dir='ltr'>expo</span> <span class='ocrx_word' id='word_1_255' title='bbox 1630 1739 1744 1782; x_wconf 76' lang='lat' dir='ltr'>iant</span> 
     </span>
     <span class='ocr_line' id='line_1_31' title="bbox 319 1787 1745 1844; baseline -0.001 -15"><span class='ocrx_word' id='word_1_256' title='bbox 319 1787 458 1844; x_wconf 88' lang='lat' dir='ltr'>quid&#39;</span> <span class='ocrx_word' id='word_1_257' title='bbox 448 1803 489 1828; x_wconf 94' lang='lat' dir='ltr'>1n</span> <span class='ocrx_word' id='word_1_258' title='bbox 511 1787 762 1843; x_wconf 87' lang='lat' dir='ltr'>magistratu</span> <span class='ocrx_word' id='word_1_259' title='bbox 789 1787 1018 1842; x_wconf 83' lang='lat' dir='ltr'>gesserint:</span> <span class='ocrx_word' id='word_1_260' title='bbox 1052 1794 1092 1819; x_wconf 72' lang='lat'>00</span> <span class='ocrx_word' id='word_1_261' title='bbox 1109 1787 1274 1842; x_wconf 89' lang='lat' dir='ltr'>deque</span> <span class='ocrx_word' id='word_1_262' title='bbox 1265 1787 1314 1828; x_wconf 90' lang='lat' dir='ltr'>1is</span> <span class='ocrx_word' id='word_1_263' title='bbox 1335 1801 1528 1828; x_wconf 85' lang='lat' dir='ltr'>censores</span> <span class='ocrx_word' id='word_1_264' title='bbox 1549 1787 1745 1843; x_wconf 84' lang='lat' dir='ltr'>praejudi-</span> 
     </span>
     <span class='ocr_line' id='line_1_32' title="bbox 319 1843 1747 1898; baseline -0.002 -12"><span class='ocrx_word' id='word_1_265' title='bbox 319 1853 429 1886; x_wconf 88' lang='lat' dir='ltr'>cent.</span> <span class='ocrx_word' id='word_1_266' title='bbox 488 1845 585 1885; x_wconf 92' lang='lat' dir='ltr'>Hoc</span> <span class='ocrx_word' id='word_1_267' title='bbox 617 1859 659 1884; x_wconf 80' lang='lat' dir='ltr'>in</span> <span class='ocrx_word' id='word_1_268' title='bbox 686 1843 851 1884; x_wconf 82' lang='lat' dir='ltr'>Graecia</span> <span class='ocrx_word' id='word_1_269' title='bbox 879 1843 936 1894; x_wconf 87' lang='lat' dir='ltr'>fit,</span> <span class='ocrx_word' id='word_1_270' title='bbox 965 1844 1132 1898; x_wconf 84' lang='lat' dir='ltr'>publice</span> <span class='ocrx_word' id='word_1_271' title='bbox 1160 1843 1398 1884; x_wconf 88' lang='lat' dir='ltr'>constitutis</span> <span class='ocrx_word' id='word_1_272' title='bbox 1420 1844 1747 1885; x_wconf 78' lang='lat' dir='ltr'>accusatoribus.</span> 
     </span>
     <span class='ocr_line' id='line_1_33' title="bbox 319 1899 1747 1957; baseline -0.002 -14"><span class='ocrx_word' id='word_1_273' title='bbox 319 1901 407 1957; x_wconf 86' lang='lat' dir='ltr'>Oui</span> <span class='ocrx_word' id='word_1_274' title='bbox 443 1900 614 1956; x_wconf 90' lang='lat' dir='ltr'>quidem</span> <span class='ocrx_word' id='word_1_275' title='bbox 647 1914 794 1955; x_wconf 88' lang='lat' dir='ltr'>graves</span> <span class='ocrx_word' id='word_1_276' title='bbox 826 1914 916 1940; x_wconf 86' lang='lat' dir='ltr'>esse</span> <span class='ocrx_word' id='word_1_277' title='bbox 949 1915 1032 1942; x_wconf 88' lang='lat' dir='ltr'>non</span> <span class='ocrx_word' id='word_1_278' title='bbox 1061 1910 1251 1955; x_wconf 78' lang='lat' dir='ltr'>possunt,</span> <span class='ocrx_word' id='word_1_279' title='bbox 1287 1899 1363 1940; x_wconf 85' lang='lat' dir='ltr'>nisi</span> <span class='ocrx_word' id='word_1_280' title='bbox 1399 1900 1481 1941; x_wconf 88' lang='lat' dir='ltr'>sint</span> <span class='ocrx_word' id='word_1_281' title='bbox 1514 1900 1747 1941; x_wconf 88' lang='lat' dir='ltr'>voluntarii.</span> 
     </span>
     <span class='ocr_line' id='line_1_34' title="bbox 318 1943 1747 2019; baseline -0.001 -21"><span class='ocrx_word' id='word_1_282' title='bbox 318 1943 533 2014; x_wconf 64' lang='lat' dir='ltr'>Quocirca</span> <span class='ocrx_word' id='word_1_283' title='bbox 551 1956 699 1997; x_wconf 89' lang='lat' dir='ltr'>melius</span> <span class='ocrx_word' id='word_1_284' title='bbox 720 1964 796 2006; x_wconf 89' lang='lat' dir='ltr'>est,</span> <span class='ocrx_word' id='word_1_285' title='bbox 816 1957 997 1998; x_wconf 83' lang='lat' dir='ltr'>rationes</span> <span class='ocrx_word' id='word_1_286' title='bbox 1026 1957 1184 2006; x_wconf 85' lang='lat' dir='ltr'>referri,</span> <span class='ocrx_word' id='word_1_287' title='bbox 1203 1971 1457 2019; x_wconf 83' lang='lat' dir='ltr'>causamque</span> <span class='ocrx_word' id='word_1_288' title='bbox 1478 1957 1629 2011; x_wconf 74' lang='lat' dir='ltr'>exponi</span> <span class='ocrx_word' id='word_1_289' title='bbox 1649 1970 1747 1997; x_wconf 88' lang='lat' dir='ltr'>cen-</span> 
     </span>
     <span class='ocr_line' id='line_1_35' title="bbox 318 2012 1748 2068; baseline -0.001 -13"><span class='ocrx_word' id='word_1_290' title='bbox 318 2014 506 2055; x_wconf 86' lang='lat' dir='ltr'>soribus:</span> <span class='ocrx_word' id='word_1_291' title='bbox 539 2019 576 2044; x_wconf 80' lang='lat'>⁶1</span> <span class='ocrx_word' id='word_1_292' title='bbox 596 2013 803 2067; x_wconf 88' lang='lat' dir='ltr'>integram</span> <span class='ocrx_word' id='word_1_293' title='bbox 829 2021 968 2054; x_wconf 87' lang='lat' dir='ltr'>tamen</span> <span class='ocrx_word' id='word_1_294' title='bbox 991 2013 1129 2068; x_wconf 80' lang='lat' dir='ltr'>legem</span> <span class='ocrx_word' id='word_1_295' title='bbox 1149 2012 1380 2054; x_wconf 82' lang='lat' dir='ltr'>accusatori</span> <span class='ocrx_word' id='word_1_296' title='bbox 1394 2012 1642 2067; x_wconf 86' lang='lat' dir='ltr'>judicioque</span> <span class='ocrx_word' id='word_1_297' title='bbox 1662 2027 1748 2053; x_wconf 88' lang='lat' dir='ltr'>ser-</span> 
     </span>
    </p>
   </div>
   <div class='ocr_carea' id='block_1_4' title="bbox 319 2068 1748 2182">
    <p class='ocr_par' dir='ltr' id='par_1_7' title="bbox 319 2068 1748 2182">
     <span class='ocr_line' id='line_1_36' title="bbox 319 2068 1748 2125; baseline -0.001 -15"><span class='ocrx_word' id='word_1_298' title='bbox 319 2070 416 2110; x_wconf 86' lang='lat' dir='ltr'>vari.</span> <span class='ocrx_word' id='word_1_299' title='bbox 476 2069 560 2110; x_wconf 92' lang='lat' dir='ltr'>Sed</span> <span class='ocrx_word' id='word_1_300' title='bbox 587 2069 685 2109; x_wconf 89' lang='lat' dir='ltr'>satis</span> <span class='ocrx_word' id='word_1_301' title='bbox 710 2068 802 2124; x_wconf 90' lang='lat' dir='ltr'>jam</span> <span class='ocrx_word' id='word_1_302' title='bbox 833 2068 1093 2125; x_wconf 87' lang='lat' dir='ltr'>disputatum</span> <span class='ocrx_word' id='word_1_303' title='bbox 1128 2080 1192 2111; x_wconf 92' lang='lat' dir='ltr'>est</span> <span class='ocrx_word' id='word_1_304' title='bbox 1225 2068 1277 2109; x_wconf 88' lang='lat' dir='ltr'>de</span> <span class='ocrx_word' id='word_1_305' title='bbox 1310 2069 1637 2124; x_wconf 84' lang='lat' dir='ltr'>magistratibus,</span> <span class='ocrx_word' id='word_1_306' title='bbox 1670 2068 1748 2110; x_wconf 87' lang='lat' dir='ltr'>nisi</span> 
     </span>
     <span class='ocr_line' id='line_1_37' title="bbox 319 2124 825 2182; baseline 0 -17"><span class='ocrx_word' id='word_1_307' title='bbox 319 2126 426 2167; x_wconf 86' lang='lat' dir='ltr'>forte</span> <span class='ocrx_word' id='word_1_308' title='bbox 447 2125 549 2182; x_wconf 88' lang='lat' dir='ltr'>quid</span> <span class='ocrx_word' id='word_1_309' title='bbox 569 2124 825 2166; x_wconf 86' lang='lat' dir='ltr'>desideratis</span> 
     </span>
    </p>
   </div>
   <div class='ocr_carea' id='block_1_5' title="bbox 1807 0 1844 1215">
    <p class='ocr_par' dir='ltr' id='par_1_8' title="bbox 1807 0 1844 1215">
     <span class='ocr_line' id='line_1_38' title="bbox 1807 0 1844 1215; baseline 0 0"><span class='ocrx_word' id='word_1_310' title='bbox 1807 0 1844 1215; x_wconf 95' lang='lat' dir='ltr'> </span> 
     </span>
    </p>
   </div>
   <div class='ocr_carea' id='block_1_6' title="bbox 322 2258 1020 2856">
    <p class='ocr_par' dir='ltr' id='par_1_9' title="bbox 322 2258 1017 2599">
     <span class='ocr_line' id='line_1_39' title="bbox 366 2258 1011 2300; baseline -0.003 -9"><span class='ocrx_word' id='word_1_311' title='bbox 366 2265 406 2291; x_wconf 80' lang='lat'>56</span> <span class='ocrx_word' id='word_1_312' title='bbox 428 2259 529 2290; x_wconf 78' lang='lat' dir='ltr'>scitum</span> <span class='ocrx_word' id='word_1_313' title='bbox 546 2266 586 2289; x_wconf 84' lang='lat' dir='ltr'>est</span> <span class='ocrx_word' id='word_1_314' title='bbox 594 2259 707 2300; x_wconf 85' lang='lat' dir='ltr'>jussum</span> <span class='ocrx_word' id='word_1_315' title='bbox 723 2261 753 2289; x_wconf 81' lang='lat' dir='ltr'>in</span> <span class='ocrx_word' id='word_1_316' title='bbox 775 2258 880 2300; x_wconf 84' lang='lat' dir='ltr'>omnes]</span> <span class='ocrx_word' id='word_1_317' title='bbox 906 2260 1011 2289; x_wconf 85' lang='lat' dir='ltr'>Corre-</span> 
     </span>
     <span class='ocr_line' id='line_1_40' title="bbox 322 2303 1012 2342; baseline -0.001 -9"><span class='ocrx_word' id='word_1_318' title='bbox 322 2312 395 2334; x_wconf 88' lang='lat' dir='ltr'>xere</span> <span class='ocrx_word' id='word_1_319' title='bbox 410 2303 466 2332; x_wconf 85' lang='lat' dir='ltr'>viri</span> <span class='ocrx_word' id='word_1_320' title='bbox 483 2304 578 2339; x_wconf 83' lang='lat' dir='ltr'>docti,</span> <span class='ocrx_word' id='word_1_321' title='bbox 599 2303 700 2332; x_wconf 78' lang='lat' dir='ltr'>scitum</span> <span class='ocrx_word' id='word_1_322' title='bbox 722 2310 762 2332; x_wconf 79' lang='lat' dir='ltr'>es!</span> <span class='ocrx_word' id='word_1_323' title='bbox 782 2309 809 2332; x_wconf 82' lang='lat' dir='ltr'>et</span> <span class='ocrx_word' id='word_1_324' title='bbox 819 2303 945 2342; x_wconf 84' lang='lat' dir='ltr'>jussum,</span> <span class='ocrx_word' id='word_1_325' title='bbox 962 2303 1012 2332; x_wconf 79' lang='lat' dir='ltr'>alii</span> 
     </span>
     <span class='ocr_line' id='line_1_41' title="bbox 322 2346 1015 2385; baseline 0.001 -11"><span class='ocrx_word' id='word_1_326' title='bbox 322 2346 425 2375; x_wconf 82' lang='lat' dir='ltr'>scitum</span> <span class='ocrx_word' id='word_1_327' title='bbox 440 2357 496 2375; x_wconf 82' lang='lat' dir='ltr'>esse</span> <span class='ocrx_word' id='word_1_328' title='bbox 511 2346 658 2385; x_wconf 79' lang='lat' dir='ltr'>etjussum</span> <span class='ocrx_word' id='word_1_329' title='bbox 675 2346 695 2375; x_wconf 76' lang='grc' dir='ltr'>ι’.</span> <span class='ocrx_word' id='word_1_330' title='bbox 712 2358 736 2375; x_wconf 88' lang='grc' dir='ltr'>ο.</span> <span class='ocrx_word' id='word_1_331' title='bbox 777 2346 953 2384; x_wconf 85' lang='lat' dir='ltr'>Vulgatum</span> <span class='ocrx_word' id='word_1_332' title='bbox 970 2356 1015 2375; x_wconf 88' lang='lat' dir='ltr'>re-</span> 
     </span>
     <span class='ocr_line' id='line_1_42' title="bbox 323 2388 1016 2427; baseline -0.001 -8"><span class='ocrx_word' id='word_1_333' title='bbox 323 2389 414 2419; x_wconf 87' lang='lat' dir='ltr'>tinui.</span> <span class='ocrx_word' id='word_1_334' title='bbox 460 2389 515 2418; x_wconf 88' lang='lat' dir='ltr'>Est</span> <span class='ocrx_word' id='word_1_335' title='bbox 529 2389 671 2418; x_wconf 89' lang='lat' dir='ltr'>definitio</span> <span class='ocrx_word' id='word_1_336' title='bbox 684 2388 771 2427; x_wconf 78' lang='lat' dir='ltr'>legis·</span> <span class='ocrx_word' id='word_1_337' title='bbox 817 2389 880 2418; x_wconf 82' lang='lat' dir='ltr'>Lex</span> <span class='ocrx_word' id='word_1_338' title='bbox 897 2396 942 2418; x_wconf 84' lang='lat' dir='ltr'>cst</span> <span class='ocrx_word' id='word_1_339' title='bbox 957 2389 1016 2418; x_wconf 84' lang='lat' dir='ltr'>sci-</span> 
     </span>
     <span class='ocr_line' id='line_1_43' title="bbox 323 2432 1017 2471; baseline -0.001 -9"><span class='ocrx_word' id='word_1_340' title='bbox 323 2439 408 2468; x_wconf 88' lang='lat' dir='ltr'>tum,</span> <span class='ocrx_word' id='word_1_341' title='bbox 434 2432 454 2461; x_wconf 88' lang='lat' dir='ltr'>i.</span> <span class='ocrx_word' id='word_1_342' title='bbox 478 2441 505 2460; x_wconf 87' lang='lat' dir='ltr'>e.</span> <span class='ocrx_word' id='word_1_343' title='bbox 528 2432 703 2467; x_wconf 87' lang='lat' dir='ltr'>decretum,</span> <span class='ocrx_word' id='word_1_344' title='bbox 731 2432 815 2471; x_wconf 89' lang='lat' dir='ltr'>quod</span> <span class='ocrx_word' id='word_1_345' title='bbox 842 2432 877 2461; x_wconf 85' lang='lat' dir='ltr'>ad</span> <span class='ocrx_word' id='word_1_346' title='bbox 905 2441 1017 2461; x_wconf 85' lang='lat' dir='ltr'>omnes</span> 
     </span>
     <span class='ocr_line' id='line_1_44' title="bbox 325 2474 1017 2514; baseline -0.001 -10"><span class='ocrx_word' id='word_1_347' title='bbox 325 2475 469 2514; x_wconf 83' lang='lat' dir='ltr'>pertinet,</span> <span class='ocrx_word' id='word_1_348' title='bbox 488 2474 516 2503; x_wconf 92' lang='lat' dir='ltr'>id</span> <span class='ocrx_word' id='word_1_349' title='bbox 533 2480 590 2510; x_wconf 86' lang='lat' dir='ltr'>est,</span> <span class='ocrx_word' id='word_1_350' title='bbox 604 2474 732 2511; x_wconf 85' lang='lat' dir='ltr'>jussum</span> <span class='ocrx_word' id='word_1_351' title='bbox 750 2474 780 2504; x_wconf 91' lang='lat' dir='ltr'>in</span> <span class='ocrx_word' id='word_1_352' title='bbox 797 2484 920 2504; x_wconf 87' lang='lat' dir='ltr'>omnes.</span> <span class='ocrx_word' id='word_1_353' title='bbox 958 2474 1017 2503; x_wconf 88' lang='lat' dir='ltr'>Sed</span> 
     </span>
     <span class='ocr_line' id='line_1_45' title="bbox 325 2517 1019 2565; baseline 0 -19"><span class='ocrx_word' id='word_1_354' title='bbox 325 2528 382 2546; x_wconf 83' lang='lat' dir='ltr'>esse</span> <span class='ocrx_word' id='word_1_355' title='bbox 405 2517 617 2546; x_wconf 82' lang='lat' dir='ltr'>necessarium</span> <span class='ocrx_word' id='word_1_356' title='bbox 640 2518 762 2546; x_wconf 88' lang='lat' dir='ltr'>videtur</span> <span class='ocrx_word' id='word_1_357' title='bbox 783 2527 844 2565; x_wconf 66' lang='lat'>‚9‘9</span> <span class='ocrx_word' id='word_1_358' title='bbox 867 2523 918 2546; x_wconf 79' lang='lat' dir='ltr'>est.</span> <span class='ocrx_word' id='word_1_359' title='bbox 942 2526 1019 2546; x_wconf 88' lang='lat' dir='ltr'>con-</span> 
     </span>
     <span class='ocr_line' id='line_1_46' title="bbox 323 2559 862 2599; baseline -0.002 -9"><span class='ocrx_word' id='word_1_360' title='bbox 323 2559 469 2599; x_wconf 86' lang='lat' dir='ltr'>jungitur</span> <span class='ocrx_word' id='word_1_361' title='bbox 484 2560 571 2589; x_wconf 89' lang='lat' dir='ltr'>enim</span> <span class='ocrx_word' id='word_1_362' title='bbox 587 2569 663 2589; x_wconf 90' lang='lat' dir='ltr'>cum</span> <span class='ocrx_word' id='word_1_363' title='bbox 677 2560 738 2588; x_wconf 81' lang='lat' dir='ltr'>haec</span> <span class='ocrx_word' id='word_1_364' title='bbox 753 2560 801 2589; x_wconf 85' lang='lat' dir='ltr'>vis</span> <span class='ocrx_word' id='word_1_365' title='bbox 814 2560 862 2589; x_wconf 85' lang='lat' dir='ltr'>sit.</span> 
     </span>
    </p>

    <p class='ocr_par' dir='ltr' id='par_1_10' title="bbox 326 2601 1020 2718">
     <span class='ocr_line' id='line_1_47' title="bbox 372 2601 1018 2642; baseline -0.003 -9"><span class='ocrx_word' id='word_1_366' title='bbox 372 2609 408 2638; x_wconf 85' lang='lat'>⁵7</span> <span class='ocrx_word' id='word_1_367' title='bbox 423 2602 496 2642; x_wconf 88' lang='lat' dir='ltr'>fuse</span> <span class='ocrx_word' id='word_1_368' title='bbox 518 2602 548 2630; x_wconf 84' lang='lat' dir='ltr'>in</span> <span class='ocrx_word' id='word_1_369' title='bbox 571 2601 663 2631; x_wconf 83' lang='lat' dir='ltr'>tribus</span> <span class='ocrx_word' id='word_1_370' title='bbox 685 2601 787 2642; x_wconf 54' lang='lat' dir='ltr'>coma]</span> <span class='ocrx_word' id='word_1_371' title='bbox 803 2602 876 2642; x_wconf 82' lang='lat' dir='ltr'>fuse</span> <span class='ocrx_word' id='word_1_372' title='bbox 891 2602 1018 2631; x_wconf 76' lang='lat' dir='ltr'>estsine</span> 
     </span>
     <span class='ocr_line' id='line_1_48' title="bbox 326 2645 1020 2683; baseline 0 -8"><span class='ocrx_word' id='word_1_373' title='bbox 326 2645 508 2676; x_wconf 85' lang='lat' dir='ltr'>discrimine</span> <span class='ocrx_word' id='word_1_374' title='bbox 529 2645 691 2680; x_wconf 89' lang='lat' dir='ltr'>ordinum,</span> <span class='ocrx_word' id='word_1_375' title='bbox 716 2654 841 2682; x_wconf 88' lang='lat' dir='ltr'>census,</span> <span class='ocrx_word' id='word_1_376' title='bbox 858 2646 942 2683; x_wconf 86' lang='lat' dir='ltr'>quod</span> <span class='ocrx_word' id='word_1_377' title='bbox 955 2651 1020 2675; x_wconf 88' lang='lat' dir='ltr'>erat</span> 
     </span>
     <span class='ocr_line' id='line_1_49' title="bbox 327 2688 717 2718; baseline -0.005 0"><span class='ocrx_word' id='word_1_378' title='bbox 327 2688 360 2718; x_wconf 90' lang='lat' dir='ltr'>in</span> <span class='ocrx_word' id='word_1_379' title='bbox 376 2688 510 2718; x_wconf 88' lang='lat' dir='ltr'>comitiis</span> <span class='ocrx_word' id='word_1_380' title='bbox 526 2689 717 2717; x_wconf 86' lang='lat' dir='ltr'>centuriatis.</span> 
     </span>
    </p>

    <p class='ocr_par' dir='ltr' id='par_1_11' title="bbox 327 2727 1019 2856">
     <span class='ocr_line' id='line_1_50' title="bbox 371 2727 1018 2771; baseline -0.005 -9"><span class='ocrx_word' id='word_1_381' title='bbox 371 2737 410 2762; x_wconf 81' lang='lat'>⁵8</span> <span class='ocrx_word' id='word_1_382' title='bbox 433 2731 485 2760; x_wconf 85' lang='lat' dir='ltr'>vir</span> <span class='ocrx_word' id='word_1_383' title='bbox 500 2741 598 2769; x_wconf 71' lang='lat' dir='ltr'>magn!</span> <span class='ocrx_word' id='word_1_384' title='bbox 613 2730 720 2769; x_wconf 79' lang='lat' dir='ltr'>ingenii</span> <span class='ocrx_word' id='word_1_385' title='bbox 736 2741 899 2771; x_wconf 81' lang='lat' dir='ltr'>summaque</span> <span class='ocrx_word' id='word_1_386' title='bbox 909 2736 959 2768; x_wconf 76' lang='lat' dir='ltr'>pr.</span> <span class='ocrx_word' id='word_1_387' title='bbox 963 2727 975 2768; x_wconf 83' lang='lat'><em>]</em></span> <span class='ocrx_word' id='word_1_388' title='bbox 995 2730 1018 2759; x_wconf 88' lang='lat' dir='ltr'>E</span> 
     </span>
     <span class='ocr_line' id='line_1_51' title="bbox 327 2772 1019 2812; baseline -0.004 -9"><span class='ocrx_word' id='word_1_389' title='bbox 327 2773 391 2804; x_wconf 81' lang='lat' dir='ltr'>MS.</span> <span class='ocrx_word' id='word_1_390' title='bbox 410 2773 474 2803; x_wconf 80' lang='lat' dir='ltr'>Par.</span> <span class='ocrx_word' id='word_1_391' title='bbox 490 2773 543 2812; x_wconf 82' lang='lat' dir='ltr'>qui</span> <span class='ocrx_word' id='word_1_392' title='bbox 561 2773 696 2803; x_wconf 84' lang='lat' dir='ltr'>habebat</span> <span class='ocrx_word' id='word_1_393' title='bbox 712 2783 830 2812; x_wconf 83' lang='lat' dir='ltr'>magnus</span> <span class='ocrx_word' id='word_1_394' title='bbox 847 2772 968 2811; x_wconf 79' lang='lat' dir='ltr'>ingenio,</span> <span class='ocrx_word' id='word_1_395' title='bbox 985 2780 1019 2801; x_wconf 91' lang='lat' dir='ltr'>ut</span> 
     </span>
     <span class='ocr_line' id='line_1_52' title="bbox 329 2814 1018 2856; baseline -0.001 -11"><span class='ocrx_word' id='word_1_396' title='bbox 329 2815 435 2847; x_wconf 86' lang='lat' dir='ltr'>Guelf.</span> <span class='ocrx_word' id='word_1_397' title='bbox 459 2816 605 2848; x_wconf 77' lang='lat' dir='ltr'>Davisius</span> <span class='ocrx_word' id='word_1_398' title='bbox 627 2815 760 2846; x_wconf 75' lang='lat' dir='ltr'>correxit</span> <span class='ocrx_word' id='word_1_399' title='bbox 781 2826 882 2856; x_wconf 82' lang='lat' dir='ltr'>magno</span> <span class='ocrx_word' id='word_1_400' title='bbox 897 2814 1018 2855; x_wconf 79' lang='lat' dir='ltr'>ingenio.</span> 
     </span>
    </p>
   </div>
   <div class='ocr_carea' id='block_1_7' title="bbox 1057 2259 1755 2803">
    <p class='ocr_par' dir='ltr' id='par_1_12' title="bbox 1057 2259 1749 2342">
     <span class='ocr_line' id='line_1_53' title="bbox 1057 2259 1749 2290; baseline 0.001 -1"><span class='ocrx_word' id='word_1_401' title='bbox 1057 2260 1109 2290; x_wconf 87' lang='lat' dir='ltr'>sed</span> <span class='ocrx_word' id='word_1_402' title='bbox 1127 2267 1155 2290; x_wconf 87' lang='lat' dir='ltr'>et</span> <span class='ocrx_word' id='word_1_403' title='bbox 1177 2260 1249 2290; x_wconf 83' lang='lat' dir='ltr'>alibi</span> <span class='ocrx_word' id='word_1_404' title='bbox 1273 2260 1431 2290; x_wconf 82' lang='lat' dir='ltr'>diversitas</span> <span class='ocrx_word' id='word_1_405' title='bbox 1453 2259 1521 2290; x_wconf 84' lang='lat' dir='ltr'>talis</span> <span class='ocrx_word' id='word_1_406' title='bbox 1543 2259 1749 2290; x_wconf 81' lang='lat' dir='ltr'>constructio-</span> 
     </span>
     <span class='ocr_line' id='line_1_54' title="bbox 1058 2303 1515 2342; baseline -0.004 -10"><span class='ocrx_word' id='word_1_407' title='bbox 1058 2304 1104 2333; x_wconf 81' lang='lat' dir='ltr'>nis</span> <span class='ocrx_word' id='word_1_408' title='bbox 1120 2304 1150 2333; x_wconf 88' lang='lat' dir='ltr'>in</span> <span class='ocrx_word' id='word_1_409' title='bbox 1168 2304 1228 2333; x_wconf 84' lang='lat' dir='ltr'>hac</span> <span class='ocrx_word' id='word_1_410' title='bbox 1242 2304 1340 2333; x_wconf 83' lang='lat' dir='ltr'>forma</span> <span class='ocrx_word' id='word_1_411' title='bbox 1357 2303 1515 2342; x_wconf 84' lang='lat' dir='ltr'>reperitur.</span> 
     </span>
    </p>

    <p class='ocr_par' dir='ltr' id='par_1_13' title="bbox 1059 2344 1754 2514">
     <span class='ocr_line' id='line_1_55' title="bbox 1104 2344 1754 2383; baseline -0.006 -6"><span class='ocrx_word' id='word_1_412' title='bbox 1104 2354 1142 2379; x_wconf 78' lang='lat'>59</span> <span class='ocrx_word' id='word_1_413' title='bbox 1167 2346 1186 2374; x_wconf 92' lang='lat' dir='ltr'>l.</span> <span class='ocrx_word' id='word_1_414' title='bbox 1201 2358 1225 2375; x_wconf 84' lang='lat' dir='ltr'>c.</span> <span class='ocrx_word' id='word_1_415' title='bbox 1241 2346 1402 2375; x_wconf 71' lang='lat' dir='ltr'>memoriam</span> <span class='ocrx_word' id='word_1_416' title='bbox 1413 2344 1561 2383; x_wconf 77' lang='lat' dir='ltr'>publicam</span> <span class='ocrx_word' id='word_1_417' title='bbox 1577 2344 1688 2374; x_wconf 83' lang='lat' dir='ltr'>nullam</span> <span class='ocrx_word' id='word_1_418' title='bbox 1700 2344 1754 2373; x_wconf 79' lang='lat' dir='ltr'>ha-</span> 
     </span>
     <span class='ocr_line' id='line_1_56' title="bbox 1060 2387 1749 2427; baseline 0 -10"><span class='ocrx_word' id='word_1_419' title='bbox 1060 2389 1166 2427; x_wconf 74' lang='lat' dir='ltr'>bemus]</span> <span class='ocrx_word' id='word_1_420' title='bbox 1194 2389 1289 2419; x_wconf 85' lang='lat' dir='ltr'>Erant</span> <span class='ocrx_word' id='word_1_421' title='bbox 1311 2388 1427 2417; x_wconf 80' lang='lat' dir='ltr'>tabnlae</span> <span class='ocrx_word' id='word_1_422' title='bbox 1450 2387 1557 2427; x_wconf 76' lang='lat' dir='ltr'>legum</span> <span class='ocrx_word' id='word_1_423' title='bbox 1582 2389 1613 2417; x_wconf 87' lang='lat' dir='ltr'>in</span> <span class='ocrx_word' id='word_1_424' title='bbox 1631 2388 1749 2423; x_wconf 79' lang='lat' dir='ltr'>aerario,</span> 
     </span>
     <span class='ocr_line' id='line_1_57' title="bbox 1059 2430 1752 2470; baseline -0.004 -8"><span class='ocrx_word' id='word_1_425' title='bbox 1059 2432 1112 2462; x_wconf 87' lang='lat' dir='ltr'>sed</span> <span class='ocrx_word' id='word_1_426' title='bbox 1127 2432 1371 2461; x_wconf 82' lang='lat' dir='ltr'>commentarios</span> <span class='ocrx_word' id='word_1_427' title='bbox 1389 2431 1496 2465; x_wconf 48' lang='lat' dir='ltr'>lerum</span> <span class='ocrx_word' id='word_1_428' title='bbox 1519 2431 1661 2470; x_wconf 85' lang='lat' dir='ltr'>scriptos,</span> <span class='ocrx_word' id='word_1_429' title='bbox 1677 2430 1752 2460; x_wconf 87' lang='lat' dir='ltr'>scri-</span> 
     </span>
     <span class='ocr_line' id='line_1_58' title="bbox 1061 2474 1688 2514; baseline -0.003 -10"><span class='ocrx_word' id='word_1_430' title='bbox 1061 2482 1153 2513; x_wconf 82' lang='lat' dir='ltr'>ptum</span> <span class='ocrx_word' id='word_1_431' title='bbox 1170 2474 1278 2514; x_wconf 80' lang='lat' dir='ltr'>legum</span> <span class='ocrx_word' id='word_1_432' title='bbox 1295 2484 1420 2512; x_wconf 84' lang='lat' dir='ltr'>corpus,</span> <span class='ocrx_word' id='word_1_433' title='bbox 1438 2483 1500 2503; x_wconf 89' lang='lat' dir='ltr'>non</span> <span class='ocrx_word' id='word_1_434' title='bbox 1520 2474 1688 2503; x_wconf 82' lang='lat' dir='ltr'>habebant.</span> 
     </span>
    </p>

    <p class='ocr_par' dir='ltr' id='par_1_14' title="bbox 1058 2514 1752 2640">
     <span class='ocr_line' id='line_1_59' title="bbox 1105 2514 1750 2558; baseline -0.005 -11"><span class='ocrx_word' id='word_1_435' title='bbox 1105 2522 1143 2548; x_wconf 77' lang='lat'>63</span> <span class='ocrx_word' id='word_1_436' title='bbox 1168 2517 1256 2558; x_wconf 81' lang='lat' dir='ltr'>deque</span> <span class='ocrx_word' id='word_1_437' title='bbox 1280 2517 1316 2545; x_wconf 83' lang='lat' dir='ltr'>iis</span> <span class='ocrx_word' id='word_1_438' title='bbox 1338 2528 1457 2545; x_wconf 75' lang='lat' dir='ltr'>censores</span> <span class='ocrx_word' id='word_1_439' title='bbox 1474 2514 1676 2556; x_wconf 78' lang='lat' dir='ltr'>praejudicent]</span> <span class='ocrx_word' id='word_1_440' title='bbox 1699 2515 1750 2545; x_wconf 89' lang='lat' dir='ltr'>Sc.</span> 
     </span>
     <span class='ocr_line' id='line_1_60' title="bbox 1062 2558 1752 2597; baseline -0.001 -8"><span class='ocrx_word' id='word_1_441' title='bbox 1062 2561 1143 2589; x_wconf 88' lang='lat' dir='ltr'>notis</span> <span class='ocrx_word' id='word_1_442' title='bbox 1166 2560 1312 2589; x_wconf 77' lang='lat' dir='ltr'>censoriis</span> <span class='ocrx_word' id='word_1_443' title='bbox 1333 2560 1476 2597; x_wconf 84' lang='lat' dir='ltr'>judicent</span> <span class='ocrx_word' id='word_1_444' title='bbox 1498 2565 1582 2595; x_wconf 78' lang='lat' dir='ltr'>ante,</span> <span class='ocrx_word' id='word_1_445' title='bbox 1604 2568 1702 2597; x_wconf 89' lang='lat' dir='ltr'>quam</span> <span class='ocrx_word' id='word_1_446' title='bbox 1719 2558 1752 2588; x_wconf 89' lang='lat' dir='ltr'>in</span> 
     </span>
     <span class='ocr_line' id='line_1_61' title="bbox 1058 2603 1397 2640; baseline -0.003 -8"><span class='ocrx_word' id='word_1_447' title='bbox 1058 2603 1218 2640; x_wconf 88' lang='lat' dir='ltr'>judicium</span> <span class='ocrx_word' id='word_1_448' title='bbox 1233 2611 1397 2632; x_wconf 62' lang='lat' dir='ltr'>vocentur.</span> 
     </span>
    </p>

    <p class='ocr_par' dir='ltr' id='par_1_15' title="bbox 1061 2642 1755 2803">
     <span class='ocr_line' id='line_1_62' title="bbox 1107 2642 1755 2684; baseline -0.005 -9"><span class='ocrx_word' id='word_1_449' title='bbox 1107 2650 1142 2675; x_wconf 81' lang='lat'>61</span> <span class='ocrx_word' id='word_1_450' title='bbox 1171 2645 1312 2684; x_wconf 73' lang='lat' dir='ltr'>integram</span> <span class='ocrx_word' id='word_1_451' title='bbox 1340 2645 1428 2684; x_wconf 67' lang='lat' dir='ltr'>legem</span> <span class='ocrx_word' id='word_1_452' title='bbox 1454 2643 1612 2673; x_wconf 72' lang='lat' dir='ltr'>accusatori</span> <span class='ocrx_word' id='word_1_453' title='bbox 1626 2642 1755 2682; x_wconf 77' lang='lat' dir='ltr'>judicio-</span> 
     </span>
     <span class='ocr_line' id='line_1_63' title="bbox 1062 2687 1752 2728; baseline 0 -13"><span class='ocrx_word' id='word_1_454' title='bbox 1062 2699 1116 2728; x_wconf 42' lang='lat' dir='ltr'>que</span> <span class='ocrx_word' id='word_1_455' title='bbox 1131 2688 1258 2726; x_wconf 67' lang='lat' dir='ltr'>servari]</span> <span class='ocrx_word' id='word_1_456' title='bbox 1279 2689 1298 2717; x_wconf 87' lang='lat' dir='ltr'>i.</span> <span class='ocrx_word' id='word_1_457' title='bbox 1312 2698 1339 2717; x_wconf 83' lang='lat' dir='ltr'>c.</span> <span class='ocrx_word' id='word_1_458' title='bbox 1358 2697 1421 2718; x_wconf 90' lang='lat' dir='ltr'>non</span> <span class='ocrx_word' id='word_1_459' title='bbox 1435 2696 1562 2726; x_wconf 81' lang='lat' dir='ltr'>poenam</span> <span class='ocrx_word' id='word_1_460' title='bbox 1575 2687 1752 2721; x_wconf 83' lang='lat' dir='ltr'>decernere,</span> 
     </span>
     <span class='ocr_line' id='line_1_64' title="bbox 1061 2730 1755 2770; baseline -0.001 -10"><span class='ocrx_word' id='word_1_461' title='bbox 1061 2732 1113 2760; x_wconf 80' lang='lat' dir='ltr'>sed</span> <span class='ocrx_word' id='word_1_462' title='bbox 1131 2731 1192 2762; x_wconf 85' lang='lat' dir='ltr'>hoc</span> <span class='ocrx_word' id='word_1_463' title='bbox 1209 2731 1383 2770; x_wconf 75' lang='lat' dir='ltr'>relinquere</span> <span class='ocrx_word' id='word_1_464' title='bbox 1399 2730 1632 2761; x_wconf 81' lang='lat' dir='ltr'>accusatoribus</span> <span class='ocrx_word' id='word_1_465' title='bbox 1654 2735 1684 2759; x_wconf 90' lang='lat' dir='ltr'>et</span> <span class='ocrx_word' id='word_1_466' title='bbox 1702 2730 1755 2767; x_wconf 84' lang='lat' dir='ltr'>ju-</span> 
     </span>
     <span class='ocr_line' id='line_1_65' title="bbox 1061 2773 1160 2803; baseline 0.01 -1"><span class='ocrx_word' id='word_1_467' title='bbox 1061 2773 1160 2803; x_wconf 87' lang='lat' dir='ltr'>diciis.</span> 
     </span>
    </p>
   </div>
  </div>
 </body>
</html>
