1844 3202
289 114 366 148 848
668 112 727 150 Μ.
754 113 970 151 TULLII
1007 114 1350 153 CICERONIS

159 232 189 262 p·
207 231 276 255 118.
283 216 375 274 jam
397 218 461 259 vel
480 218 557 275 ipsi
572 218 780 275 judicent,
801 230 944 263 utrum
974 237 1017 263 se
1048 222 1201 265 horum
1228 224 1420 280 alicujus,
1441 224 1514 279 qui
1536 239 1723 267 marmo-

248 277 277 298 ³·
290 274 368 314 reis
389 275 527 327 tectis,
547 277 688 329 ebore,
710 288 754 319 et
772 294 875 320 auro
898 279 1177 334 fulgentibus,
1198 282 1270 336 qui
1290 280 1435 336 signiS,
1457 281 1528 336 qui
1550 281 1725 332 tabulis,

288 330 361 386 qui
391 331 541 373 caelato
572 348 676 374 auro
706 344 749 375 et
778 346 971 390 argentO,
1003 336 1074 391 qui
1097 336 1328 378 Corinthiis
1359 337 1555 392 operibus
1587 338 1724 379 abun-

287 387 405 440 dant,
424 402 476 429 an
498 388 550 430 C.
572 390 764 441 Fabricii,
784 392 855 446 qui
874 391 976 432 nihil
997 406 1144 432 eorum
1166 392 1328 444 habuit,
1351 393 1454 434 nihil
1475 393 1631 435 habere
1649 409 1724 435 vo-

286 443 381 494 luit,
400 444 556 486 similes
577 461 667 486 esse
687 447 864 487 malint?
897 448 1041 502 Atque
1071 447 1162 488 haec
1193 449 1378 504 quidem,
1414 459 1451 482 10
1467 465 1562 506 quae
1593 449 1723 491 modo

286 500 386 548 huc,
408 502 538 543 modo
560 502 659 542 illuc
685 503 1006 554 transferuntur,
1028 504 1148 545 facile
1178 504 1330 546 adduci
1356 506 1506 557 solent,
1526 515 1575 548 ut
1593 507 1635 547 in
1656 520 1723 547 re-

287 557 367 599 bus
388 558 508 599 bonis
529 573 621 599 esse
642 569 820 614 negent:
852 559 956 600 illud
978 568 1119 601 tamen
1137 569 1251 601 arcte
1271 570 1427 613 tenent,
1447 572 1725 618 accurateque

287 613 533 665 defendunt,
564 615 822 670 voluptatem
853 630 944 656 esse
975 631 1191 658 summum
1221 616 1396 659 bonum.
1427 634 1521 675 quae
1553 618 1725 674 quidem

288 670 392 711 mihi
422 686 501 712 vox
531 671 744 726 pecudum
774 671 938 713 videtur
967 688 1074 724 esse,
1106 688 1190 714 non
1220 673 1458 716 hominum.
1515 676 1597 726 Tu,
1625 690 1725 716 cum

287 727 364 768 tibi
395 728 479 768 sive
507 728 624 779 deus,
647 728 730 769 sive
759 740 893 770 mater
918 731 981 782 (ut
1001 730 1059 770 ita
1084 729 1238 783 dicam)
1264 742 1402 772 rerum
1424 732 1630 782 omnium,
1651 746 1726 772 na-

286 792 396 833 tura,
416 784 578 825 dederit
597 785 800 836 animum,
822 800 906 841 quo
937 786 1040 827 nihil
1069 796 1134 828 est
1155 786 1433 842 praestantius,
1465 802 1601 844 neque
1621 787 1725 829 divi·

287 840 395 890 nius,
418 841 476 882 sic
508 850 548 882 te
578 842 666 896 ipse
697 841 883 897 abjicies,
905 852 1033 898 atque
1063 854 1313 898 prosternes,
1333 852 1382 885 ut
1411 843 1514 885 nihil
1539 844 1646 885 inter
1668 854 1726 895 te,

286 905 416 952 atque
436 897 755 952 quadrupedem
775 898 958 954 aliquam
979 909 1100 954 putes
1119 900 1346 941 interesse?
1377 900 1622 956 Quidquam
1644 901 1724 941 bo-

287 967 389 993 num
417 962 496 1004 est,
528 954 645 1009 quod
675 969 759 995 non
792 969 905 1005 eum,
932 955 1003 1010 qui
1033 955 1076 996 id
1107 956 1311 1011 possidet,
1342 957 1560 998 meliorem
1590 957 1721 998 facit?

287 1010 352 1050 Ut
373 1009 484 1050 enim
507 1010 684 1066 quisque
702 1019 764 1051 est
786 1011 968 1051 maxime
990 1011 1091 1052 boni
1118 1012 1341 1068 particeps,
1362 1012 1419 1053 ita
1441 1021 1483 1053 et
1503 1012 1725 1054 laudabilis

286 1065 470 1106 maxime
489 1083 498 1107 :
529 1081 665 1122 neque
686 1077 750 1108 est
769 1067 903 1108 ullum
933 1068 1109 1118 bonum,
1130 1068 1182 1109 de
1203 1084 1288 1124 quo
1319 1084 1404 1109 non
1425 1068 1474 1119 is,
1495 1069 1567 1125 qui
1588 1069 1630 1110 id
1649 1069 1726 1110 ha-

285 1121 399 1174 beat,
422 1123 598 1164 honeste
622 1125 757 1180 possit
777 1123 963 1180 gloriari.
997 1124 1099 1180 quid
1117 1135 1260 1166 autem
1281 1134 1344 1166 est
1365 1125 1520 1166 horum
1542 1126 1583 1167 in
1605 1125 1724 1167 volu-

285 1186 403 1235 ptate
424 1181 438 1220 Ρ
489 1180 771 1221 Melioremne
812 1180 951 1232 efficit,
989 1189 1062 1222 aut
1101 1181 1419 1223 laudabiliorem
1457 1182 1590 1223 virum
1609 1186 1622 1224 ?
1670 1197 1724 1223 an

286 1235 510 1292 quisquam
533 1236 573 1277 in
595 1236 810 1293 potiundis
830 1237 1116 1293 voluptatibus
1136 1239 1360 1294 gloriando
1383 1253 1487 1290 sese,
1508 1249 1551 1280 et
1570 1239 1724 1294 praedi-

286 1292 453 1333 catione
480 1293 631 1335 effert?
664 1293 802 1350 Atqui
832 1293 867 1335 si
899 1294 1102 1350 voluptas,
1125 1310 1218 1351 quae
1240 1295 1519 1351 plurimorum
1541 1295 1723 1350 patroci-

286 1348 365 1389 niis
386 1349 639 1401 defenditur,
673 1350 715 1391 in
736 1351 861 1392 rebus
883 1351 1003 1392 bonis
1024 1350 1216 1393 habenda
1237 1367 1321 1392 non
1341 1360 1405 1394 est
1424 1367 1436 1403 3
1467 1366 1615 1407 eaque,
1637 1366 1724 1407 quo

285 1414 351 1447 est
377 1406 528 1462 major,
560 1421 611 1448 eo
640 1407 775 1463 magis
807 1417 994 1460 mentem
1025 1422 1047 1448 e
1079 1422 1154 1449 sua
1181 1408 1280 1450 sede
1307 1418 1351 1450 et
1379 1418 1493 1450 statu
1523 1408 1726 1459 dimovet,

283 1462 476 1516 profecto
507 1463 612 1504 nihil
640 1471 703 1505 est
732 1463 848 1505 aliud
875 1464 983 1505 bene
1012 1473 1054 1505 et
1075 1464 1198 1507 beate
1218 1465 1365 1516 vivere,
1387 1464 1464 1506 nisi
1485 1465 1661 1506 honeste
1681 1474 1726 1505 et

284 1527 398 1560 recte
418 1534 565 1561 vlvere.

241 1626 272 1658 b.
768 1621 1144 1663 PARADOXON
1183 1622 1244 1662 II.

389 1708 480 1751 “Orc
501 1709 682 1765 αὐτάρκης
699 1713 717 1759 ἡ
739 1712 845 1765 ἀρετὴ
865 1711 949 1766 πρὸς
970 1709 1204 1763 εὐδαιμονίαν.

398 1768 447 1807 In
468 1782 544 1823 quo
563 1767 694 1808 virtus
713 1766 781 1818 sit,
803 1767 839 1808 ei
859 1766 967 1808 nihil
983 1767 1113 1808 deesse
1133 1767 1187 1807 ad
1207 1766 1320 1808 beate
1337 1766 1567 1809 vivendum.

242 1848 266 1894 1
340 1847 437 1887 Nec
467 1861 564 1887 vero
598 1860 681 1902 ego
712 1846 778 1886 M.
802 1845 1032 1902 Regulum,
1060 1861 1360 1898 aerumnosum,
1392 1862 1468 1889 nec
1498 1848 1726 1899 infelicem,

284 1915 361 1943 nec
389 1903 604 1953 miserum,
630 1917 833 1959 umquam
862 1904 1018 1959 putavi.
1049 1918 1133 1944 non
1165 1903 1278 1943 enim
1309 1904 1562 1959 magnitudo
1593 1905 1722 1945 animi

284 1959 375 2015 ejus
393 1960 711 2001 excruciabatur
731 1974 755 2000 a
778 1960 932 2010 Poenis,
948 1974 1032 2000 non
1052 1959 1250 2015 gravitaS,
1269 1973 1353 2001 non
1375 1961 1492 2012 fides,
1513 1975 1596 2001 non
1617 1975 1722 2001 con-

284 2016 451 2067 stantia,
480 2030 565 2057 non
594 2016 682 2057 ulla
710 2016 855 2066 virtus,
876 2031 961 2057 non
992 2015 1172 2072 denique
1202 2016 1366 2058 animus
1397 2018 1511 2072 ipse:
1553 2017 1627 2073 qui
1656 2026 1723 2059 tot

283 2072 487 2114 virtutum
510 2072 722 2128 praesidio,
742 2081 948 2128 tantoque
977 2072 1198 2122 comitatu,
1219 2088 1315 2113 cum
1345 2088 1499 2128 corpus
1531 2074 1622 2130 ejus
1649 2089 1721 2115 ca-

282 2137 469 2185 peretur,
488 2126 581 2185 capi
600 2138 713 2171 certe
738 2129 827 2185 ipse
848 2144 932 2170 non
951 2129 1104 2185 potuit.
1167 2137 1199 2161 1¹
1220 2129 1272 2169 C.
1293 2143 1388 2171 vero
1406 2128 1593 2171 Marium
1615 2130 1719 2172 vidi-

282 2200 393 2236 mus,
416 2185 487 2240 qui
518 2186 623 2227 mihi
653 2186 847 2227 secundis
873 2185 915 2227 in
943 2186 1070 2227 rebus
1089 2200 1198 2227 unus
1219 2199 1270 2226 ex
1288 2186 1513 2228 fortunatis
1535 2186 1721 2228 homini-

281 2242 390 2293 bus3
421 2242 464 2282 in
496 2242 676 2283 adversis
704 2257 812 2284 unus
840 2257 890 2283 ex
918 2242 1095 2283 summis
1123 2242 1218 2283 viris
1238 2242 1481 2294 videbatur3
1513 2258 1598 2299 quo
1618 2243 1720 2284 bea-

281 2297 365 2340 tius
385 2313 475 2340 esse
493 2299 663 2340 mortali
683 2299 787 2340 nihil
805 2307 959 2355 potest.
1008 2298 1175 2350 Nescis,
1195 2298 1353 2351 insane,
1371 2300 1519 2349 nescis,
1540 2310 1719 2355 quantas

281 2354 388 2396 vires
425 2355 553 2396 virtus
586 2355 753 2407 habeat,
789 2368 946 2396 nomen
977 2364 1142 2397 tantum
1179 2355 1342 2397 virtutis
1373 2370 1576 2412 usurpas:
1614 2356 1718 2413 quid

282 2411 374 2467 ipsa
395 2411 542 2463 valeat,
562 2412 746 2467 ignoras.
805 2413 948 2454 Nemo
970 2419 1110 2467 potest
1128 2426 1212 2453 non
1232 2412 1498 2454 beatissimus
1519 2427 1625 2464 esse,
1643 2413 1717 2470 qui

283 2477 349 2509 est
375 2477 491 2510 totus
519 2478 642 2523 aptus
674 2483 724 2509 ex
754 2482 857 2519 sese,
879 2469 1036 2524 quique
1061 2468 1104 2509 in
1132 2482 1176 2509 se
1206 2483 1291 2509 uno
1321 2484 1397 2510 sua
1417 2469 1538 2525 ponit
1558 2471 1716 2513 omnia.

283 2524 352 2565 cui
372 2539 466 2580 spes
486 2525 640 2575 omnis,
659 2534 702 2565 et
722 2525 843 2576 ratio,
865 2535 907 2566 et
927 2525 1135 2580 cogitatio
1154 2524 1309 2580 pendet
1325 2541 1375 2567 ex
1393 2526 1562 2567 fortuna
1577 2542 1590 2576 ς
1614 2526 1716 2568 huic

282 2581 388 2623 nihil
411 2589 554 2637 potest
581 2596 672 2623 esse
702 2581 833 2633 certi3
865 2581 984 2633 nihil,
1004 2580 1119 2638 quod
1146 2581 1405 2637 exploratum
1430 2583 1597 2634 habeat,
1618 2597 1716 2639 per-

326 2722 364 2746 10
387 2727 453 2757 quae
463 2716 540 2747 modo
555 2717 609 2746 huc
620 2717 696 2747 modo
711 2715 781 2746 illuc
798 2705 976 2757 tranferun-
1065 2723 1099 2747 11
1129 2716 1164 2747 C.
1177 2717 1313 2748 Marium
1327 2716 1470 2759 vidimus]
1487 2718 1538 2749 Sc.
1555 2719 1594 2750 de
1610 2719 1717 2759 Regu·

279 2756 343 2798 tur]
369 2759 451 2789 Sunt
473 2757 622 2801 ἀδιάφορα,
638 2770 712 2800 quae
728 2761 823 2790 modo
836 2761 867 2789 in
883 2769 977 2799 appe-
1020 2759 1051 2789 lo
1067 2767 1193 2790 tantum
1210 2761 1296 2793 sama
1309 2768 1488 2802 acceperat:
1510 2762 1652 2794 Marium
1667 2765 1715 2803 ip-

278 2802 381 2874 :Rendis
404 2809 580 2845 ponuntur,
597 2805 693 2834 modo
716 2804 749 2834 'm
767 2809 977 2835 contemnen·
1019 2813 1052 2833 se
1067 2803 1195 2837 viderat.

302 2853 338 2874 κει.
