1844 3202
316 105 393 144 862
819 106 897 144 DE
933 106 1268 146 PETITIONE

315 212 521 254 machinis
547 212 664 255 emit.
725 214 775 255 In
800 215 1003 271 petitione
1032 224 1173 258 autem
1209 216 1454 258 consulatus
1484 223 1522 248 1⁶
1539 230 1751 273 caupones·

315 283 464 310 omnes
484 270 714 325 compilare
735 285 809 326 per
839 272 1122 327 turpissimam
1153 273 1411 329 legationem
1437 273 1602 324 maluit,
1621 288 1749 328 quam

315 325 476 377 adesse,
498 335 541 367 et
562 326 721 382 populo
744 328 935 369 Romano
956 328 1205 384 supplicare.
1266 338 1300 366 17
1322 330 1443 370 Alter
1465 344 1578 380 vero,
1595 329 1653 370 dii
1671 330 1751 371 bo-

314 382 383 423 ni!
416 398 500 439 quo
533 383 754 438 splendore
787 386 876 425 est?
918 385 1100 439 primum
1132 386 1349 427 nobilitate
1381 385 1556 426 cadem:
1590 394 1625 417 18
1647 401 1750 428 num

314 438 503 496 majore?
554 454 667 490 non;
713 441 786 481 sed
816 442 995 481 virtute:
1043 450 1080 474 19
1094 443 1385 496 quamobrem,
1416 442 1532 498 quod
1568 442 1750 494 inanius,

311 496 510 537 umbram
533 510 651 536 suam
674 497 824 537 metuit
844 514 853 537 ε
884 496 953 537 hic
975 512 1028 537 ne
1054 497 1169 552 leges
1191 498 1375 553 quidem,
1398 509 1520 540 natus
1549 499 1590 539 in
1621 499 1752 554 patris

313 562 518 608 egestate,
548 551 750 593 educatus
782 553 824 593 in
854 554 1009 593 sororis
1045 555 1213 608 stupris,
1241 555 1539 596 corroboratus
1569 555 1609 595 in
1639 555 1754 597 caede

313 609 497 650 civium:
529 608 650 663 cujus
681 607 842 663 primus
873 608 925 649 ad
954 610 1260 664 rempublicam
1293 610 1430 651 aditus
1465 612 1507 652 in
1541 612 1754 667 equitibus

313 665 517 706 Romanis
539 664 781 706 occidendis
803 665 897 707 fuit.
957 667 1072 707 Nam
1094 666 1190 715 illis,
1213 681 1317 721 quos
1340 668 1626 718 meminimus,
1648 667 1753 708 Gal-

313 720 381 772 lis,
401 722 473 777 qui
494 732 586 764 tum
608 721 877 772 Titiniorum,
898 737 946 763 ac
967 722 1252 778 Nanniorum,
1269 737 1317 763 ac
1337 723 1618 765 Tanusiorum
1640 723 1756 779 capi-

315 784 359 818 ta
397 777 637 829 demebant,
668 779 784 820 Sulla
804 794 935 820 unum
969 779 1196 820 Catilinam
1232 779 1492 835 praefecerat,
1522 781 1565 820 in
1597 781 1754 836 quibus

315 833 386 874 ille
422 835 640 876 hominem
681 836 893 890 optimum
933 837 990 892 Q
1022 835 1261 887 Caecilium,
1299 836 1451 877 sororis
1487 851 1573 877 suae
1604 837 1755 888 virum,

315 891 504 946 equitem
535 892 789 942 Romanum,
812 892 1024 933 nullarum
1051 893 1249 947 partium,
1268 907 1367 933 cum
1397 906 1562 947 semper
1592 901 1756 945 natura,

270 943 409 991 3tum
440 947 567 988 etiam
601 958 725 989 aetate
743 948 834 1004 jam
857 949 1064 1004 quietum,
1086 948 1172 989 suis
1194 949 1388 989 manibus
1409 949 1580 990 occidit.
1637 950 1757 1004 Quid

315 1017 400 1059 ego
431 1018 542 1045 nunc
573 1004 727 1055 dicam,
758 1014 799 1037 20
816 1014 959 1060 petere
990 1019 1087 1045 eum
1119 1005 1403 1055 consulatum,
1435 1005 1508 1060 qui
1539 1005 1757 1047 hominem

314 1060 578 1101 carissimum
601 1061 760 1117 populo
782 1062 989 1112 Romano,
1011 1070 1048 1093 ⁴21
1070 1062 1136 1101 M.
1167 1062 1371 1112 Marium,
1390 1061 1650 1116 inspectante
1678 1075 1757 1116 po-

313 1116 416 1171 pulo
448 1118 656 1169 Romano,
687 1117 840 1159 vitibus
870 1132 943 1173 per
973 1126 1107 1158 totam
1140 1118 1287 1158 urbem
1320 1117 1548 1159 ceciderit?
1592 1117 1646 1158 ad
1675 1118 1757 1159 bu-

315 1180 428 1213 stum
449 1175 614 1229 egerit?
646 1175 705 1215 ibi
733 1175 848 1216 omni
875 1174 1068 1216 cruciatu
1087 1174 1224 1215 vivum
1256 1174 1476 1216 lacerarit?
1511 1174 1639 1215 stanti
1668 1173 1758 1215 col-

313 1229 402 1270 lum
424 1230 569 1285 gladio
595 1246 671 1271 sua
695 1230 867 1272 dextera
895 1231 1090 1281 secuerit,
1111 1245 1210 1272 cum
1237 1231 1405 1272 sinistra
1431 1230 1631 1286 capillum
1663 1230 1756 1286 ejus

270 1291 340 1326 b.a
360 1287 511 1327 vertice
531 1289 718 1328 teneret?
752 1296 881 1343 caput
900 1303 976 1328 sua
999 1302 1129 1328 manu
1157 1287 1316 1338 tulerit,
1335 1302 1434 1328 cum
1461 1287 1567 1327 inter
1598 1286 1758 1342 digitos

314 1342 406 1399 ejus
427 1342 499 1384 rivi
524 1344 739 1399 sanguinis
765 1345 972 1385 fluerent?
1007 1344 1079 1400 qui
1109 1353 1255 1398 postea
1283 1359 1381 1385 cum
1412 1343 1688 1384 histrionibus
1714 1353 1758 1385 et

312 1413 411 1440 cum
443 1399 752 1456 gladiatoribus
774 1410 812 1432 ‘22
832 1401 890 1441 ita
907 1400 1020 1451 vixit,
1044 1410 1090 1441 ut
1119 1400 1273 1442 alteros
1297 1399 1497 1450 libidinis,
1519 1399 1673 1441 alteros
1695 1400 1759 1443 fa·-

312 1455 468 1497 cinoris
496 1456 711 1513 adjutores
747 1457 951 1498 haberet?
985 1457 1057 1512 qui
1095 1457 1260 1498 nullum
1295 1457 1338 1498 in
1368 1456 1513 1498 locum
1546 1465 1633 1497 tam
1663 1471 1760 1498 san-

314 1521 451 1563 ctum,
482 1527 530 1554 ac
561 1523 648 1554 tam
680 1514 927 1569 religiosum
959 1514 1148 1564 accessit,
1169 1513 1210 1553 in
1241 1528 1325 1569 quo
1356 1528 1456 1563 non,
1486 1512 1564 1554 etsi
1594 1513 1636 1554 in
1666 1512 1757 1555 aliis

315 1569 445 1624 culpa
467 1584 551 1610 non
573 1578 696 1620 esset,
717 1580 858 1611 tamen
880 1585 930 1610 ex
950 1585 1023 1610 sua
1041 1570 1227 1626 nequitia
1244 1569 1462 1610 dedecoris
1479 1570 1763 1625 suspicionem

314 1625 600 1681 relinqueret?
635 1627 707 1681 qui
736 1640 786 1667 ex
816 1627 934 1667 curia
962 1634 1000 1658 2³
1025 1626 1194 1676 Curios,
1225 1637 1268 1667 et
1288 1626 1468 1676 Annios,
1500 1634 1539 1657 24
1560 1626 1614 1667 ab
1643 1625 1759 1667 atriis

315 1681 503 1737 Sapalas,
533 1690 576 1723 et
607 1682 826 1734 Carvilios,
847 1698 898 1724 ex
927 1683 1110 1738 equestri
1140 1682 1286 1724 ordine
1319 1681 1565 1738 Pompilios,
1591 1692 1634 1724 et
1653 1684 1762 1724 Vet-

312 1737 398 1778 tios
429 1738 509 1779 sibi
539 1739 817 1782 amicissimos
847 1739 1132 1795 comparavit?
1166 1739 1239 1795 qui
1275 1748 1439 1780 tantum
1468 1738 1596 1780 habet
1629 1738 1760 1780 auda-

313 1794 406 1845 ciae,
429 1803 595 1836 tantum
618 1796 833 1851 nequitiae,
854 1803 1019 1837 tanturn
1041 1795 1224 1851 denique
1255 1795 1298 1836 in
1325 1795 1499 1837 libidine
1519 1796 1618 1837 artis
1639 1804 1681 1837 et
1700 1795 1763 1836 ef-

315 1849 549 1903 ficacitatis,
568 1860 616 1893 nt
636 1867 768 1908 prope
790 1852 832 1893 in
854 1861 1074 1908 parentum
1097 1852 1271 1907 gremiis
1301 1860 1574 1908 praetextatos
1603 1852 1759 1893 liberos

313 1909 599 1963 constuprarit
620 1909 632 1949 ?
668 1909 787 1950 Quid
813 1923 898 1965 ego
924 1923 1035 1950 nunc
1061 1909 1138 1950 tibi
1169 1918 1207 1940 ‘2⁵
1228 1908 1280 1950 de
1302 1909 1463 1960 Africa,
1486 1909 1587 1965 quid
1618 1909 1671 1950 de
1693 1917 1758 1950 te-

314 1965 443 2005 stium
474 1965 597 2006 dictis
639 1966 851 2006 scribam?
897 1974 997 2007 nota
1029 1973 1151 2006 sunt:
1198 1974 1241 2006 et
1271 1980 1320 2006 ea
1350 1975 1397 2006 tu
1428 1965 1582 2020 saepius
1612 1965 1761 2020 legito.

314 2020 397 2061 Sed
428 2030 571 2062 tamen
611 2021 694 2063 hoc
725 2022 831 2062 mihi
865 2037 948 2062 non
989 2021 1401 2077 pi·aeter1nittendum
1432 2021 1611 2071 videtur,
1642 2021 1760 2077 quod

313 2077 499 2131 primum
526 2092 576 2118 ex
605 2092 656 2118 eo
680 2078 846 2134 judicio
875 2085 914 2109 ‘26
932 2087 1019 2118 tam
1045 2092 1174 2133 egens
1202 2077 1406 2128 discessit,
1429 2093 1556 2134 quam
1585 2078 1759 2133 quidam

308 2132 476 2188 judiees
497 2133 588 2190 ejus
617 2144 714 2175 ante
745 2134 851 2175 illud
882 2134 1095 2190 judiciuin
1129 2135 1330 2176 fuerunt:
1360 2134 1511 2176 deinde
1540 2142 1628 2176 tam
1660 2134 1764 2175 invi·-

361 2242 398 2270 17
423 2236 512 2265 Alter
527 2236 610 2275 vcro]
630 2236 778 2267 Catilina.

362 2285 400 2308 18
425 2290 491 2307 num
515 2279 620 2319 mqjore
632 2278 664 2319 ,9]
705 2280 853 2320 Suspicor
878 2288 943 2309 esse
973 2279 1018 2309 le-

316 2322 458 2360 gendum
476 2332 541 2352 non
559 2322 701 2359 majore?

365 2371 401 2396 19
425 2365 618 2405 quamobrem,
633 2365 708 2405 quod
719 2365 832 2394 inanius
847 2363 920 2402 δῖα]
940 2365 1017 2395 l'laec

317 2407 399 2437 mihi
423 2417 487 2439 non
512 2408 649 2447 placent.
695 2409 774 2438 Puto
790 2417 901 2437 verum
926 2417 1017 2445 essc;

318 2450 500 2491 quamobrem
520 2450 605 2492 (quid
619 2451 734 2479 inanius
745 2452 774 2489 5²)
793 2449 923 2480 umbram
938 2461 1019 2481 suam

318 2493 430 2522 metuit.

360 2543 400 2566 20
418 2542 517 2575 petere
533 2547 594 2566 eum
611 2534 800 2573 consulatum]
827 2535 943 2565 Malim
967 2536 1016 2565 in-

316 2587 405 2608 verso
421 2579 547 2608 ordine:
574 2578 748 2607 consulatum
760 2584 857 2616 petere
873 2589 946 2608 eum.

361 2628 397 2651 21
427 2621 476 2652 M.
493 2621 643 2660 Marium]
668 2621 733 2651 Qui
750 2621 951 2650 Gratidianus
971 2621 1017 2650 di-

317 2670 388 2694 ctus
408 2670 464 2694 est.

336 2711 339 2713 ’
361 2715 400 2737 ‘22
425 2707 468 2736 ita
484 2705 580 2745 vixit]
607 2707 715 2738 Immo
731 2705 855 2736 vixerit.
877 2706 919 2736 ita
939 2715 1017 2735 mox

317 2750 429 2781 malim
449 2750 597 2779 accesserit
612 2759 711 2789 quam
729 2748 846 2778 accessi!
865 2755 894 2778 et
915 2748 1018 2778 habear

318 2803 374 2831 pro
391 2793 485 2823 habet.

361 2842 399 2867 23
429 2836 530 2866 Curios
552 2842 580 2865 et
600 2833 724 2875 Annios]
757 2834 799 2867 G..
822 2834 958 2866 Curium
986 2840 1017 2865 et

1063 2236 1104 2267 Q.
1120 2236 1280 2273 Annium,
1304 2237 1405 2268 socios
1429 2237 1656 2276 conjurationis
1677 2237 1762 2268 Cati-

1063 2280 1194 2309 linaiiae.

1105 2329 1144 2352 24
1170 2322 1205 2350 ab
1225 2319 1325 2361 atriis]
1353 2321 1493 2358 Liciniis,
1520 2322 1573 2351 ubi
1596 2322 1761 2352 auctiones

1063 2365 1191 2395 fiebant.
1238 2366 1334 2394 Fuere
1366 2365 1460 2403 igitur
1487 2365 1535 2394 isti
1567 2366 1716 2396 homines
1744 2375 1763 2396 e

1062 2417 1247 2447 praeconum
1265 2417 1411 2437 numero.

1106 2457 1143 2481 25
1169 2450 1203 2478 de
1218 2448 1337 2489 Africa]
1366 2451 1402 2480 In
1427 2459 1489 2489 qua
1505 2459 1544 2479 ex
1562 2455 1698 2489 praetura
1713 2451 1763 2481 fu-

1058 2500 1123 2523 erat
1147 2493 1336 2531 propraetore
1358 2500 1388 2523 et
1417 2494 1456 2522 ab
1481 2493 1563 2523 Afris
1592 2499 1758 2525 accusatus

1058 2537 1095 2565 de
1112 2536 1303 2575 repetundis,
1323 2537 1375 2565 sed
1392 2536 1556 2566 absolutus
1576 2541 1621 2566 est
1643 2545 1762 2574 praeva-

1061 2579 1177 2609 ricante
1194 2585 1372 2609 accusatore
1384 2579 1509 2616 Clodio,
1521 2584 1651 2617 accepta
1666 2587 1685 2608 a
1699 2579 1762 2610 Ca-

1061 2621 1150 2651 tilina
1166 2622 1312 2661 pecunia.

1104 2669 1143 2694 26
1172 2671 1232 2693 tam
1262 2675 1476 2706 egens—quarn
1506 2663 1625 2705 quidam
1646 2662 1763 2702 judices

1060 2706 1120 2746 ejus
1137 2705 1212 2747 ἀει]
1233 2708 1301 2747 Ipse
1318 2718 1399 2746 egens
1415 2718 1469 2749 per
1483 2707 1663 2746 largitiones
1675 2705 1763 2744 judi-

1061 2750 1150 2780 cibus
1181 2750 1428 2790 factas-judices
1459 2750 1529 2790 ejus,
1558 2756 1631 2787 ante
1660 2759 1760 2789 quam

1060 2793 1232 2834 pecuniam
1247 2794 1287 2825 ab
1302 2803 1340 2826 eo
1357 2794 1564 2835 accepissent.
