1844 3202
619 120 1040 162 CONSULATUS.
1458 122 1532 160 863

104 231 237 274 lestus
266 231 381 273 nulla
409 231 451 272 in
480 244 525 272 re
553 243 755 286 umquam
787 228 930 270 fuisti:
973 228 1032 268 sic
1063 242 1177 276 cura,
1208 237 1255 268 ut
1282 228 1532 284 intelligant,

104 289 246 330 omnia
272 296 328 340 te,
355 303 448 344 quae
479 287 532 328 ab
559 286 640 327 illis
678 286 754 327 tibi
781 285 924 326 deberi
958 284 1131 339 putaris,
1161 282 1214 322 ad
1248 283 1329 324 hoc
1365 294 1532 341 tempus

104 359 344 386 reservasse.
405 343 488 384 Sed
513 343 714 398 quoniam
736 341 868 383 tribus
897 341 1021 381 rebus
1047 340 1239 380 homines
1269 340 1449 380 maxime
1479 331 1580 383 ad6

102 400 447 448 benevolentiam,
479 408 606 455 atque
639 399 691 440 ad
726 398 816 439 haec
846 396 1100 452 suffragandi
1130 395 1268 436 studia
1304 395 1530 448 ducuntur,

101 457 318 507 beneficio,
356 470 445 511 spe,
482 454 925 512 adjunctione'animi,
961 453 1023 494 vel
1060 453 1297 493 voluntate:
1340 452 1529 494 animad-

101 512 344 554 vertendum
366 522 444 563 est,
464 510 822 568 quemadmodum
851 511 1002 565 cuique
1027 509 1179 550 horum
1209 509 1355 563 generi
1387 509 1440 549 sit
1467 510 1530 550 in-

99 568 377 610 serviendum.
450 568 644 609 Minimis
683 567 891 608 beneficiis
931 566 1123 607 homines
1161 565 1442 615 adducuntur,
1484 576 1531 607 ut

101 625 200 666 satis
217 639 354 666 causae
376 635 526 680 putent
547 640 638 666 esse
657 624 711 666 ad
733 623 919 666 studium
941 621 1250 678 suffragationis
1269 639 1278 662 :
1310 621 1466 662 nedum
1487 622 1531 674 ii,

101 681 254 737 quibus
290 681 415 723 saluti
448 682 576 732 fuisti,
613 696 718 737 quos
753 690 801 722 tu
836 680 964 721 habes
996 679 1217 734 plurimos,
1253 692 1337 718 non
1374 678 1530 719 intelli·-

98 745 217 793 gant,
239 737 273 778 si
299 737 380 779 hoc
407 747 482 780 tuo
512 746 704 793 tempore
732 737 809 778 tibi
834 750 917 777 non
946 736 1236 785 satisfecerint,
1258 749 1301 775 se
1330 735 1530 790 probatos

100 794 257 835 nemini
277 809 463 850 unquam
486 795 589 835 fore.
610 793 724 850 quod
750 808 846 834 cum
879 794 936 834 ita
955 792 1022 842 sit,
1042 802 1182 833 tamen
1207 791 1386 847 rogandi
1418 801 1529 842 sunt,

99 858 143 892 at
174 865 228 891 ue
259 851 387 892 etiam
422 852 465 891 in
503 851 609 892 hanc
646 850 887 906 opinionem
922 849 1172 899 adducendi,
1207 857 1268 898 ut,
1303 849 1375 904 qui
1410 849 1530 889 nobis

99 864 238 948 adtiiuc
260 907 438 963 obligati
462 908 631 958 fuerint,
653 908 702 948 iis
723 907 900 948 vicissim
933 921 1008 947 nos
1039 905 1219 961 obligari
1249 918 1371 959 posse
1390 904 1531 945 videa-

100 977 209 1004 mur.
265 964 352 1021 Qui
371 973 511 1005 autem
535 979 607 1019 spe
627 972 837 1014 tenentur,
861 962 974 1019 quod
994 977 1128 1017 genus
1150 962 1371 1002 hominum
1393 961 1532 1003 multo

98 1019 226 1060 etiam
264 1029 328 1062 est
364 1020 607 1076 diligentius
638 1031 765 1076 atque
799 1020 1052 1061 officiosius:
1097 1019 1145 1059 iis
1181 1020 1261 1068 fae,
1295 1025 1335 1049 36
1353 1026 1401 1058 ut
1435 1031 1532 1073 pro-

98 1076 286 1130 positum
316 1092 364 1118 ac
393 1087 585 1132 paratum
617 1076 817 1118 auxilium
845 1085 963 1117 tuum
994 1090 1085 1117 esse
1103 1075 1317 1116 videatur:
1349 1074 1532 1130 denique

99 1140 148 1172 ut
169 1142 448 1188 spectatorem
470 1142 511 1174 te
533 1148 706 1175 suorum
727 1133 960 1174 officiorum
982 1147 1071 1173 esse
1089 1131 1327 1186 intelligant
1348 1130 1529 1185 diligen·
1542 1135 1574 1166 b.

99 1197 218 1230 tem:
270 1200 319 1231 ut
357 1190 494 1230 videre
530 1199 570 1231 te
611 1190 748 1245 plane,
782 1199 909 1245 atque
947 1188 1286 1238 animadvertere,
1324 1198 1531 1243 quantum

99 1258 125 1285 a
153 1260 323 1302 quoque
351 1246 654 1302 proficiscatur,
679 1254 889 1302 appareat.
948 1245 1139 1286 Tertium
1166 1244 1273 1285 illud
1301 1259 1438 1299 genus
1467 1254 1531 1284 est

98 1302 335 1344 studiorum
375 1303 670 1354 voluntarium,
710 1302 823 1358 quod
869 1302 1042 1357 agendis
1085 1301 1246 1357 gratiis,
1286 1315 1530 1341 accommo-

100 1357 249 1400 dandis
280 1359 544 1400 sermonibus
584 1359 637 1400 ad
677 1374 746 1400 eas
785 1359 980 1408 rationes,
1011 1368 1183 1413 propter
1218 1372 1320 1412 quas
1354 1357 1532 1413 quisque

98 1415 313 1456 studiosus
343 1430 433 1457 esse
464 1416 527 1456 tui
544 1416 766 1466 videbitur,
793 1415 1067 1470 significanda
1094 1428 1196 1469 erga
1224 1413 1319 1455 illos
1348 1414 1438 1469 pari
1458 1427 1531 1454 vo-

96 1470 272 1523 luntate,
306 1471 553 1513 adducenda
579 1472 764 1513 amicitia
794 1473 835 1512 in
865 1486 982 1527 spem
1014 1470 1321 1521 familiaritatis,
1352 1479 1395 1510 et
1429 1484 1532 1510 con·

98 1526 330 1569 suetudinis
352 1529 589 1570 confirmari
621 1529 849 1584 oportebit.
908 1529 1052 1584 Atque
1080 1528 1122 1569 in
1150 1527 1199 1568 iis
1229 1526 1427 1567 omnibus
1455 1539 1532 1582 ge-

98 1580 266 1626 neribus
280 1585 474 1642 judicato
499 1596 541 1626 et
569 1584 833 1641 perpendito,
854 1594 1059 1640 quantum
1085 1583 1266 1639 quisque
1290 1584 1453 1638 possit3
1485 1592 1534 1623 ut

98 1641 218 1692 scias,
247 1652 290 1682 et
323 1641 681 1697 quemadmodum
716 1642 869 1696 cuique
907 1641 1117 1690 inservias,
1148 1649 1192 1680 et
1227 1639 1327 1695 quid
1360 1654 1385 1679 a
1425 1652 1534 1694 quo-

99 1711 182 1753 que
201 1709 430 1753 exspecteS,
456 1707 497 1738 et
523 1698 724 1753 postules.
784 1699 892 1738 Sunt
922 1697 1033 1737 enim
1065 1696 1238 1752 quidam
1269 1695 1460 1736 homines
1490 1695 1533 1735 in

100 1754 185 1794 suis
214 1754 508 1805 vicinitatibus,
537 1763 579 1795 et
604 1754 844 1809 municipiis
871 1753 1076 1809 gratiosi3
1107 1763 1205 1794 sunt
1238 1752 1462 1808 diligentes
1491 1759 1534 1792 et

98 1810 287 1865 copiosi3
319 1811 390 1866 qui
412 1810 537 1851 etiam
561 1811 594 1851 si
614 1821 736 1852 antea
757 1825 840 1851 non
871 1810 1122 1850 studuerunt
1154 1809 1251 1849 huic
1284 1809 1446 1864 gratiae,
1469 1817 1533 1850 ta-

98 1880 195 1906 men
229 1881 279 1907 ex
312 1877 502 1922 tempore
535 1867 751 1908 elaborare
782 1867 872 1922 ejus
901 1881 1040 1915 causa,
1073 1866 1141 1906 cui
1173 1865 1329 1906 debent
1355 1874 1429 1906 aut
1460 1880 1533 1906 vo-

96 1921 204 1972 lunt,
234 1923 357 1964 facile
384 1933 575 1979 possunt.
606 1923 670 1964 his
709 1923 929 1964 hominum
960 1923 1188 1977 generibus
1219 1922 1277 1962 sic
1307 1921 1534 1963 inservien-

97 1978 201 2020 dum
232 1989 310 2031 est,
342 1988 389 2020 ut
419 1980 512 2036 ipsi·
533 1980 786 2035 intelligant,
812 1990 853 2020 te
881 1979 1032 2028 videre,
1065 1978 1167 2034 quid
1198 1994 1222 2018 a
1256 1992 1426 2033 quoque
1462 1992 1536 2018 ex-

99 2044 261 2090 spectes
277 2051 290 2085 ;
330 2037 495 2087 sentire,
526 2036 628 2092 quid
658 2036 865 2090 accipias3
901 2035 1156 2085 meminisse,
1177 2035 1279 2089 quid
1309 2034 1534 2089 acceperis.

98 2092 209 2132 Sunt
227 2100 368 2133 autem
390 2093 475 2143 alii,
503 2093 575 2148 qui
604 2101 677 2133 aut
702 2093 806 2133 nihil
834 2101 1025 2148 possunt,
1045 2100 1119 2132 aut
1147 2092 1274 2132 etiam
1306 2091 1405 2131 odio
1438 2100 1537 2132 sunt

97 2147 325 2189 tribulibus
353 2149 469 2189 suis:
515 2163 592 2190 nee
622 2149 780 2190 habent
809 2158 976 2190 tantum
1014 2148 1157 2198 animi,
1195 2157 1270 2188 aut
1308 2146 1535 2197 facultatis,

98 2213 146 2244 ut
174 2205 386 2246 enitantur
415 2219 464 2246 ex
502 2213 706 2260 tempore.
746 2206 824 2246 hos
853 2205 1111 2246 internoscas
1142 2204 1281 2245 videto
1298 2219 1311 2254 3
1359 2218 1426 2254 ne,
1461 2217 1535 2258 spe

98 2260 142 2301 in
173 2260 316 2317 aliquo
354 2261 513 2317 majore
551 2261 702 2316 posita,
739 2261 921 2316 praesidii
955 2276 1104 2316 parum
1139 2269 1423 2315 comparetur.
1479 2255 1580 2309 Et7

99 2330 357 2373 quamquam
385 2318 513 2373 partis
543 2327 588 2358 et
616 2317 801 2359 fundatis
832 2317 1025 2358 amicitiis
1056 2317 1212 2358 fretum
1243 2331 1292 2357 ac
1320 2317 1535 2357 munitum

99 2386 190 2413 esse
217 2382 398 2428 oportet,
423 2383 562 2426 tamen
590 2374 630 2415 in
656 2375 746 2428 ipsa
775 2374 992 2429 petitione,
1012 2373 1208 2415 amicitiae
1237 2373 1460 2428 permultae
1486 2387 1539 2413 ae

100 2429 300 2485 perutiles
328 2439 642 2486 comparantur.
674 2444 768 2470 nam
801 2430 844 2470 in
877 2431 1024 2471 ceteris
1053 2430 1260 2471 molestiis
1288 2429 1417 2470 habet
1454 2430 1536 2470 hoc

97 2494 242 2526 tamen
277 2485 427 2540 petitio
456 2486 686 2537 commodi,
716 2495 765 2527 ut
793 2486 928 2541 posSis
960 2486 1150 2537 honeste,
1179 2486 1296 2542 quod
1326 2486 1369 2526 in
1399 2494 1541 2526 cetera

99 2541 184 2582 vita
230 2555 313 2582 non
359 2556 503 2597 queas,
542 2557 835 2598 quoscumque
874 2543 990 2594 velis,
1029 2543 1262 2599 adjungere
1299 2541 1352 2582 ad
1389 2542 1534 2582 amici-

102 2596 232 2648 tiam3
264 2598 517 2653 quibuscum
547 2599 582 2639 si
611 2599 694 2640 alio
725 2608 917 2655 tempore
945 2613 1061 2654 agas,
1092 2609 1139 2640 ut
1168 2608 1211 2639 te
1241 2607 1427 2647 utantur,
1459 2598 1534 2638 ab-

102 2652 226 2694 surde
265 2655 403 2695 facere
432 2653 626 2696 videare:
674 2656 718 2696 in
758 2656 967 2710 petitione
990 2664 1131 2696 autem
1163 2655 1242 2695 nisi
1271 2653 1312 2694 id
1349 2668 1465 2708 agaS,
1491 2663 1535 2694 et

100 2722 199 2750 cum
227 2710 388 2762 multis,
412 2718 454 2751 et
484 2709 723 2766 diligenter,
746 2711 887 2752 nullus
914 2712 1070 2767 petitor
1091 2725 1181 2752 esse
1203 2709 1379 2751 videare.
1439 2711 1533 2766 Ego
1544 2716 1574 2781 Ξ·
1592 2713 1664 2738 209·

118 2864 124 2870 ,
144 2827 186 2852 36
209 2829 242 2852 ut
255 2823 431 2863 propositum
451 2834 486 2853 ac
496 2823 650 2863 paratum]
676 2825 798 2864 Exqui-
840 2832 881 2854 ta.
905 2825 981 2855 alias
996 2825 1083 2855 venit
1106 2826 1138 2856 in
1162 2830 1305 2854 mentem
1329 2822 1429 2864 legere
1440 2828 1537 2862 prom·
1588 2848 1590 2851 .

100 2871 158 2896 sne
167 2866 344 2905 propositum
360 2867 452 2905 dixit,
468 2867 561 2904 cujus
577 2877 646 2907 spes
666 2875 712 2900 est
734 2877 798 2898 cer·
842 2874 914 2897 tum.

852 2921 974 2965 31³3
