1844 3202
645 99 827 139 LIBER
863 98 1144 138 TERTIUS.
1537 107 1616 149 759

184 210 295 252 enim
317 223 401 251 non
421 222 584 265 parvam
603 208 955 263 exspectationem
979 205 1190 248 imitandae
1210 205 1425 249 industriae
1446 217 1617 258 nostrae,

185 281 385 322 magnam
415 266 639 314 honorum,
662 265 907 305 nonnullam
930 264 1106 304 fortasse
1133 263 1328 303 nominis.
1388 265 1617 320 Suscepisti

185 337 291 364 onus
327 331 525 378 praeterea
556 335 681 376 grave
712 330 754 362 et
782 320 1065 371 Athenarum,
1095 328 1138 360 et
1170 318 1386 374 Cratippi:
1419 320 1470 360 ad
1511 335 1618 376 quos

184 394 282 420 cum
302 388 516 433 tamquam
539 377 591 417 ad
612 386 890 418 mercaturam
913 377 1118 418 bonarum
1138 375 1292 417 artium
1314 376 1368 417 sis
1389 376 1616 430 profectus,

184 436 348 476 inanem
379 433 512 475 redire
542 434 830 489 turpissimum
863 442 942 484 est,
971 432 1294 474 dedecorantem
1324 440 1366 472 et
1397 432 1511 472 urbis
1541 447 1617 474 au-

182 490 436 540 ctoritatem,
467 500 509 531 et
549 491 755 546 magistri.
813 491 956 532 Ouare
998 496 1239 545 ⁶quantum
1281 488 1440 529 conniti
1477 488 1619 530 animo

182 557 319 602 potes,
341 555 544 602 quantum
575 547 719 588 labore
745 533 998 588 contendere
1025 546 1075 599 (si
1094 545 1283 586 discendi
1304 544 1426 585 labor
1445 555 1508 585 est
1540 559 1617 610 po-

183 603 282 654 tius,
301 617 427 659 quam
451 603 659 658 voluptas)
690 613 871 654 tantum,
893 603 974 653 fac,
1002 612 1051 644 ut
1077 601 1260 643 efficiasz
1292 615 1391 641 neve
1420 615 1472 642 co
1520 602 1620 642 mit-

183 668 262 710 tas,
284 670 345 710 ut,
368 673 467 701 cum
493 660 633 701 omnia
663 659 929 715 suppeditata
956 660 1037 700 sint
1059 673 1084 700 a
1113 659 1250 722 nob-is,
1271 667 1362 698 tute
1394 657 1471 698 tibi
1528 658 1621 699 efu-

182 716 262 757 isse
281 691 456 757 videare.
517 717 600 757 Sed
631 717 722 757 haec
743 717 961 757 hactenus.
984 715 1119 756 multa
1139 715 1252 756 enim
1276 728 1387 769 saepe
1407 714 1459 754 ad
1485 722 1526 755 te
1547 729 1620 756 co-

179 772 378 814 hortandi
398 773 535 828 gratia
558 773 812 828 scripsimus.
836 787 946 814 nunc
968 771 1022 813 ad
1050 772 1254 828 reliquam
1278 780 1442 826 partem
1462 785 1621 826 propo-

182 829 272 871 sitae
292 829 502 870 divisionis
523 839 791 871 revertamur.

240 886 447 927 Panaetius
485 886 629 942 igitur,
661 887 733 943 qui
772 887 860 928 sine
899 885 1181 927 controversia
1217 884 1270 925 de
1307 884 1453 925 officiis
1493 898 1617 925 accu·
1633 895 1655 935 7

180 942 388 984 ratissime
418 942 660 998 disputavit,
686 958 897 1008 quemque
927 958 1020 994 nos,
1043 942 1303 984 correctione
1334 941 1514 996 quadam
1546 941 1620 982 ad-

179 998 328 1064 hibita,
364 999 631 1055 potissimum
671 1000 804 1041 secuti
838 1015 998 1050 sumus,
1032 999 1167 1040 tribus
1200 998 1425 1054 generibus
1461 1012 1621 1053 propo-

182 1056 287 1106 sitis,
312 1056 354 1097 in
379 1056 534 1112 quibus
562 1056 791 1098 deliberare
822 1056 1030 1106 homines,
1062 1065 1103 1096 et
1135 1055 1375 1096 consultare
1402 1054 1454 1096 de
1482 1055 1622 1096 officio

182 1112 378 1164 solerent,
400 1128 499 1163 uno,
521 1127 619 1154 cum
651 1113 907 1164 dubitarent,
928 1113 1208 1154 honestumne
1236 1111 1278 1152 id
1309 1121 1434 1161 esset,
1455 1111 1508 1151 de
1525 1126 1621 1174 quo

181 1178 391 1224 ageretur,
420 1184 472 1210 an
504 1178 652 1224 turpe·
682 1169 829 1220 altero,
853 1169 1026 1220 utilene,
1048 1184 1100 1210 an
1129 1168 1305 1209 inutile:
1339 1168 1479 1218 tertio,
1503 1167 1536 1208 si
1560 1167 1621 1218 id,

181 1225 297 1281 quod
327 1226 509 1281 speciem
540 1225 713 1267 haberet
742 1226 923 1277 honesti,
943 1235 1151 1281 pugnaret
1170 1240 1267 1266 cum
1293 1238 1361 1274 eo,
1382 1224 1497 1279 quod
1518 1224 1622 1265 utile

180 1282 404 1333 videretur,
426 1282 645 1338 quomodo
667 1297 717 1324 ea
736 1282 915 1324 discerni
935 1291 1163 1338 oporteret,
1184 1281 1236 1322 de
1261 1281 1429 1322 duobus
1455 1281 1623 1336 generi-

181 1338 261 1380 bus
286 1339 447 1395 primis,
469 1339 603 1380 tribus
628 1339 744 1380 libris
773 1340 1017 1394 explicavit:
1049 1338 1102 1379 de
1134 1339 1259 1380 tertio
1289 1348 1434 1378 autem
1464 1351 1621 1393 genere

180 1394 379 1451 deinceps
401 1409 445 1437 se
467 1395 631 1451 scripsit
650 1395 880 1460 dicturum,
903 1410 978 1437 nec
999 1394 1187 1445 exsolvit,
1209 1394 1325 1450 quod
1356 1395 1620 1458 promiserat.

180 1452 311 1549 guod
334 1467 386 1494 eo
407 1467 543 1507 magis
575 1467 718 1504 m1ror‚
740 1452 838 1508 quia
865 1453 1070 1508 scriptum
1091 1466 1116 1492 a
1142 1426 1350 1507 discipulo
1380 1450 1470 1506 ejus
1501 1451 1657 1492 Posi-8

211 1523 310 1550 omo
337 1518 416 1559 est,
438 1509 612 1564 triginta
639 1510 756 1550 annis
778 1509 925 1550 v1xisse
959 1508 1206 1558 Panaetium,
1238 1516 1515 1563 posteaquam
1545 1521 1619 1548 eos

177 1564 308 1606 libros
337 1565 550 1607 edidisset.
613 1567 754 1607 Ouem
786 1566 929 1607 locum
959 1565 1090 1606 miror
1121 1580 1146 1606 a
1179 1564 1407 1606 Posidonio
1438 1563 1661 1614 breviterp.
1676 1581 1726 1605 54.

181 1636 271 1663 esse
287 1632 448 1664 tactum
465 1623 508 1663 in
527 1609 779 1687 quibusdam
797 1622 1133 1671 commentariis3
1152 1621 1384 1677 praesertim
1402 1636 1500 1662 cum
1517 1621 1649 1662 scri-a

181 1678 269 1730 bat,
290 1680 451 1721 nullum
475 1693 566 1720 esse
585 1679 759 1720 locum'
750 1695 792 1720 m
813 1689 904 1720 tota
924 1678 1192 1734 philosophia
1212 1688 1299 1719 tam
1322 1678 1621 1719 necessarium.

187 1734 368 1777 Minime
390 1751 485 1777 vero
507 1737 710 1777 assentior
730 1736 794 1786 iis,
817 1736 890 1792 qui
911 1743 1083 1791 negant,
1102 1749 1202 1776 eum
1222 1734 1367 1775 locum
1387 1749 1412 1775 a
1435 1733 1659 1788 Panaetiog

181 1793 526 1846 praetermissum‚
554 1793 627 1834 sed
657 1793 853 1834 consulto
882 1792 1093 1841 relictum,
1124 1806 1200 1832 nec
1231 1791 1406 1832 omnino
1436 1790 1622 1832 scriben-

183 1847 287 1890 dum
320 1850 463 1900 fuisse,
496 1849 594 1905 quia
626 1863 859 1904 numquam
898 1857 1041 1904 posset
1074 1848 1233 1889 utilitas
1268 1863 1366 1888 cum
1401 1847 1623 1889 honestate

180 1917 400 1960 pugnare:
432 1906 485 1947 de
504 1921 590 1969 quo
611 1907 788 1947 alterum
811 1915 951 1960 potest
972 1905 1127 1946 habere
1154 1904 1481 1954 dubitationem,
1501 1903 1623 1945 adhi-

181 1961 424 2004 bendumne
450 1962 577 2003 fuerit
608 1963 690 2004 hoc
718 1977 867 2017 genus,
891 1962 1007 2018 quod
1037 1962 1078 2002 in
1109 1961 1310 2002 dixisione
1342 1961 1514 2002 Panaetii
1542 1970 1625 2002 ter-

182 2020 289 2061 tium
319 2029 396 2070 est,
417 2034 469 2060 an
492 2019 618 2075 plane
640 2019 952 2060 omittendum:
983 2018 1164 2060 alterum
1196 2018 1380 2058 dubitari
1410 2032 1495 2058 non
1524 2028 1623 2072 pot-

181 2086 261 2127 est,
282 2076 384 2132 quin
417 2091 442 2117 a
470 2076 656 2117 Panaetio
690 2086 933 2130 susceptum
961 2076 1029 2125 sit,
1051 2075 1125 2116 sed
1155 2075 1364 2115 relictum.
1388 2089 1485 2114 nam
1507 2073 1581 2129 qui
1600 2088 1624 2116 e

181 2132 384 2175 divisione
416 2133 623 2188 tripartita
655 2133 760 2174 duas
788 2141 925 2187 partes
961 2131 1201 2180 absolverit,
1230 2131 1328 2172 huic
1359 2145 1530 2172 necesse
1559 2140 1624 2173 est

181 2199 338 2232 restare
376 2189 559 2231 tertiam.
621 2191 824 2230 Praeterea
855 2189 895 2229 in
930 2198 1120 2229 extremo
1152 2188 1260 2229 libro
1289 2187 1415 2229 tertio
1454 2187 1508 2228 de
1544 2187 1623 2229 hac

181 2256 300 2303 parte
321 2246 547 2302 pollicetur
566 2260 609 2287 se
635 2246 832 2300 deinceps
861 2260 952 2286 esse
983 2244 1211 2287 dicturum.
1271 2244 1454 2285 Accedit
1472 2243 1623 2285 eodem
1640 2252 1689 2285 10

182 2304 302 2345 testis
322 2303 527 2358 locuples,
551 2303 815 2352 Posidonius,
836 2303 908 2358 qui
927 2303 1054 2343 etiam
1077 2301 1259 2343 scribit
1249 2316 1293 2341 m
1323 2300 1503 2356 quadam
1534 2302 1624 2357 epi-

183 2359 306 2411 stola,
328 2361 372 2402 P.
392 2360 600 2401 Rutilium
623 2359 780 2400 Rufum
808 2359 947 2400 dicere
975 2359 1122 2409 solere,
1143 2358 1216 2414 qui
1248 2358 1479 2398 Panaetium
1505 2357 1626 2399 audi-

184 2426 288 2467 erat,
309 2417 373 2458 Ut
392 2431 518 2458 nemo
541 2417 680 2471 pictor
699 2425 808 2457 esset
837 2416 904 2457 inv
907 2426 1044 2465 entus,
1064 2415 1138 2471 qui
1161 2424 1176 2451 7
1197 2414 1304 2455 Coae
1322 2414 1500 2455 Veneris
1531 2429 1626 2455 eam

181 2483 360 2531 partem,
382 2488 508 2529 quam
527 2473 703 2530 Apelles
723 2472 967 2514 inchoatam
993 2472 1244 2528 reliquisset,
1267 2471 1502 2513 absolveret
1525 2471 1626 2525 (oris

228 2621 246 2647 6
270 2622 410 2658 quantum
437 2614 541 2643 conniti
570 2615 665 2645 animo
685 2614 782 2656 potes]
814 2616 879 2646 Ms-
923 2620 960 2643 ut
971 2619 1017 2643 est
1032 2613 1065 2643 in
1077 2612 1126 2642 ed.
1144 2613 1233 2652 Mog.
1246 2613 1316 2643 Col.
1332 2613 1427 2643 Rom.
1437 2612 1519 2642 Ven.
1533 2617 1625 2646 1471.

184 2659 259 2690 Cur.
283 2659 380 2689 habet
403 2665 540 2699 quantum
559 2658 629 2688 eniti
646 2659 741 2688 animo
760 2658 880 2699 poteris.
924 2656 1058 2686 Mediol.
1083 2657 1142 2686 &a
1167 2656 1285 2686 addidit
1310 2658 1432 2695 primus
1456 2655 1627 2685 victorius.

185 2702 255 2732 eniti
271 2712 335 2732 non
351 2702 504 2741 displicet.
924 2700 1006 2730 mihi
1023 2699 1117 2729 lectio
1128 2700 1288 2739 antiquior
1303 2699 1404 2737 magis
1420 2696 1532 2736 placet.
1547 2706 1624 2728 nam

228 2751 244 2779 7
274 2744 341 2775 Coae
359 2742 489 2783 Veneris]
515 2743 578 2773 Ms.
598 2744 673 2774 Cur.
697 2754 763 2774 non
787 2743 883 2774 habet
925 2749 957 2772 et
978 2742 1052 2772 alibi
1070 2743 1180 2773 Venus
1195 2742 1315 2782 Apellis
1338 2747 1535 2772 memoratur
1555 2741 1626 2776 sine

186 2787 269 2824 Coae,
284 2795 314 2817 et
338 2798 415 2818 mox
436 2785 595 2816 absolverit
616 2797 672 2826 pro
694 2786 879 2817 absolveret.
923 2784 979 2816 illo
995 2785 1149 2826 epitheto.

181 2831 282 2868 Goth.
301 2831 416 2862 Veneris
437 2841 499 2861 eam
515 2836 644 2871 partem,
659 2830 778 2862 omisso
799 2829 879 2867 0⁰ae,
