1844 3202
274 97 350 131 828
863 95 1101 136 LAELIUS

271 201 484 244 commodi
513 202 704 260 alicujus,
726 202 840 260 quod
872 205 979 246 idem
1012 205 1186 260 adipisci
1215 215 1392 263 uterque
1422 222 1503 249 non
1535 219 1691 261 posset.

270 258 385 313 quod
407 259 441 300 si
463 260 534 316 qui
557 261 722 316 longius
754 261 794 302 in
824 262 1006 302 amicitia
1037 264 1217 317 provecti
1247 275 1396 313 essent,
1419 274 1557 305 tamen
1580 280 1691 321 saepe

268 313 526 366 labefactari,
548 319 580 358 si
612 318 653 358 in
686 318 854 358 honoris
883 320 1192 360 contentionem
1225 321 1492 361 incidissent:
1530 333 1688 376 pestem

268 371 378 412 enim
415 374 614 429 majorem
649 388 738 415 esse
776 375 930 415 nullam
961 384 1001 407 20
1016 375 1223 427 amicitiis,
1256 392 1379 431 quam
1414 380 1452 418 iu
1485 380 1690 434 plerisque

139 429 453 482 p.103.pecuniae
481 430 784 485 cupiditatem:
817 431 857 471 in
887 432 1057 485 optimis
1090 433 1324 488 quibusque
1354 434 1524 475 honoris
1555 447 1688 475 certa-

225 487 253 507 a.
267 499 378 535 men,
395 496 437 526 et
452 486 601 541 gloriae
623 503 631 527 ε
664 501 715 527 ex
736 502 821 542 quo
844 487 1080 528 inimicitias
1102 490 1301 530 maximas
1323 505 1431 545 saepe
1455 491 1559 532 inter
1582 491 1687 531 aini-

201 550 251 584 35
265 541 454 582 cissimos
474 543 693 584 exstitisse.
726 545 889 598 Magna
909 544 1020 584 enim
1042 544 1225 595 dissidia,
1246 555 1288 587 et
1309 546 1556 603 plerumque
1570 549 1689 603 justa.

263 599 393 649 nasci,
414 613 510 639 cuin
532 599 688 654 aliquid
715 600 767 640 ab
790 600 948 647 amicis,
972 600 1085 655 quod
1112 611 1269 643 rectum
1292 617 1375 643 non
1397 614 1518 653 esset,
1539 616 1684 658 postu-

262 654 444 695 laretur:
477 665 523 696 ut
548 665 619 697 aut
640 656 822 697 libidinis
851 656 1043 707 ministri,
1068 667 1141 697 aut
1170 666 1206 690 21
1223 659 1436 714 adjutores
1465 672 1604 701 essent
1633 660 1687 701 ad

258 710 469 766 injuriam.
500 712 613 768 quod
642 713 713 769 qui
745 722 997 764 recusarent,
1019 715 1205 769 quamvis
1226 715 1399 756 honeste
1422 716 1464 756 id
1485 718 1684 767 facerent,

252 766 325 822 jus
347 776 487 809 tamen
506 770 701 811 amicitiae
721 770 911 811 deserere
931 779 1204 826 arguerentur
1225 772 1278 812 ab
1300 772 1363 822 iis,
1387 773 1538 828 quibus
1559 774 1683 814 obse-

257 824 331 878 qui
360 825 545 867 nollent:
577 826 670 867 illos
696 836 853 876 autem,
873 827 943 882 qui
967 827 1125 882 quidvis
1150 828 1203 868 ab
1225 828 1364 869 amico
1386 829 1587 870 auderent
1608 844 1685 885 po-

256 881 425 931 stulare,
446 882 732 936 postulatione
752 883 841 938 ipsa
861 883 1060 938 profiteri,
1078 886 1220 925 onmia
1240 900 1282 925 se
1304 885 1431 926 amici
1453 900 1578 927 causa
1593 901 1682 927 esse

255 936 453 978 facturos.
484 946 522 969 22
537 953 682 979 eorum
710 940 880 994 querela
909 940 1152 981 inveteratas
1173 956 1255 981 non
1276 941 1405 982 modo
1426 942 1682 983 familiarita-

254 1000 317 1033 tes
338 994 548 1050 exstingui
570 995 718 1045 Solem,
739 995 810 1035 sed
831 996 956 1036 etiam
979 996 1078 1036 odia
1104 997 1223 1051 gigni
1250 997 1515 1051 sempiterna.
1573 999 1681 1039 Hoec

254 1048 314 1090 ita
341 1051 488 1101 multa,
512 1052 629 1107 quasi
655 1052 753 1101 fata,
776 1051 1014 1106 impendere
1043 1053 1248 1102 amicitiis,
1271 1063 1318 1094 ut
1345 1054 1486 1094 omnia
1515 1055 1681 1096 subter-

253 1105 402 1161 fugere
430 1123 515 1148 non
544 1108 673 1149 modo
698 1108 925 1164 sapientiae,
947 1109 1019 1149 sed
1045 1110 1172 1150 etiam
1194 1109 1403 1151 felicitatis
1425 1110 1582 1152 diceret
1602 1111 1681 1152 sibi

253 1162 396 1204 videri.

176 1221 236 1267 11
309 1221 599 1276 Quamobrem
638 1222 681 1264 id
721 1223 904 1278 primum
942 1223 1170 1274 videamus,
1210 1222 1244 1264 si
1284 1223 1436 1278 placet,
1476 1232 1680 1279 quatenus

187 1290 242 1326 36
252 1289 371 1318 amor
390 1278 431 1318 in
452 1279 637 1320 amicitia
657 1280 852 1336 progredi
877 1279 1041 1321 debeat.
1072 1295 1188 1329 num,
1208 1280 1242 1320 si
1264 1280 1514 1322 Coriolanus
1534 1281 1681 1322 habuit

250 1334 423 1385 amicos,
455 1336 562 1377 ferre
591 1346 738 1378 contra
767 1337 943 1392 patriam
974 1351 1090 1377 arma
1122 1336 1180 1377 illi
1211 1351 1306 1377 cum
1341 1337 1570 1378 Coriolano
1603 1337 1676 1378 de-

250 1389 406 1432 buere?
444 1407 544 1433 num
579 1393 858 1434 Viscellinum
891 1393 1015 1434 amici
1048 1407 1225 1448 regnum
1258 1403 1538 1448 appetentem,
1576 1409 1674 1435 num

183 1451 235 1493 37
249 1446 320 1501 Sp.
340 1448 532 1490 Maelium
553 1449 788 1491 debuerunt
811 1450 956 1506 juvare
974 1451 985 1489 ?
1018 1450 1082 1491 Ti.
1106 1450 1277 1505 quidem
1301 1450 1542 1491 Gracchum
1564 1465 1674 1491 rem—

244 1504 458 1558 publicam
497 1515 727 1557 vexantem,
764 1521 788 1547 a
820 1507 877 1548 G..
912 1507 1150 1555 Tuberone,
1181 1508 1495 1562 aequalibusque
1528 1507 1675 1548 amicis

243 1559 491 1602 derelictum
528 1562 784 1603 videbamus.
842 1563 903 1603 At
934 1562 985 1603 C.
1017 1562 1220 1613 Blossius,
1257 1563 1490 1614 Cumanus,
1522 1563 1673 1618 hospes

242 1617 413 1658 familiae
435 1628 597 1669 vestrae,
620 1619 821 1669 Scaevola,
842 1633 940 1659 cum
968 1619 1021 1659 ad
1051 1634 1134 1670 me.⁹
1155 1620 1225 1674 qui
1254 1620 1422 1660 aderam
1450 1621 1611 1661 Laenati
1631 1629 1675 1661 et

242 1673 412 1728 Rupilio
432 1675 675 1716 consulibus
697 1676 738 1716 in
760 1675 951 1725 consilio,
974 1675 1242 1731 deprecatum
1266 1677 1457 1725 venisset,
1478 1677 1601 1727 hane,
1622 1685 1670 1718 ut

241 1729 321 1770 sibi
343 1731 619 1786 ignoscerem,
641 1747 812 1773 causam
834 1732 1047 1781 afferebat,
1070 1732 1184 1787 quod
1211 1733 1316 1773 tanti
1341 1734 1405 1773 Ti.
1429 1732 1671 1774 Gracchum

239 1786 420 1839 fecisset,
437 1797 499 1839 ut,
519 1788 725 1845 quidquid
746 1789 817 1830 ille
832 1788 969 1839 vellet,
991 1788 1071 1830 sibi
1090 1788 1326 1829 faciendum
1350 1798 1530 1844 putaret.
1559 1790 1670 1831 Tum

238 1857 338 1898 egO,
356 1845 565 1896 Etiamne,
587 1846 621 1886 si
651 1855 692 1886 te
725 1845 768 1886 in
799 1845 1059 1900 Capitolium
1087 1846 1196 1886 faces
1218 1846 1325 1887 ferre
1344 1845 1496 1887 vellet?
1528 1847 1670 1887 Num-

238 1914 381 1955 quam,
402 1901 552 1957 inquit,
573 1902 772 1943 voluisset
791 1901 833 1942 id
852 1902 1037 1957 quidem.
1098 1902 1196 1953 Sed,
1218 1903 1252 1943 si
1272 1902 1470 1943 voluisset
1488 1903 1500 1942 ?
1540 1903 1666 1943 Paru-
1709 1920 1711 1923 ·

237 1956 378 1998 issem.
442 1959 619 2009 Videtis,
651 1973 777 2014 quam
810 1959 966 1999 nefaria
997 1973 1086 1998 vox.
1117 1968 1160 1999 et
1188 1958 1327 2000 hercle
1358 1959 1415 1999 ita
1444 1958 1572 2007 fecit3
1603 1958 1666 2000 vel

193 2026 226 2057 b.
237 2013 332 2068 plus
353 2015 496 2065 etiam,
516 2030 642 2071 quam
675 2015 793 2057 dixit.
824 2030 909 2055 non
930 2015 1042 2055 enim
1064 2015 1202 2069 paruit
1222 2015 1291 2056 ille
1310 2015 1374 2056 Ti.
1399 2015 1581 2056 Gracchi
1604 2025 1667 2056 te-

236 2071 434 2122 meritati,
457 2071 531 2112 sed
560 2072 755 2127 praefuit:
787 2086 864 2112 nec
883 2086 927 2112 se
948 2071 1147 2112 comitem
1170 2071 1280 2113 illius
1302 2072 1468 2121 furoris,
1492 2071 1565 2112 sed
1586 2072 1666 2113 du·

234 2140 329 2167 cem
351 2128 543 2182 praebuit.
606 2129 754 2184 Itaque
780 2128 859 2169 hac
879 2129 1075 2178 amentia,
1095 2128 1327 2183 quaestione
1348 2143 1451 2169 nova
1472 2128 1667 2183 perterri-

236 2190 318 2233 tus,
338 2183 380 2224 in
398 2184 545 2225 Asiam
566 2185 770 2240 profugit,
789 2185 841 2226 ad
860 2185 1002 2226 hostes
1024 2199 1067 2225 se
1086 2184 1280 2235 contulit,
1299 2199 1443 2239 poenas
1465 2185 1666 2240 reipubli-

234 2252 295 2279 cae
323 2254 484 2295 graves,
509 2241 731 2297 justasque
763 2241 972 2297 persolvit.
1031 2241 1164 2282 Nulla
1193 2252 1257 2282 est
1291 2242 1421 2296 igitur
1451 2241 1664 2283 excusatio

233 2297 410 2349 peccati,
445 2297 478 2338 si
511 2298 635 2339 amici
670 2312 796 2338 causa
832 2299 1079 2353 peccaveris.
1125 2313 1235 2348 nam,
1273 2313 1369 2339 cum
1404 2298 1662 2339 conciliatrix

233 2353 443 2403 amicitiae,
461 2354 622 2395 virtutis
644 2354 785 2410 opinio
806 2355 946 2405 fuerit,
965 2354 1132 2396 difficile
1152 2365 1215 2395 est
1233 2353 1459 2395 amicitiam
1481 2369 1665 2406 manere,

169 2418 221 2452 38
235 2408 268 2449 si
288 2423 313 2450 a
333 2409 483 2450 virtute
502 2411 715 2452 defeceris.
775 2411 907 2468 Quod
928 2411 962 2452 si
983 2421 1143 2452 rectum
1173 2411 1453 2462 statuerimus,
1475 2411 1534 2451 vel
1556 2426 1659 2452 con·

231 2465 378 2508 cedere
400 2466 560 2519 amicis,
581 2467 787 2523 quidquid
807 2468 947 2519 velint,
968 2468 1031 2509 vel
1060 2468 1281 2524 impetrare
1300 2467 1353 2508 ab
1374 2467 1436 2517 iis,
1458 2467 1663 2524 quidquid

272 2621 313 2645 20
336 2614 366 2643 in
386 2612 539 2653 amicitiis]
559 2616 596 2645 In
618 2616 681 2645 Ms.
699 2615 762 2645 Erf.
781 2616 867 2646 abest
883 2615 923 2645 in.
967 2613 1081 2653 ritares]
1098 2615 1202 2654 Vulgo
1218 2622 1282 2644 erat
1297 2614 1484 2645 inveterata:
1506 2616 1559 2646 sed
1576 2615 1660 2645 inve-

228 2656 320 2686 bene.
344 2667 422 2688 nam
436 2660 482 2688 sic
499 2658 609 2688 Cicero
627 2659 692 2688 aliis
710 2659 797 2689 locis.
967 2665 1061 2687 lerata
1086 2658 1201 2699 querela
1223 2659 1330 2688 durius
1353 2659 1483 2688 dicitur:
1507 2665 1538 2687 at
1555 2659 1593 2689 de
1616 2660 1660 2691 sa-

270 2707 306 2730 21
332 2700 474 2741 adjutores
489 2701 693 2741 adit-jurium}
715 2702 866 2731 Usitatius
879 2708 925 2731 est
967 2701 1146 2731 miliaritate
1175 2702 1344 2731 commode
1369 2702 1491 2732 dicitur.
1537 2701 1589 2732 Sic
1618 2703 1657 2732 ad

225 2742 367 2781 adjutores
392 2744 520 2783 injuriae,
538 2746 591 2774 sed
618 2745 727 2774 eadem
751 2745 852 2774 forma
876 2752 921 2774 est
964 2745 1037 2775 Div.
1055 2745 1114 2779 Ill,
1132 2751 1179 2776 19.
1196 2752 1240 2773 est
1257 2744 1421 2773 inveterata
1436 2743 1578 2775 amicitia.
1600 2745 1657 2774 ita-

226 2793 280 2823 pro
298 2786 390 2816 Rosc.
406 2788 480 2817 Am.
497 2796 526 2817 c.
539 2792 569 2817 6.
586 2787 700 2826 adjutor
715 2787 755 2816 ad
763 2788 908 2826 praedam.
963 2797 1025 2827 que
1043 2797 1117 2817 cum
1136 2788 1259 2817 Graevio
1276 2788 1343 2817 dedi
1364 2787 1554 2825 inveteratas,
1571 2787 1658 2827 quod

268 2835 307 2858 22
325 2841 417 2859 eorum
432 2830 547 2870 querela
566 2830 919 2871 inveteratas—familia·
963 2831 994 2861 in
1013 2831 1076 2861 MS.
1092 2830 1188 2860 Palat.
1205 2831 1314 2869 reperit
1331 2830 1493 2861 Gruterus.
