1844 3202
289 119 367 156 662
817 116 894 154 DE
933 116 1191 155 LEGIBUS

226 238 279 270 50
291 224 444 266 tificem
467 238 705 281 sequamur.
754 223 918 266 Videtis
939 223 1067 279 igitur
1087 223 1228 265 omnia
1248 222 1428 278 pendere
1449 237 1500 264 ex
1518 237 1605 265 uno
1625 223 1712 276 illo,

290 280 406 336 quod
426 281 643 336 pontifices
670 281 890 336 pecuniam
912 282 1037 321 sacris
1058 280 1262 336 conjungi
1280 280 1423 321 volunt
1442 296 1451 319 :
1483 279 1714 336 iisdemque

289 337 426 386 ferias,
461 347 503 378 et
540 337 801 377 caerimonias
837 336 1129 377 adscribendas
1169 345 1331 390 putant.
1407 337 1552 391 Atque
1587 337 1712 377 etiam

290 394 392 434 dant
412 393 494 434 hoc
518 393 731 442 Scaevolae,
752 401 791 424 48
809 392 925 448 quod
950 402 1014 432 est
1039 392 1207 447 partitio
1225 409 1234 432 :
1268 404 1327 442 ut,
1348 393 1382 433 si
1401 393 1442 432 in
1463 402 1714 433 testamento

289 450 485 500 deducta,
520 449 674 504 scripta
709 463 791 489 non
826 449 894 498 sit,
926 457 965 481 49
984 449 1143 503 ipsique
1177 449 1312 489 minus
1350 450 1550 503 ceperint,
1587 463 1711 504 quam

290 507 486 547 omnibus
516 505 738 545 heredibus
770 505 1040 560 relinquatur,
1061 504 1238 544 sacrisne
1262 505 1501 559 alligentur.
1563 507 1610 545 In
1633 505 1713 546 do·-

291 563 458 603 natione
489 562 569 602 hoc
598 562 722 601 iidem
753 576 872 602 secus
900 561 1249 614 interpretantur:
1278 568 1318 600 et
1340 561 1452 615 quod
1473 562 1714 616 paterfami-

290 619 364 659 lias
387 619 427 658 in
448 618 538 673 ejus
557 617 796 666 donatione,
816 616 887 672 qui
917 617 956 657 in
986 616 1115 670 ipsius
1138 625 1345 670 potestate
1364 626 1485 667 esset,
1506 617 1714 672 approba-

290 675 360 725 vit,
383 684 516 715 ratum
546 683 637 714 est:
684 673 799 729 quod
829 688 879 713 eo
909 673 1108 714 insciente
1140 672 1295 713 factum
1325 681 1402 722 est,
1433 673 1467 714 si
1496 673 1538 713 id
1568 674 1600 713 is
1631 687 1716 714 non

227 744 272 776 51
290 731 508 786 approbat,
522 740 657 771 ratum
678 745 758 771 non
777 739 854 770 est.
888 729 967 770 His
985 729 1224 784 propositis,
1239 729 1552 783 quaestiunculae
1572 729 1716 771 multae

291 796 548 828 nascuntur:
587 796 625 818 ⁵0
643 801 744 841 quas
777 786 849 841 qui
879 801 961 826 non
993 785 1214 840 intelligat,
1245 785 1278 825 si
1311 785 1364 826 ad
1394 796 1521 840 caput
1550 785 1715 836 referat,

245 856 363 899 b.per
392 858 435 883 sc
462 843 551 898 ipse
584 843 704 883 facile
732 842 981 898 perspiciat:
1015 842 1154 892 veluti,
1176 842 1209 881 si
1234 842 1371 882 minus
1399 842 1492 898 quis
1521 842 1716 898 cepisset,

291 914 341 940 ne
374 900 499 940 sacris
531 899 775 954 alligaretur
795 915 804 939 :
836 913 883 938 ac
906 908 1002 952 post
1022 897 1073 938 de
1094 899 1184 954 ejus
1208 898 1430 939 heredibus
1451 898 1600 954 aliquis
1619 913 1716 939 exe-

286 956 421 1010 gisset
454 970 528 1010 pro
558 969 631 995 sua
659 964 775 1009 parte
806 954 863 1004 id,
886 954 1000 1008 quod
1028 954 1080 994 ab
1107 968 1172 1003 eo,
1195 953 1316 1009 cujus
1343 954 1430 1009 ipse
1452 955 1570 995 heres
1592 964 1716 1006 esset,

287 1012 617 1066 praetermissu-in
648 1011 793 1050 fuisset
812 1026 821 1049 ε
851 1024 983 1065 eaque
1014 1010 1191 1064 pecunia
1215 1025 1299 1050 non
1321 1011 1458 1051 minor
1477 1020 1587 1051 esset
1607 1011 1718 1051 facta

291 1076 325 1099 ⁵¹
346 1082 445 1108 cum
477 1066 690 1122 superiore
719 1066 948 1116 exactione,
969 1080 1096 1121 quam
1127 1065 1350 1107 heredibus
1380 1066 1577 1108 omnibus
1607 1075 1718 1108 esset

288 1124 461 1165 relicta:
495 1123 564 1178 qui
596 1137 688 1163 eam
719 1122 941 1177 pecuniam
971 1122 1192 1177 exegisset,
1213 1121 1348 1163 solum
1382 1122 1468 1163 sine
1497 1122 1718 1164 coheredi-

288 1180 383 1231 bus,
404 1180 530 1220 saeris
550 1178 729 1234 alligari.
778 1178 894 1221 Quin
915 1178 1041 1219 etiam
1063 1187 1223 1229 cavent,
1243 1187 1304 1228 ut,
1325 1179 1393 1219 cui
1414 1179 1507 1234 plus
1526 1179 1564 1220 le
1599 1188 1716 1221 atum

289 1237 356 1287 sit,
379 1246 415 1268 ⁵2
428 1251 552 1292 quam
575 1236 662 1276 sine
683 1234 886 1289 religione
907 1249 1055 1290 capere
1076 1234 1212 1286 liceat,
1228 1235 1261 1276 is
1285 1243 1322 1267 ⁵3
1337 1250 1409 1291 per
1428 1250 1484 1275 aes
1505 1246 1547 1276 et
1584 1237 1717 1277 ibram

288 1293 488 1334 heredem
519 1291 758 1333 testamenti
786 1290 931 1340 solvat,
951 1300 1174 1346 propterea
1195 1291 1310 1346 quod
1340 1307 1390 1332 eo
1420 1292 1516 1332 loco
1546 1307 1610 1333 res
1639 1301 1719 1344 est,

206 1354 270 1401 21
289 1349 347 1390 ita
366 1348 505 1390 soluta
521 1348 766 1398 hereditate,
785 1347 902 1402 quasi
920 1362 968 1387 ea
985 1347 1161 1403 pecunia
1181 1347 1323 1403 legata
1344 1363 1425 1388 non
1447 1357 1570 1389 esset.
1618 1349 1717 1390 Hoc

225 1429 276 1460 52
287 1420 370 1462 ego
392 1404 753 1460 loco,.multisque
774 1403 865 1445 aliis
887 1418 1030 1459 quaero
1059 1419 1084 1444 a
1111 1404 1242 1454 vobis,
1263 1404 1476 1454 Scaevolae,
1497 1405 1718 1460 pontifices

288 1462 474 1512 maximi,
503 1471 546 1502 et
576 1461 784 1511 homines,
815 1474 910 1501 meo
940 1459 1108 1516 quidem
1134 1459 1314 1516 judicio,
1344 1461 1589 1512 acutissimi,
1615 1461 1718 1517 quid

287 1519 356 1569 sit,
374 1518 489 1574 quod
509 1518 563 1559 ad
578 1518 649 1573 jus
672 1516 932 1572 pontificium
953 1516 1071 1557 civile
1091 1518 1311 1573 appetatis.
1331 1517 1461 1558 civilis
1481 1517 1590 1558 enim
1609 1517 1719 1574 juris

287 1575 461 1617 scientia
480 1574 742 1631 pontificium
764 1573 948 1629 quodam
972 1573 1099 1614 modo
1122 1572 1281 1614 tollitis.
1314 1588 1409 1614 nam
1433 1583 1598 1615 ⁵4sacra
1618 1589 1717 1616 cum

287 1632 477 1687 pecunia,
498 1630 744 1686 pontificum
774 1629 1039 1680 auctoritate,
1069 1630 1184 1670 nulla
1211 1630 1320 1685 lege,
1351 1629 1578 1686 conjuncta
1606 1640 1717 1672 sunt.

288 1690 437 1744 Itaque
466 1688 499 1728 si
525 1702 596 1728 vos
619 1685 915 1728 tantummodo
938 1686 1153 1740 pontifices
1173 1687 1334 1737 essetis,
1358 1687 1606 1741 pontificalis
1626 1702 1718 1728 ma·

287 1754 405 1786 neret
423 1744 671 1785 auctoritas:
693 1742 766 1783 sed
787 1742 900 1798 quod
921 1742 1047 1783 iidem
1065 1742 1172 1798 juris
1194 1743 1323 1784 civilis
1345 1743 1442 1783 estis
1462 1743 1718 1799 peritissimi,

288 1810 325 1833 55
344 1801 422 1842 hac
452 1801 625 1841 scientia
644 1800 758 1841 illam
779 1798 962 1839 eluditis.
1005 1799 1166 1840 Placuit
1186 1800 1230 1840 P.
1251 1799 1463 1850 Scaevolae,
1483 1808 1526 1840 et
1548 1799 1716 1841 Corun-

284 1858 420 1909 canio,
442 1856 711 1912 pontificibus
742 1854 949 1904 maximis,
980 1855 1167 1911 itemque
1196 1856 1360 1906 ceteris,
1383 1862 1421 1889 ⁵6
1436 1855 1509 1911 qui
1530 1864 1717 1897 tanturn-

285 1914 382 1956 dem
403 1923 616 1970 caperent,
637 1920 843 1969 quantum
871 1926 1018 1953 omnes
1046 1911 1233 1964 heredes,
1255 1913 1382 1954 sacris
1402 1912 1578 1968 alligari.
1623 1914 1716 1954 Ha-

330 2075 369 2099 48
394 2067 470 2109 quod
490 2073 530 2096 es!
549 2066 684 2105 partitio,
701 2072 733 2095 u!
748 2066 771 2094 si
788 2065 862 2104 δια]
882 2064 982 2105 parti·

288 2111 374 2140 tionis
389 2117 474 2150 caput
490 2110 649 2148 corrigunt
666 2109 840 2139 Lambinus
858 2115 888 2138 et
904 2109 983 2138 Gro-

288 2154 401 2184 novius
424 2154 462 2183 de
485 2153 563 2182 Sest.
581 2152 637 2188 IV,
654 2158 681 2186 7.
707 2153 782 2181 item
807 2151 949 2181 Pearcius
966 2161 982 2181 e

287 2206 317 2226 c.
335 2204 386 2227 21.
409 2197 463 2235 qui
481 2203 510 2225 et
525 2204 611 2234 seqq.
635 2197 679 2224 sic
702 2194 776 2234 legit
790 2203 830 2224 ex
845 2195 957 2224 eodem
973 2206 979 2223 ε

287 2240 311 2268 si
332 2240 361 2268 in
383 2244 559 2274 testamento,
576 2244 609 2267 ut
631 2243 741 2267 centum
764 2236 843 2266 numi
865 2236 984 2266 deduce-

287 2290 398 2317 rentur,
415 2281 551 2320 scriptum
575 2280 623 2311 sit.
661 2280 859 2310 Lambinus:
885 2279 910 2309 si
932 2279 979 2308 de-

288 2324 375 2354 ducta
394 2323 429 2354 C.
445 2323 475 2352 in
490 2330 654 2353 testamento
668 2323 777 2363 scripta
793 2333 844 2352 non
859 2322 928 2352 sint.

332 2375 373 2400 49
407 2364 532 2407 ipsique]
566 2366 630 2396 aui
659 2367 734 2403 sint,
766 2375 862 2395 nemo
890 2366 980 2396 dixit.

286 2416 361 2441 sunt
378 2409 526 2449 legatarii.

314 2449 316 2451 ¹
332 2461 372 2484 50
395 2463 466 2494 quas
482 2451 532 2494 qui
550 2462 602 2481 non
623 2450 782 2490 intelIIgat,
799 2449 840 2492 si]
859 2451 910 2481 Sic
926 2451 981 2481 Vi-

285 2496 414 2531 ctorius,
445 2495 645 2535 Lambinus„
664 2494 822 2525 Davisius.
874 2494 980 2533 Vulgo

286 2550 338 2569 non
353 2545 426 2570 ante
441 2538 465 2567 si
481 2545 545 2568 est:
570 2538 637 2567 sine
652 2547 746 2567 sensu
763 2538 946 2567 commodo.

330 2589 366 2613 51
386 2592 450 2610 cum
465 2580 606 2620 superiore
621 2578 784 2619 exactione]
799 2580 913 2610 Addita
929 2589 981 2619 pe-

286 2625 395 2661 cunia,
411 2633 483 2664 quae
499 2630 609 2653 exacta
623 2629 669 2653 est
683 2623 722 2652 ab
738 2623 863 2652 herede.

330 2675 368 2699 52
399 2678 486 2708 quam
511 2666 569 2696 sine
595 2665 730 2705 religione
756 2671 854 2704 capere
878 2662 978 2703 liceat]

286 2711 360 2741 aua
375 2716 503 2749 accepta
517 2709 611 2740 sacris
628 2718 692 2738 non
708 2707 862 2746 alligetur.

329 2760 366 2785 53
388 2760 440 2791 per
455 2763 494 2782 aes
510 2758 537 2781 et
552 2751 657 2781 libram
672 2750 800 2780 heredem
824 2757 846 2780 t.
868 2747 976 2788 solvat]

286 2796 307 2825 i.
319 2805 347 2826 e.
363 2795 472 2826 liberet
487 2805 504 2825 a
519 2795 626 2830 sacris,
642 2794 805 2824 vendenda
826 2793 981 2822 heredita-

285 2845 316 2871 te
339 2848 392 2881 per
415 2848 458 2869 aes
480 2845 511 2869 et
534 2837 648 2870 libram
669 2837 784 2868 emtori
801 2836 979 2875 fiduciario,

1025 2066 1079 2104 qui
1097 2071 1166 2104 post
1180 2066 1354 2096 emtionem
1371 2065 1476 2095 reddat
1491 2065 1575 2096 bona
1589 2066 1650 2097 fide
1663 2067 1720 2097 he·

1026 2108 1101 2144 redi,
1118 2115 1153 2137 ut
1173 2107 1240 2146 jam
1262 2117 1324 2138 non
1342 2115 1421 2138 esset
1436 2109 1589 2139 hereditas
1604 2110 1720 2149 ampli·

1026 2160 1076 2186 us,
1092 2160 1165 2189 quae
1180 2151 1294 2181 dicitur
1310 2158 1380 2190 post
1395 2151 1537 2180 hereditas
1552 2151 1653 2182 soluta.

1070 2201 1108 2224 54
1132 2204 1213 2222 sacra
1229 2204 1292 2223 cum
1302 2194 1618 2234 pecunia—conjuncta
1636 2193 1717 2235 sunt]

1027 2235 1046 2265 i.
1058 2245 1085 2265 e.
1102 2237 1217 2275 pendet
1232 2238 1424 2267 conservatio
1438 2246 1599 2268 sacrorum
1615 2247 1655 2267 ex
1672 2247 1720 2268 ra-

1023 2279 1108 2309 tione
1125 2280 1269 2318 pecuniae
1281 2286 1416 2319 accepta}
1433 2289 1486 2318 per
1501 2281 1718 2311 hereditatem.

1024 2322 1089 2352 Lex
1104 2329 1231 2352 tanturn
1253 2324 1347 2353 sacris
1370 2323 1590 2353 conservandis
1606 2330 1716 2355 cavet<

1024 2364 1191 2395 Pontifices
1221 2375 1237 2395 e
1268 2365 1412 2405 pecuniae
1439 2365 1557 2396 ratione
1583 2366 1725 2404 judicari

1023 2408 1147 2444 volunt,
1164 2409 1218 2447 qui
1235 2410 1328 2438 sacris
1344 2414 1496 2438 teneatur.

1076 2459 1113 2482 55
1147 2451 1200 2480 hac
1222 2450 1341 2480 scientia
1364 2450 1446 2479 illam
1473 2450 1601 2490 eluditis]
1634 2450 1718 2481 illam

1024 2494 1044 2523 i.
1057 2503 1085 2523 e.
1102 2494 1320 2524 auctoritatem
1339 2493 1569 2524 pontificalem.
1613 2494 1719 2533 Vulgo

1021 2543 1069 2566 est
1084 2536 1148 2566 illa.
1173 2536 1269 2573 male,
1289 2544 1369 2566 recte
1393 2537 1527 2568 correxit
1547 2537 1717 2568 Turnebus

1023 2579 1118 2609 illam.

1069 2626 1107 2652 56
1131 2622 1181 2663 qui
1211 2621 1388 2651 tantumdem
1417 2620 1543 2660 caperet]
1576 2621 1717 2653 Quidam

1023 2664 1092 2694 libri
1117 2670 1262 2702 caperent,
1278 2665 1363 2703 quod
1388 2672 1418 2694 et
1441 2665 1587 2695 Davisius
1610 2666 1718 2696 edidit.

1025 2708 1084 2737 Res
1100 2708 1211 2737 eodem
1228 2708 1314 2738 redit.
1330 2709 1383 2738 sed
1400 2713 1533 2746 caperent
1548 2713 1656 2738 tamen
1672 2715 1718 2738 est

1023 2749 1145 2780 facilius
1168 2757 1199 2780 et
1220 2750 1346 2781 elarius.
1372 2760 1448 2780 nam
1472 2760 1536 2780 non
1561 2752 1656 2781 modo
1678 2751 1715 2780 ad

1022 2792 1164 2832 singulos
1182 2795 1327 2833 pertinet,
1343 2794 1396 2823 sed
1419 2793 1515 2823 etiam
1538 2794 1576 2825 ad
1599 2793 1717 2835 plures,

1024 2843 1061 2869 ut
1074 2836 1237 2876 legatarios
1253 2846 1365 2868 omnes
1379 2835 1491 2870 simul.
