1844 3202
601 118 1009 158 FRAGMENTA.
1444 117 1521 160 007

85 230 178 289 jam
199 229 435 271 inveteratis
461 228 624 276 litteris,
647 235 773 283 atque
799 224 1017 275 doctrinis,
1037 222 1236 278 omnique
1259 222 1331 263 illo
1351 222 1525 277 antiquo

91 303 142 330 ex
160 286 318 328 inculta
336 285 554 327 hominum
575 284 658 325 vita
677 296 815 324 errore
835 281 1018 331 sublato,
1039 280 1167 320 fuisse
1188 279 1412 319 cernimus.

148 344 207 386 D.
227 344 357 385 Auo.
383 341 559 393 ibidem.)
591 342 654 382 Ex
681 355 767 396 quo
795 337 975 394 intelligi
997 345 1151 392 potest,
1170 334 1391 389 permultis
1410 335 1526 375 annis

92 410 189 442 ante
219 401 457 441 Homerum
489 397 632 448 fuisse,
654 411 781 452 quam
814 394 1070 437 Romulum:
1101 400 1150 433 ut
1173 391 1263 448 jam
1290 390 1427 431 doctis
1448 391 1527 431 lio-

93 456 292 507 minibus,
313 470 362 496 ac
382 454 644 509 temporibus
667 453 766 510 ipsis
786 451 961 494 eruditis
983 449 1034 491 ad
1056 447 1302 504 fingendum
1326 447 1388 487 vix
1410 448 1528 502 quic-

94 527 222 570 quam
254 519 363 553 esset
390 510 488 552 loci.
517 511 744 566 antiquitas
764 509 876 550 enim
898 507 1045 563 recipit
1064 504 1242 554 fabulas,
1263 504 1379 545 fictas
1400 504 1528 544 etiam

94 582 416 624 nonnumquam
462 567 690 609 incondite.
751 568 858 608 Haec
898 574 999 606 aetas
1038 573 1198 612 autem,
1232 561 1325 618 jam
1364 559 1531 601 exculta

92 625 340 682 praesertim,
361 634 404 666 et
423 624 602 676 erudita,
621 637 746 666 omne
768 622 884 679 quod
904 621 990 663 fieri
1011 635 1094 662 non
1115 627 1271 675 potest,
1292 616 1465 672 respuit.

149 682 407 723 LAcTANT.
439 680 509 722 lib.
531 691 570 722 5.
591 696 625 722 c.
652 691 710 731 19.
743 681 941 721 SENECA
974 676 1043 719 lib.
1072 687 1130 727 19.
1162 674 1279 731 epist.
1310 676 1368 727 4.)
1401 672 1532 729 Apud

92 738 278 780 Ennium
301 739 361 779 sic
381 738 570 794 loquitur
585 737 826 788 Africanus,

201 817 241 856 Si
247 817 314 866 fas
332 816 413 854 endo
427 817 555 867 plagas
572 816 742 852 coelcstum
760 813 932 851 ascendere
948 813 1101 864 cuiquam
1121 819 1182 855 est,

252 872 313 908 Mi
331 871 390 907 soli
407 870 482 906 coelz‘
502 870 652 906 maxima
665 876 764 920 porta
779 878 887 919 patet.

149 948 227 988 Est
261 961 375 997 vero,
408 943 559 1001 inquit,
593 942 809 985 Africane.
846 956 942 982 nam
978 951 1021 983 et
1055 938 1234 982 Herculi
1263 938 1412 980 eadem
1447 938 1537 994 ipsa

93 1015 216 1060 porta
239 1003 389 1059 patuit.

152 1061 351 1102 SENr-:cA
375 1057 491 1110 ilrid.)

202 1129 271 1166 Hic
287 1136 335 1165 est
354 1127 409 1163 ille
426 1127 526 1170 situs,
545 1126 598 1162 cui
617 1138 707 1161 nemo
725 1124 820 1166 eivs,
841 1136 942 1175 neque
960 1123 1073 1166 hostis,

71 1216 91 1238 κ
259 1181 386 1231 Qui-vit
400 1180 579 1231 profactis
599 1178 733 1215 reddere
752 1188 842 1227 oprae
855 1178 1014 1228 pretium.

150 1251 208 1293 D.
231 1250 361 1293 AUG.
381 1250 450 1292 lib.
473 1261 511 1292 3.
534 1265 568 1292 c.
591 1261 653 1291 15ι
677 1249 819 1303 Civit.)
861 1252 886 1277 ³*
901 1257 1068 1291 tantum
1095 1257 1160 1290 est
1184 1257 1454 1299 consecutus,
1477 1259 1538 1299 ut,

96 1323 196 1350 cum
217 1307 360 1349 subito
381 1308 470 1350 sole
491 1308 733 1357 obscurato,
755 1321 841 1348 non
859 1306 1178 1361 comparuisset,
1196 1305 1372 1346 deorum
1395 1305 1436 1346 in
1459 1320 1538 1345 nu-

99 1379 218 1407 mero
238 1364 471 1406 collocatus
492 1371 710 1420 putaretur
728 1380 738 1404 z
770 1377 897 1419 quam
918 1363 1158 1418 opinionem
1189 1376 1314 1403 nemo
1334 1376 1538 1418 umquam

100 1421 290 1464 mortalis
312 1422 478 1478 assequi
499 1421 639 1477 potuit
660 1420 747 1461 sine
768 1420 920 1461 eximia
937 1419 1102 1461 virtutis
1122 1418 1273 1475 gloria.

157 1479 215 1520 D.
236 1479 366 1520 AUG.
390 1477 460 1521 lib.
481 1488 546 1519 22.
568 1487 655 1532 cap.
679 1481 734 1529 6.)
764 1477 988 1532 Propterea
1008 1484 1051 1517 et
1073 1475 1201 1517 istum
1224 1490 1308 1516 non
1329 1474 1539 1516 creditum

101 1535 211 1578 inter
239 1535 357 1576 Deos
386 1544 603 1590 receptum
634 1533 708 1574 tali
738 1542 890 1584 morte,
911 1532 1009 1588 quia
1039 1532 1216 1573 fortasse
1245 1531 1360 1587 quod
1390 1541 1478 1572 erat
1498 1532 1540 1572 in

101 1587 287 1634 Romulo
307 1591 549 1647 probatum,
576 1590 758 1632 Romani
784 1589 957 1645 vulgare
985 1589 1227 1639 noluerunt,
1247 1589 1282 1629 si
1313 1588 1394 1630 hoc
1417 1599 1457 1629 et
1479 1588 1541 1628 al-

100 1649 179 1691 teri
199 1648 469 1690 tribueretur.

159 1707 310 1747 LACT.
332 1704 402 1745 lib.
424 1714 463 1744 5.
483 1713 571 1758 cap.
601 1704 676 1756 19.)
701 1703 809 1744 Vult
829 1702 952 1758 plane
971 1702 1101 1743 virtus
1118 1702 1349 1743 honorem:
1380 1715 1455 1742 nec
1479 1708 1543 1742 est

101 1761 266 1803 virtutis
285 1761 374 1802 ulla
393 1759 475 1801 alia
493 1773 666 1810 merces,
686 1773 812 1815 quam
834 1768 974 1799 tamen
996 1758 1067 1799 illa
1085 1759 1238 1813 accipit
1258 1757 1394 1808 facile,
1410 1757 1543 1813 exigit

102 1833 188 1860 non
215 1818 377 1859 acerbe.
408 1816 483 1858 sed
511 1816 545 1856 si
571 1824 644 1856 aut
674 1815 829 1871 ingrati
854 1815 1048 1865 universi,
1071 1825 1144 1856 aut
1164 1814 1292 1855 invidi
1310 1815 1449 1865 multi,
1471 1823 1544 1855 aut

99 1874 258 1918 inimici
288 1882 483 1930 potentes
514 1873 600 1914 suis
632 1872 828 1913 virtutem
861 1872 1045 1927 praemiis
1079 1872 1277 1927 spoliant,
1303 1886 1367 1912 nae
1399 1871 1471 1912 illa
1501 1886 1545 1912 se

103 1942 246 1974 tamen
278 1930 422 1971 multis
444 1929 602 1970 solatiis
622 1928 822 1979 oblectat,
845 1929 1113 1983 maximeque
1143 1942 1221 1969 suo
1242 1928 1395 1969 decore
1415 1942 1458 1969 se
1480 1928 1547 1983 ip-

102 2002 193 2031 sam
214 1995 435 2028 sustentat.

157 2045 215 2086 D.
236 2044 368 2085 Aue..
391 2042 460 2084 lib.
481 2051 545 2082 2¹2.
569 2051 657 2096 cap.
679 2044 718 2082 6.
743 2040 885 2092 Civit.)
917 2040 1002 2081 Sed
1029 2040 1095 2081 his
1117 2040 1267 2095 poeniS,
1290 2055 1394 2096 quas
1414 2042 1543 2083 etiam

105 2100 342 2143 stultissimi
357 2099 557 2150 sentiunt,
577 2106 781 2154 egestate,
796 2096 973 2147 exsuli0‚
994 2097 1183 2148 vinculis,
1199 2097 1440 2139 verberibus
1457 2098 1544 2139 ela-

103 2159 265 2200 buntur
295 2171 407 2212 saepe
439 2155 602 2211 privati,
637 2154 782 2195 oblata
816 2153 967 2195 mortis
1002 2153 1229 2195 celeritate.
1291 2154 1545 2196 Civitatibus

104 2223 247 2256 autem
281 2227 395 2254 mors
428 2213 519 2267 ipsa
545 2226 671 2267 poena
702 2219 791 2251 est:
823 2225 918 2265 quae
951 2210 1114 2251 videtur
1145 2225 1169 2251 a
1202 2225 1329 2265 poena
1356 2211 1546 2267 singulos

104 2271 326 2312 vindicare.
345 2269 472 2310 debet
488 2269 601 2310 enim
621 2267 852 2308 constituta
871 2266 929 2307 sic
947 2281 1036 2308 esse
1054 2267 1213 2314 civitas,
1233 2276 1282 2308 ut
1302 2276 1458 2309 aeterna
1477 2269 1545 2309 sit.

106 2328 256 2382 Itaque
283 2325 424 2368 nullus
455 2324 649 2366 interitus
679 2334 744 2365 est
769 2323 1013 2378 reipublicae
1039 2324 1256 2375 naturalis,
1277 2335 1324 2366 ut
1345 2324 1545 2374 hominis,

104 2383 146 2425 in
168 2396 253 2438 quo
273 2397 388 2423 mors
417 2396 501 2423 non
529 2380 660 2422 modo
692 2379 924 2420 necessaria
943 2389 1020 2431 est,
1041 2394 1187 2421 verum
1209 2380 1337 2422 etiam
1359 2381 1547 2437 optanda

105 2452 309 2497 persaepe.
367 2438 525 2479 Civitas
553 2446 695 2478 autem
725 2451 824 2478 cum
850 2435 1028 2487 tollitur,
1049 2435 1227 2487 deletur,
1248 2438 1545 2493 exstinguitur,

109 2495 247 2538 simile
270 2502 335 2535 est
355 2493 688 2550 quodammodo,
708 2504 759 2534 ut
787 2492 954 2548 magnis
982 2507 1106 2548 parva
1137 2494 1420 2544 conferamus,
1441 2509 1490 2535 ac
1511 2494 1543 2534 si

110 2551 250 2596 omnis
271 2550 340 2592 hic
361 2552 546 2592 mundus
566 2550 760 2600 intereat,
780 2563 828 2590 ac
849 2549 1059 2591 concidat.

164 2609 224 2651 D.
244 2607 376 2650 AUG.
399 2606 468 2648 lib.
486 2617 526 2648 2.
554 2617 643 2661 cap.
665 2616 729 2647 21.
754 2605 894 2659 Civit.)
931 2606 1186 2662 Respublica
1210 2615 1274 2647 est
1295 2621 1360 2647 res
1382 2605 1546 2662 populi.

113 2663 299 2721 Populus
319 2672 462 2705 autem
481 2678 566 2705 non
592 2663 728 2704 omnis
749 2672 887 2705 coetus
906 2662 1207 2713 multitudinis,
1229 2662 1301 2704 sed
1323 2671 1459 2703 coetus
1473 2662 1548 2718 ju-

112 2722 170 2765 ris
191 2735 415 2772 consensu,
432 2728 475 2762 et
493 2719 688 2762 utilitatis
707 2719 1010 2761 communione
1030 2720 1229 2761 sociatus.

167 2778 228 2820 D.
247 2777 323 2819 Au
332 2790 378 2819 G.
397 2776 576 2830 ibidem.)
619 2775 873 2833 Respublica
901 2790 966 2817 res
986 2786 1050 2817 est
1069 2776 1233 2832 populi,
1253 2789 1350 2817 cum
1374 2775 1481 2816 bene
1501 2789 1551 2817 ac

107 2833 224 2892 juste
241 2832 418 2891 geritur,
433 2832 518 2876 sive
535 2833 589 2875 ab
608 2847 696 2875 uno
715 2845 832 2889 rege,
849 2832 933 2875 sive
951 2846 977 2874 a
997 2832 1141 2889 paucis
1159 2831 1452 2890 optimatibus,
1468 2832 1551 2874 sive
