1844 3202
289 117 370 160 ⁸70
775 110 854 149 DE
889 112 1225 152 PETITIONE

287 228 445 286 gasset,
467 234 592 277 quam
614 219 742 272 illius,
757 220 831 285 qui
852 221 1089 277 recepisset.
1112 222 1170 264 sic
1190 221 1382 264 homines
1404 222 1541 264 fronte
1561 230 1604 264 et
1624 237 1719 265 ora-

287 278 405 319 tione
425 278 575 333 magis,
598 291 724 333 quam
757 278 847 333 ipso
875 278 1080 318 beneficio
1110 293 1237 335 reque
1262 279 1499 334 capiuntur.
1555 281 1717 321 Verum

288 334 372 376 hoc
405 334 624 391 probabile
654 342 742 375 est:
784 334 889 375 illud
919 334 1098 375 alterum
1130 335 1361 377 subdurum
1393 345 1432 368 ¹⁵
1450 335 1528 376 tibi
1556 335 1720 377 homini

289 391 507 433 Platonico
528 390 728 432 suadere:
759 390 832 430 sed
852 399 992 431 tamen
1014 392 1195 446 tempori
1216 400 1289 433 tuo
1310 392 1544 433 consulam.
1566 393 1719 448 quibus

286 447 401 489 enim
435 458 475 489 te
512 456 683 502 propter
718 446 890 502 aliquod
921 446 1104 487 officium
1140 448 1457 489 necessitudinis
1490 449 1719 489 affuturum

288 505 471 559 negaris,
492 513 634 544 tamen
661 503 688 543 ii
716 511 892 558 possunt
912 503 987 543 abs
1009 511 1050 543 te
1072 503 1240 558 placati,
1263 505 1456 560 aequique
1477 505 1720 546 discedere:

288 561 441 626 quibus
461 568 601 601 autem
625 558 782 599 idcirco
805 558 986 622 negaris,
1007 560 1123 614 quod
1153 568 1195 600 te
1223 560 1472 615 impeditum
1495 562 1585 602 ’6556
1607 561 1722 602 dixe-

287 617 345 658 ris
365 625 438 658 aut
459 615 691 657 amicorum
713 615 911 671 negotiis,
928 623 1001 655 aut
1016 629 1117 671 grav
1110 616 1277 657 ioribus
1298 617 1448 681 causis,
1465 626 1561 658 ante
1578 631 1722 658 511566-

287 673 397 729 ptis3
429 672 588 713 inimici
610 672 862 713 discedunt:
895 686 1128 728 omnesque
1157 672 1239 714 hoc
1269 674 1410 714 animo
1442 682 1552 724 sunt,
1573 683 1622 715 ut
1642 673 1722 714 sibi

286 738 330 771 te
351 729 519 770 mentiri
539 728 702 778 malint,
722 743 849 784 quam
871 743 1040 783 negare.
1103 729 1155 770 C.
1175 729 1380 780 Cotta,'1n
1403 705 1633 771 ambitione
1655 744 1722 771 ar-

286 786 405 837 tifex,
427 785 565 826 dicere
585 785 762 835 solebat,
784 800 828 826 se
849 799 1019 840 operam
1042 800 1176 836 suam,
1196 787 1338 850 quoad
1361 801 1445 827 non
1466 795 1612 827 contra
1631 787 1724 827 offi-

287 842 402 883 cium
432 850 667 906 rogaretur,
687 841 874 896 polliceri
900 841 1033 882 solere
1060 842 1300 893 omnibus,
1291 843 1504 907 impertire
1526 843 1589 893 iis,
1610 843 1723 898 apud

289 913 396 954 quos
416 899 578 953 optime
599 898 699 953 poni
720 898 1024 938 arbitraretur:
1058 898 1153 939 ideo
1175 914 1219 939 se
1239 899 1395 940 nemini
1418 914 1586 955 negare,
1610 900 1725 955 quod

289 969 401 1019 saepe
421 954 643 1004 accideret,
661 962 708 995 ut
728 954 777 1004 is,
798 954 867 994 cui
886 954 1098 1008 pollicitus
1119 963 1242 1005 esset,
1265 970 1349 996 non
1370 965 1576 997 uteretur:
1600 970 1726 1011 saepe,

288 1020 339 1052 ut
361 1011 450 1066 ipse
468 1010 606 1074 magis
629 1018 738 1051 esset
758 1024 927 1075 vacuus,
950 1025 1077 1065 quam
1099 1019 1316 1066 putasset:
1348 1026 1482 1076 neque
1501 1026 1626 1067 posse
1645 1012 1723 1053 do-

289 1082 409 1108 mum
441 1082 532 1123 ejus
562 1066 781 1122 compleri,
810 1067 883 1122 qui
915 1075 1081 1108 tantum
1114 1068 1244 1109 modo
1278 1068 1498 1124 reciperet,
1520 1077 1725 1124 quantum

289 1124 448 1165 videret
468 1138 511 1164 56
530 1124 648 1164 obire
667 1137 813 1179 posse:
837 1138 938 1164 casu
960 1123 1059 1174 fieri,
1077 1133 1124 1165 ut
1145 1133 1324 1180 agantur
1344 1140 1406 1174 ea,
1429 1140 1523 1181 quae
1543 1139 1626 1165 non
1648 1141 1727 1180 pu-

288 1181 412 1232 taris;
435 1180 521 1232 illa,
538 1196 632 1236 quae
655 1179 909 1221 credideris
900 1195 941 1221 m
963 1180 1158 1222 manibus
1179 1196 1284 1233 6556,
1302 1190 1348 1222 111
1369 1181 1509 1238 aliqua
1530 1181 1582 1222 de
1601 1196 1728 1223 causa

289 1252 374 1278 non
411 1246 616 1293 agantur:
660 1236 812 1278 deinde
848 1251 938 1277 esse
975 1247 1227 1289 extremum,
1259 1247 1308 1279 ut
1343 1238 1545 1279 irascatur
1576 1239 1624 1287 is,
1657 1238 1725 1280 cui

288 1294 556 1335 mendacium
589 1293 755 1334 dixeris.
797 1292 840 1334 id
867 1294 900 1334 si
930 1294 1168 1349 promittas,
1199 1304 1242 1336 et
1271 1295 1475 1336 incertum
1506 1304 1584 1344 est,
1614 1304 1656 1336 et
1685 1295 1725 1335 in

288 1350 418 1402 diem,
440 1358 483 1391 et
502 1350 544 1391 in
566 1350 850 1406 paucioribus.
882 1350 946 1391 sin
975 1360 1115 1392 autem
1143 1351 1185 1392 id
1212 1366 1389 1406 negeS,
1376 1361 1418 1392 et
1439 1360 1550 1392 certe
1572 1351 1729 1392 abalie-

290 1422 379 1458 nes,
400 1415 443 1448 et
471 1407 628 1457 statim,
655 1415 698 1447 et
725 1407 892 1462 plures:
923 1407 1064 1462 plures
1096 1408 1209 1449 enim
1243 1407 1381 1449 multo
1413 1417 1524 1458 sunt,
1553 1407 1625 1464 qui
1657 1422 1725 1449 ro-

245 1478 278 1509 b.
290 1474 410 1520 gant,
431 1472 481 1505 ut
508 1463 570 1504 uti
597 1464 721 1504 liceat
746 1478 874 1519 opera
894 1464 1080 1515 alterius,
1102 1479 1228 1520 quam
1250 1464 1322 1520 qui
1343 1473 1528 1506 utantur.
1586 1465 1729 1506 Ouare

292 1521 423 1562 satius
443 1528 522 1571 est,
543 1535 594 1561 ex
616 1520 666 1560 iis
694 1519 858 1575 aliquos
886 1520 1112 1585 aliquando
1144 1521 1221 1562 tibi
1253 1522 1295 1561 in
1322 1521 1415 1562 foro
1443 1521 1577 1571 irasci,
1601 1536 1727 1577 quam

287 1591 436 1619 omnes
453 1577 656 1618 continuo
670 1576 809 1618 domi.
827 1577 1058 1631 praesertim
1076 1592 1174 1618 cum
1192 1577 1329 1618 multo
1346 1577 1482 1632 magis
1499 1577 1730 1619 irascantur

288 1634 342 1685 ei,
364 1634 435 1689 qui
458 1642 599 1688 neget,
620 1648 746 1688 quam
765 1633 818 1683 ei,
835 1648 960 1688 quem
983 1633 1150 1675 videant
1171 1633 1289 1689 justa
1305 1647 1430 1674 causa
1417 1611 1727 1697 Oimpeditum·
1715 1665 1728 1685 ,

288 1699 338 1732 ut
358 1691 510 1739 facere,
529 1689 644 1745 quod
666 1689 874 1745 promisit,
894 1690 1053 1744 cupiat,
1075 1691 1109 1730 si
1131 1690 1220 1730 ullo
1240 1690 1372 1730 modo
1393 1690 1539 1745 possit.
1587 1691 1654 1731 Ac
1676 1705 1728 1731 ne.

288 1746 430 1787 videar
450 1747 661 1787 aberrasse
682 1761 706 1787 a
725 1745 1021 1787 distributione
1041 1761 1148 1796 mea,
1167 1746 1237 1802 qui
1259 1746 1381 1787 haec
1374 1762 1414 1787 m
1436 1746 1515 1787 hac
1536 1746 1731 1802 populari

287 1811 408 1859 parte
429 1802 641 1858 petitionis
662 1802 904 1857 disputem
938 1802 1021 1844 1106
1046 1817 1224 1858 sequor3
1256 1803 1347 1844 haec
1369 1803 1511 1844 omnia
1531 1818 1614 1844 non
1639 1813 1725 1844 tam

288 1859 343 1901 ad
374 1860 608 1900 amicorum
637 1859 790 1909 studia,
810 1874 938 1914 quam
967 1859 1021 1900 ad
1049 1859 1297 1915 popularem
1328 1860 1483 1900 famam
1505 1859 1730 1914 pertinere.

289 1916 370 1957 etsi
399 1916 512 1957 enim
544 1916 652 1957 inest
681 1916 842 1971 aliquid
870 1916 1048 1957 ductum
1076 1931 1126 1956 ex
1158 1915 1231 1957 illo
1261 1930 1430 1972 genere,
1452 1916 1634 1971 benigne
1664 1931 1730 1957 re-

290 1973 511 2029 spondere,
534 1972 751 2014 studiose
742 1972 935 2013 inservire
956 1972 1152 2028 negotiis,
1173 1987 1221 2014 ac
1253 1973 1448 2028 periculis
1468 1972 1728 2015 amicorum·

289 2038 432 2070 tamen
458 2029 540 2070 hoc
565 2029 662 2070 loco
690 2043 739 2070 ea
766 2028 877 2079 dico,
898 2006 1052 2084 quibus
1074 2029 1388 2070 multitudinem
1409 2043 1556 2084 capere
1577 2029 1730 2084 possis,

291 2094 340 2127 ut
362 2085 414 2127 de
436 2095 560 2127 nocte
582 2085 736 2126 domus
756 2086 1048 2141 compleatur;
1073 2095 1120 2126 ut
1143 2086 1265 2127 multi
1286 2099 1359 2140 spe
1382 2085 1444 2127 tui
1464 2085 1645 2140 praesidii
1665 2095 1730 2127 te-

292 2151 481 2192 neantur,
502 2150 550 2183 ut
574 2141 794 2183 amiciores
819 2142 893 2183 abs
920 2151 962 2183 te
989 2141 1220 2192 discedant,
1242 2157 1369 2198 quam
1398 2143 1660 2194 accesserint,
1682 2149 1730 2182 ut

214 2202 278 2250 13
294 2213 421 2263 quam
450 2198 729 2253 plurimorum
750 2213 870 2240 aures
890 2198 1053 2254 optimo
1075 2214 1267 2240 sermone
1288 2198 1593 2254 compleantur.
1647 2173 1729 2239 ³Se-

292 2255 450 2311 quitur,
471 2263 520 2296 ut
538 2254 589 2295 de
608 2269 779 2297 rumore
799 2255 1024 2296 dicendum
1047 2255 1132 2297 sit:
1171 2256 1240 2296 cui
1260 2256 1440 2296 maxime
1463 2254 1726 2295 serviendum

291 2320 369 2353 est.
401 2311 474 2352 sed
505 2327 601 2367 quae
634 2312 747 2353 dicta
774 2320 872 2353 sunt
905 2312 1021 2353 omni
1050 2311 1253 2367 superiori
1283 2311 1485 2361 oratione,
1506 2311 1653 2351 eadem
1676 2311 1729 2352 ad

290 2367 590 2409 celebrandum
611 2382 826 2409 rumorem
848 2368 998 2419 valent,
1015 2368 1182 2409 dicendi
1201 2368 1307 2418 laus,
1324 2367 1463 2408 studia
1482 2367 1731 2421 publicano-

291 2439 401 2475 rum,
423 2433 466 2466 et
496 2424 701 2480 equestris
730 2425 903 2475 ordinis,
924 2425 1146 2465 hominum
1168 2424 1375 2465 nobilium
1396 2424 1604 2473 voluntas,
1625 2424 1729 2466 ado-

290 2480 621 2522 lescentulorum
658 2481 906 2546 frequentia,
941 2496 1104 2532 eorum,
1140 2481 1211 2537 qui
1244 2480 1318 2521 abs
1351 2489 1393 2521 te
1427 2480 1586 2520 defensi
1617 2488 1728 2531 sunt,

291 2537 529 2588 assiduitas,
563 2551 614 2578 ex
643 2538 881 2593 municipiis
911 2537 1143 2579 multitudo
1174 2551 1335 2587 eorum,
1361 2551 1469 2592 quos
1500 2546 1572 2577 tua
1601 2549 1728 2577 causa

289 2593 451 2636 venisse
478 2602 704 2650 appareat:
737 2595 844 2635 bene
865 2603 911 2635 ut
929 2594 1122 2635 homines
1143 2608 1280 2644 nosse,
1302 2593 1480 2634 comiter
1501 2593 1726 2648 appellare,

289 2650 457 2692 assidue
476 2665 525 2691 ac
546 2649 772 2706 diligenter
796 2659 954 2706 petere,
977 2650 1209 2706 benignum
1230 2664 1278 2691 ac
1300 2649 1516 2691 liberalem
1536 2663 1641 2700 esse,
1662 2649 1726 2690 lo-

332 2803 372 2827 45
404 2796 459 2826 tibi
477 2796 584 2826 homini
605 2793 769 2837 Platonico]
792 2796 864 2826 Hoc
887 2807 954 2829 non
976 2797 1091 2838 placet,
1108 2802 1144 2828 ut
1164 2802 1195 2828 et
1215 2796 1285 2828 aliis
1302 2806 1366 2828 non
1383 2796 1552 2838 probatum
1566 2801 1623 2826 est.
1647 2804 1727 2835 quo·

290 2840 386 2870 modo
400 2840 625 2881 corrigendum
639 2840 691 2879 sit,
707 2849 773 2871 non
788 2840 898 2880 reperi.
