1844 3202
649 131 727 168 DE
770 129 1072 169 AMICITIA.
1495 138 1566 171 821

151 247 193 281 et
213 239 391 281 maxime
410 237 483 280 illo
511 237 674 287 solatio,
696 236 811 293 quod
832 251 883 276 eo
903 250 1043 277 errore
1063 250 1199 286 careo,
1219 250 1318 291 quo,
1341 238 1571 280 amicorum

151 296 338 344 decessu,
370 295 553 351 plerique
583 293 680 349 angi
711 293 859 334 solent.
879 292 981 333 nihil
1010 292 1119 332 enim
1144 291 1242 332 mali
1261 293 1459 335 accidisse
1480 296 1572 337 Sci-

150 353 264 407 pioni
296 362 412 407 puto.
441 351 543 391 mihi
570 349 736 396 accidit,
767 350 800 390 si
829 349 929 404 quid
957 349 1122 390 accidit.
1143 348 1228 389 suis
1248 358 1387 389 autem
1410 350 1573 392 incom-

149 409 286 449 modis
316 407 495 462 graviter
525 407 637 461 angi,
658 421 740 447 non
772 407 969 455 amicum,
990 405 1062 446 sed
1091 406 1271 460 seipsum
1300 408 1476 446 amantis
1496 412 1617 448 est.b-

152 464 261 505 Cum
295 463 367 503 illo
398 477 491 503 vero
522 464 614 517 quis
645 471 770 518 neget
799 473 938 502 actum
971 476 1061 502 esse
1089 461 1317 517 praeelare?
1350 462 1427 503 nisi
1448 463 1575 514 enim,
1594 473 1633 503 ιι

149 519 260 576 φωτὶ
301 519 369 559 iile
411 519 580 559 minime
627 520 815 573 putabat,
855 518 1214 559 immortalitatem
1256 529 1400 574 optare
1437 519 1576 569 vellet,

149 575 250 630 quid
288 590 367 615 non
404 588 468 616 est
499 576 690 631 adepms,
722 575 834 631 quod
869 575 1029 615 homini
1061 576 1121 615 fas
1155 585 1261 615 esset
1295 576 1472 630 optare?
1505 576 1578 630 qui

149 645 357 672 sumniam
389 646 504 686 spem
537 632 704 679 civium,
735 647 859 686 quam
891 631 941 671 de
973 645 1022 672 eo
1046 631 1138 687 jam
1168 645 1298 686 puero
1331 632 1576 682 habuerant,

149 690 351 728 continno
372 689 611 729 adolescens
635 688 864 728 incredibili
897 688 1046 728 virtute
1074 688 1292 738 superavit.
1319 688 1390 743 qui
1423 702 1578 728 consu-

149 744 281 785 latum
303 745 446 800 pexivit
468 759 710 800 numquam,
734 745 866 785 factus
889 754 952 785 est
985 745 1130 785 consul
1154 744 1216 784 bis
1235 761 1245 785 ε
1276 745 1457 799 primuni
1480 754 1577 786 ante

149 809 345 855 tempus;
377 802 523 841 iternin
559 802 650 850 sibi,
677 816 753 842 suo
787 810 1002 855 tenipore;
1034 800 1292 854 reipublicae,
1316 815 1432 855 paene
1455 815 1574 842 sero:

149 857 236 912 qui,
257 857 418 898 duabus
449 858 620 898 urbibus
647 857 810 905 eversis,
832 857 1125 897 inimicissimis
1158 856 1256 897 huic
1282 857 1471 912 irnperio,
1493 872 1577 898 non

149 913 278 954 modo
299 915 532 968 praesentia,
553 929 693 954 verum
716 914 840 954 etiam
863 914 1003 954 futura
1024 913 1132 954 bella
1154 913 1318 954 delevit.
1378 913 1492 955 Quid
1515 914 1579 955 di-

149 983 240 1011 cam
271 970 322 1010 dc
349 971 535 1011 moribus
563 970 801 1011 facillimis?
835 970 886 1010 de
914 971 1065 1024 pietate
1087 970 1127 1010 in
1158 972 1363 1010 matrem?
1397 970 1578 1012 liberali·

149 1034 236 1067 tate
267 1027 304 1067 in
336 1029 529 1068 sorores?
563 1027 750 1068 bonitate
779 1027 818 1067 in
851 1028 980 1067 suos?
1007 1027 1170 1081 justitia
1201 1027 1241 1067 in
1271 1029 1445 1067 omnes?
1479 1037 1579 1068 nota

149 1093 246 1122 sunt
267 1083 381 1123 vobis
399 1101 408 1124 ε
440 1098 564 1139 qnam
588 1093 724 1124 autem
749 1084 903 1124 civitati
923 1098 1042 1124 carus
1064 1083 1204 1133 fuerit,
1226 1098 1401 1124 maerorc
1422 1084 1578 1124 funeris

148 1138 378 1179 indicatum
410 1149 487 1180 est.
546 1140 661 1195 Quid
701 1141 828 1195 igitur
859 1140 970 1180 hunc
1010 1154 1240 1194 paucorum
1272 1154 1475 1180 annorum
1507 1155 1578 1181 ac-

148 1195 282 1235 cessio
304 1198 449 1251 juva;·e
475 1197 709 1251 potuisset?
743 1206 932 1236 senectus
966 1197 1074 1236 enim
1099 1196 1285 1251 quamvis
1306 1210 1388 1236 non
1409 1196 1462 1236 sit
1480 1211 1578 1251 gra-

146 1251 220 1300 vis,
242 1263 287 1292 ut
310 1253 478 1293 memini
503 1252 708 1293 Catonem
741 1267 850 1293 anno
880 1263 990 1301 ante,
1012 1267 1136 1308 quam
1169 1262 1360 1293 mortuus
1389 1262 1467 1303 est,
1487 1267 1577 1293 me-

148 1321 245 1348 cum
264 1319 306 1349 ct
325 1323 420 1350 cum
444 1309 637 1364 Scipione
655 1309 868 1359 disserere,
887 1320 1026 1348 tamen
1046 1308 1182 1349 aufert
1202 1323 1291 1349 earn
1311 1309 1577 1360 viriditatem,

146 1364 190 1404 in
211 1379 291 1419 qna
310 1366 539 1406 etiamnum
561 1375 647 1407 erat
669 1365 825 1420 Scipio.
883 1365 1171 1421 Quamobrem
1193 1366 1275 1406 vita
1297 1366 1463 1420 quidem
1483 1366 1577 1407 talis
1594 1376 1641 1408 12

147 1420 242 1469 suit,
274 1422 332 1462 vel
366 1423 547 1472 fortuna,
578 1422 642 1463 vel
670 1422 818 1477 gloria,
849 1431 896 1462 ut
928 1422 1027 1462 nibil
1060 1431 1201 1476 posset
1229 1422 1441 1463 accedere.
1482 1437 1576 1463 mo-

148 1476 281 1518 riendi
303 1490 444 1519 autem
465 1493 630 1519 sensum
652 1478 842 1519 celeritas
863 1478 1049 1519 abstulit.
1071 1492 1155 1534 quo
1184 1478 1235 1518 de
1255 1492 1409 1534 genere
1430 1479 1577 1520 mortis

147 1532 314 1575 difficile
341 1534 456 1576 dictu
487 1545 579 1576 est:
612 1535 712 1590 quid
744 1534 933 1575 homines
961 1535 1238 1590 suspicentur,
1258 1535 1419 1576 videtis.
1479 1536 1579 1577 Hoc

146 1596 288 1631 tamen
317 1605 408 1632 vere
440 1591 534 1632 licet
563 1590 714 1640 dicere,
747 1592 790 1631 P.
813 1591 1012 1646 Scipioni,
1041 1605 1092 1631 ex
1118 1591 1261 1632 multis
1291 1591 1452 1643 diebus,
1473 1607 1579 1648 quos

146 1645 190 1686 in
210 1647 292 1688 vita
310 1648 617 1698 celeberrimos,
640 1648 960 1703 laetissimosque
981 1648 1140 1697 viderit,
1161 1647 1278 1688 illum
1302 1647 1414 1688 diem
1435 1648 1579 1689 claris-

147 1701 301 1744 simum
329 1705 470 1754 fuisse,
498 1719 610 1754 cuni,
633 1714 779 1744 senatu
808 1704 996 1753 dimisso,
1017 1703 1191 1744 domum
1221 1704 1418 1745 reduetus
1438 1705 1491 1746 ad
1510 1719 1601 1746 ve-⁷

147 1771 313 1813 sperum
338 1770 414 1810 est,
435 1775 459 1800 a
480 1761 666 1815 patribus
688 1761 950 1815 conscriptis,
971 1775 995 1800 a
1016 1760 1162 1816 populi
1193 1760 1370 1801 Romani
1391 1761 1514 1802 sociis
1535 1769 1579 1803 et

145 1815 322 1858 Latinis.
342 1816 472 1871 pridie
492 1832 617 1872 quarn
647 1817 821 1857 excessit
842 1831 865 1857 e
892 1817 973 1857 vita
995 1833 1004 1856 :
1033 1826 1080 1857 ut
1101 1831 1150 1857 ex
1178 1828 1265 1857 tam
1287 1817 1374 1858 alto
1395 1818 1578 1874 dignita-

145 1871 199 1911 tis
218 1873 355 1926 gradu
380 1882 396 1905 ⁵
415 1873 466 1914 ad
487 1888 658 1928 superos
678 1874 862 1914 videatur
883 1873 1036 1928 potius,
1059 1888 1184 1928 quam
1217 1873 1268 1914 ad
1297 1874 1452 1914 inferos
1478 1889 1577 1929 per·
1600 1914 1603 1917 ,

145 1929 318 1969 venisse.
363 1931 527 1986 *Neque
547 1931 659 1971 enim
688 1930 892 1971 assentior
922 1930 985 1978 iis,
1006 1931 1076 1985 qui
1106 1930 1195 1970 haec
1224 1945 1357 1985 nuper
1375 1931 1577 1972 disserere
1595 1938 1640 1969 13

143 1995 378 2039 coeperunt,
418 2001 515 2037 cum
562 1988 808 2041 corporibus
847 1986 971 2027 simul
1019 1988 1181 2027 animos
1221 1987 1401 2037 interire,
1449 1998 1575 2043 atque
1591 1995 1621 2024 P·
1635 1991 1687 2019 ⁹³·

145 2042 287 2081 omnia
312 2052 447 2083 morte
477 2042 621 2083 deleri.
684 2043 778 2084 Plus
808 2042 920 2098 apud
950 2057 1017 2083 me
1048 2043 1317 2098 antiquorum
1349 2044 1576 2085 auctoritas
1590 2038 1618 2058 ³·

144 2096 269 2147 valet,
289 2099 349 2139 vel
371 2109 608 2140 nostrorum
631 2099 853 2155 majorum,
876 2099 946 2155 qui
967 2099 1143 2140 mortuis
1161 2109 1248 2140 tam
1270 2100 1467 2155 religiosa
1478 2100 1577 2155 jura
1593 2078 1627 2125 4

145 2152 382 2195 tribuerunt
403 2172 412 2196 :
444 2154 564 2211 quod'
581 2171 663 2196 non
690 2157 884 2197 fecissent
905 2156 1112 2211 profecto,
1135 2157 1168 2197 si
1189 2156 1290 2197 nihil
1313 2157 1366 2197 ad
1385 2171 1458 2197 eos
1479 2170 1576 2212 per-

147 2208 278 2251 tinere
313 2212 639 2253 arbitrarentur:
671 2213 733 2253 vel
765 2227 927 2262 eorum,
963 2213 1034 2268 qui
1067 2213 1109 2253 in
1140 2213 1218 2254 hac
1253 2221 1363 2254 terra
1394 2213 1577 2265 fuerunt,

146 2279 430 2324 magnamque
460 2269 670 2310 Graeciam
705 2272 816 2324 (quae
856 2284 965 2310 nunc
995 2270 1164 2325 quidem
1197 2269 1335 2310 deleta
1364 2279 1453 2320 est;
1484 2280 1576 2312 tum

147 2321 336 2374 florebat)
359 2325 558 2367 institutis
585 2334 628 2366 et
657 2326 874 2381 praeceptis
894 2325 979 2366 suis
1000 2327 1266 2367 erudierunt:
1297 2326 1361 2367 vel
1380 2326 1486 2382 ejuS,
1507 2327 1583 2383 qui

137 2378 359 2433 ¹Apollinis
380 2383 552 2423 oraculo
573 2382 903 2437 sapientissimus
927 2392 990 2423 est
1011 2382 1226 2438 judicatus
1244 2399 1254 2424 τ
1287 2383 1359 2438 qui
1380 2397 1464 2424 non
1485 2393 1578 2426 tum

146 2434 244 2484 hoc,
278 2445 368 2477 tum
400 2438 519 2489 illud,
550 2449 599 2480 ut
630 2439 671 2479 in
705 2439 927 2494 plerisque,
958 2439 1031 2480 sed
1058 2439 1168 2480 idem
1201 2439 1369 2481 dicebat
1398 2454 1577 2496 semper,

145 2491 328 2533 Animos
349 2493 567 2536 hominum
595 2509 686 2536 esse
713 2495 889 2545 divinos,
908 2495 1055 2552 iisque,
1077 2511 1173 2537 cum
1196 2510 1218 2536 e
1240 2510 1416 2551 corpore
1435 2510 1580 2537 exces-

147 2547 311 2598 sissent,
342 2550 521 2592 reditum
553 2552 594 2592 in
623 2552 779 2594 coelum
811 2561 966 2607 patere,
995 2553 1241 2608 optimoque
1276 2562 1318 2594 et
1340 2551 1578 2608 justissimo

148 2604 301 2660 cuique
319 2606 691 2662 expeditissimum.
751 2609 879 2666 Quod
902 2609 1000 2650 item
1024 2609 1210 2664 Scipioni
1231 2609 1446 2650 videbatur
1465 2624 1474 2648 ι
1504 2608 1576 2664 qui
1595 2611 1644 2645 14

146 2660 333 2716 quidem,
369 2663 488 2719 quasi
522 2666 779 2722 praesagiret,
810 2665 1030 2722 perpaucis
1063 2675 1159 2707 ante
1195 2676 1375 2706 mortem
1412 2664 1576 2716 diebus,

192 2793 209 2818 5
232 2786 275 2815 ad
284 2793 395 2827 superos
406 2787 545 2818 videatur
560 2788 648 2828 Deos]
670 2791 742 2821 Deos
757 2792 841 2822 dele·
884 2799 942 2821 nec
958 2791 1076 2821 habent
1091 2792 1160 2822 edd.
1177 2801 1223 2831 pr.
1239 2800 1303 2820 non
1319 2790 1400 2820 bene
1421 2790 1578 2822 revocavit

149 2828 199 2859 vi:
222 2831 308 2869 quod
323 2837 354 2861 et
368 2841 387 2861 a
401 2831 487 2862 libris
503 2840 561 2863 scr.
576 2832 719 2872 pluribus
733 2835 838 2866 abest:
884 2834 1052 2872 Gruterus,
1067 2843 1166 2874 quem
1178 2834 1323 2865 Graevius
1335 2833 1476 2866 imimtus
1491 2840 1548 2864 est.
1585 2850 1588 2853 «
