1844 3202
320 94 399 137 878
699 84 760 124 M.
788 83 1004 122 TULLII
1047 84 1385 126 CICERONIS

372 199 462 251 quis,
481 210 557 235 cum
573 196 700 234 solutus
717 201 811 242 esset,
830 194 1048 240 intercederet,
1068 208 1143 233 cum
1171 195 1211 234 de
1224 209 1265 234 ea
1291 209 1327 234 re
1351 195 1400 234 ad
1419 197 1576 248 populum
1590 199 1758 248 firretur.

378 254 466 290 Heec
484 252 553 288 sine
569 250 717 288 tumultu
737 263 787 287 res
807 258 887 287 acta
913 259 961 287 est
977 266 988 287 :
1016 262 1106 286 nemo
1130 251 1214 287 enim
1233 263 1358 300 negare
1371 259 1518 302 poterat,
1531 263 1594 303 pro
1614 254 1760 290 auctori-

377 314 448 344 tate
475 312 611 342 senatus
639 317 705 341 esse
732 317 804 341 eam
831 303 934 354 legem
950 320 962 340 :
992 302 1051 340 sed
1076 310 1187 341 tamen
1211 317 1285 352 eam
1303 305 1382 342 tulit
1401 305 1520 342 invitis
1537 305 1765 356 optimatibus,

375 361 432 413 qui
458 360 518 396 vel
539 358 641 410 pauci
667 357 988 395 senatusconsultum
1003 356 1124 404 facere
1149 356 1310 395 solebant.
1366 358 1484 395 Aliam
1514 357 1628 397 deinde
1659 360 1762 409 legem

380 413 565 457 Cornelius,
586 412 646 448 etsi
673 425 764 449 nemo
790 421 977 460 repugnare
994 423 1096 446 ausus
1115 418 1177 454 est,
1209 411 1321 448 multis
1342 420 1453 449 tamen
1472 413 1592 450 invitis
1612 413 1706 459 tulit,
1725 421 1764 450 ut

371 477 530 520 praetores
549 478 590 502 ex
608 464 723 502 edictis
742 464 811 501 suis
826 464 993 514 perpetuis
1001 463 1063 510 jus
1084 462 1238 501 dicerent.
1258 478 1336 514 quae
1352 479 1404 502 res
1432 475 1502 503 tum
1516 467 1671 517 gratiam
1691 479 1765 504 am-

379 521 504 559 bitiosis
526 517 744 570 praetoribus,
771 517 829 567 qui
854 516 952 553 varie
969 518 1032 565 jus
1060 515 1165 554 dicere
1195 525 1430 562 assueverant,
1457 521 1609 558 sustulit.
1663 520 1767 557 Alias

377 587 502 627 quoque
530 572 708 622 complures
736 571 825 621 leges
850 569 1021 607 Cornelius
1041 570 1305 620 promulgavit:
1335 571 1453 622 quibus
1467 567 1616 624 plerique
1634 573 1768 623 collegae

378 631 657 667 intercesserunt:
685 635 745 676 per
773 636 858 674 quas
886 623 1103 660 contentiones
1131 631 1218 660 totus
1240 635 1340 675 prope
1365 624 1560 664 tribunatus
1577 628 1648 676 ejus
1666 637 1768 678 pera-

379 692 452 720 ctus
471 689 532 718 est.
591 677 749 730 Sequenti
768 676 885 713 deinde
902 690 988 713 anno
1011 677 1067 713 M.
1090 677 1228 728 Lepido,
1250 678 1295 715 L.
1323 677 1466 715 Volcatio
1487 680 1581 718 Coss.
1599 695 1663 732 quo
1681 693 1769 717 anno

374 741 502 788 preetor
525 732 635 770 Cicero
641 731 732 780 fuit,
754 743 843 768 reum
866 730 1052 768 Cornelium
1073 731 1282 781 duofratres
1304 732 1444 768 Cominii
1463 733 1533 782 lege
1554 734 1708 771 Cornelia
1727 732 1768 773 de

381 789 553 836 majestate
558 786 732 835 fecerunt.
760 784 879 821 detulit
895 797 1008 821 nomen
1027 784 1188 830 Publius,
1206 784 1398 836 subscripsit
1423 786 1543 835 Cajus,
1571 796 1603 823 et
1628 801 1702 824 cum
1722 787 1769 824 P.

385 842 526 882 Cassius
548 848 677 891 praetor
704 837 826 875 decimo
854 837 919 882 die,
947 847 985 875 ut
1014 852 1079 875 mos
1106 848 1169 883 est,
1198 838 1312 876 adesse
1328 839 1498 887 jussisset,
1519 854 1618 891 coque
1635 840 1687 877 die
1703 840 1771 891 ipse

381 910 445 934 non
474 894 642 943 affuisset,
661 906 716 930 seu
746 901 909 929 avocatus
933 899 1067 943 propter
1081 892 1212 942 publici
1223 893 1394 940 frumenti
1414 907 1543 937 curam,
1561 908 1617 932 seu
1629 892 1771 944 gratffi-

383 963 463 987 cans
489 961 541 985 reo
557 963 569 983 .-
598 946 817 983 circumventi
836 954 914 982 sunt
934 954 1013 982 ante
1031 945 1185 983 tribunal
1203 946 1270 993 rjus
1290 956 1494 984 accusatores
1512 961 1534 984 a
1553 948 1638 984 notis
1655 958 1772 998 opera·

382 1016 458 1041 rum
478 1000 631 1043 ducibus,
652 1000 702 1036 ita
723 1006 761 1035 ut
781 1012 864 1035 mors
883 999 1116 1044 intentaretur,
1135 1000 1164 1036 si
1183 1012 1258 1035 mox
1275 1012 1337 1035 non
1355 999 1557 1038 desisterent.
1577 1014 1679 1052 quam
1692 1011 1772 1051 per-

383 1057 499 1094 niciem
526 1055 592 1091 vix
619 1052 811 1103 effugerunt
839 1052 1031 1089 interventu
1058 1053 1239 1096 consulum,
1263 1053 1320 1103 qui
1343 1052 1503 1091 advocati
1529 1054 1575 1091 rei
1601 1053 1773 1091 descende-

383 1119 476 1148 rant.
493 1117 522 1145 et
542 1121 616 1145 cum
635 1108 669 1144 in
688 1106 799 1143 scalas
815 1105 982 1156 quasdam
1006 1106 1146 1143 Cominii
1152 1106 1342 1156 fugissent,
1357 1107 1464 1144 clausi
1481 1107 1515 1144 in
1533 1117 1656 1145 noctem
1674 1107 1722 1144 ibi
1740 1120 1773 1144 se

384 1163 653 1206 occultaverunt,
667 1159 783 1197 deinde
791 1171 853 1210 per
870 1168 957 1197 tecta
971 1160 1164 1198 vicinarum
1181 1159 1304 1197 aedium
1313 1160 1538 1211 profugerunt
1554 1174 1596 1198 ex
1609 1160 1701 1199 urbe.
1712 1171 1773 1212 po·

385 1228 470 1255 stero
488 1215 540 1253 die
558 1229 631 1252 cum
644 1215 688 1252 P.
707 1214 843 1252 Cassius
857 1213 1047 1258 assedisset,
1062 1220 1094 1250 et
1111 1214 1209 1251 citati
1226 1220 1431 1251 accusatores
1449 1228 1512 1252 non
1530 1214 1694 1260 adessent,
1714 1227 1774 1251 ex-

386 1281 508 1309 emtum
523 1282 636 1306 nomen
650 1274 700 1305 est
714 1267 753 1305 de
768 1268 830 1304 reis
849 1267 1001 1305 Cornelii.
1015 1267 1156 1304 Cominii
1170 1277 1281 1305 autem
1297 1281 1424 1318 magna
1437 1268 1582 1318 infamia
1584 1269 1773 1319 flagrave-

387 1334 467 1362 runt
480 1322 670 1361 vendidisse
685 1322 850 1358 silentium
865 1334 993 1371 magna
1005 1322 1163 1372 pecunia.
1195 1321 1357 1372 Sequente
1370 1322 1485 1360 deinde
1497 1335 1584 1360 anno
1597 1323 1642 1360 L.
1659 1321 1774 1365 Cotta,

388 1380 435 1418 L.
460 1378 628 1428 Torquato
661 1375 753 1413 Coss.
781 1388 845 1426 quo
869 1374 943 1412 baec
969 1375 1073 1412 oratio
1100 1388 1123 1411 a
1156 1374 1306 1412 Cicerone
1327 1385 1472 1425 praetore
1497 1376 1590 1414 dicta
1617 1385 1677 1420 est,
1700 1388 1776 1412 cum

383 1434 496 1485 prima
522 1443 605 1482 pars
624 1432 683 1468 M.
703 1429 890 1471 flffanilius,
909 1429 966 1480 qui
975 1428 1142 1477 judicium
1157 1440 1219 1479 per
1241 1439 1413 1479 operarum
1431 1428 1529 1468 duces
1554 1429 1774 1474 turbaverat,

390 1490 415 1513 ’κ’
431 1485 547 1524 deinde
561 1483 651 1536 quod
661 1496 702 1520 ex
724 1482 762 1520 S.
785 1482 825 1520 C.
845 1496 932 1519 anno
958 1482 1048 1519 Coss.
1061 1482 1306 1533 praesidebant,
1326 1491 1358 1520 et
1365 1483 1495 1530 judicio
1513 1497 1576 1520 non
1594 1481 1777 1534 respondis-

388 1549 449 1583 set,
468 1548 570 1590 atque
589 1544 671 1574 esset
688 1536 885 1579 damnatus,
909 1539 932 1561 ἦ·
962 1537 1189 1581 recreavisset,
1197 1537 1276 1584 jam
1296 1546 1430 1587 accepta
1439 1537 1585 1587 pecunia
1604 1537 1714 1574 tollere
1728 1538 1778 1574 ait

394 1593 582 1634 Cornelium
610 1592 681 1640 lege
708 1590 904 1637 majestatis.
960 1590 1025 1626 Res
1061 1599 1141 1626 acta
1167 1600 1215 1627 est
1242 1603 1368 1639 magna
1395 1591 1634 1641 exspectatione
1655 1602 1779 1641 paucos

390 1655 481 1689 ante,
502 1659 550 1683 me
569 1658 646 1695 ergo
667 1643 853 1684 Cornelius,
869 1643 1064 1693 perterritus
1085 1644 1217 1679 Manlii
1242 1644 1348 1688 exitu,
1370 1644 1404 1680 in
1420 1643 1589 1691 judicium
1607 1643 1777 1690 adhibuit,

391 1711 428 1739 ut
447 1713 487 1738 ne
505 1699 630 1736 clamor
648 1696 778 1749 quidem
797 1697 887 1733 illius
906 1696 951 1733 ab
969 1695 1145 1733 advocatis
1162 1697 1233 1743 ejus
1250 1697 1405 1735 oriretur.
1460 1698 1633 1735 Dixerunt
1651 1698 1686 1735 in
1705 1712 1778 1736 enm

391 1754 505 1804 infesti
533 1751 719 1790 testimonia
740 1751 905 1801 principes
932 1750 1098 1793 civitatis,
1126 1750 1185 1800 qui
1207 1750 1390 1801 plurimum
1417 1751 1452 1787 in
1479 1757 1597 1788 senatu
1610 1758 1780 1802 poterant,

399 1810 444 1859 Q.
473 1807 683 1848 Hortensius,
718 1805 760 1854 Q.
786 1804 942 1845 Catulus,
977 1804 1019 1853 Q.
1041 1804 1202 1840 Metellus
1233 1805 1330 1847 Pius,
1357 1804 1402 1841 L.
1424 1805 1602 1850 Lucullus,
1632 1806 1692 1844 M.
1713 1807 1780 1844 Lt-

389 1861 502 1915 pidus.
530 1860 690 1898 dixerunt
716 1867 828 1895 autem
852 1856 923 1902 boc,
941 1857 1069 1895 vidisse
1093 1870 1126 1894 se
1143 1873 1155 1893 .·
1184 1871 1258 1895 cum
1282 1858 1452 1895 Cornelius
1470 1859 1505 1894 in
1523 1858 1701 1896 tribunatu
1728 1873 1781 1896 co-

394 1916 498 1954 dicem
523 1925 583 1965 pro
612 1913 741 1951 Rostris
768 1912 835 1962 ipse
851 1911 1003 1948 recitaret
1019 1926 1031 1946 :
1060 1910 1150 1962 quod
1165 1920 1244 1948 ante
1267 1911 1452 1949 Cornelium
1471 1924 1561 1949 nemo
1566 1913 1692 1961 fecisse
1709 1914 1781 1950 exi-

394 1970 603 2007 stimaretur.
631 1965 792 2004 volebant
817 1965 941 2007 videri,
968 1977 1002 2001 se
1017 1964 1176 2012 judicare
1202 1978 1275 2002 earn
1299 1979 1366 2002 rem
1385 1975 1579 2016 magnopere
1596 1964 1646 2002 ad
1660 1966 1783 2004 crimen

395 2023 583 2061 imminutae
609 2019 793 2068 majestatis
821 2018 1010 2055 tribuniciae
1032 2019 1210 2069 pertinere.
1239 2019 1353 2055 etenim
1365 2029 1468 2070 prope
1485 2019 1664 2056 tollebatur
1681 2020 1785 2057 inter-

395 2076 509 2120 cessio,
528 2075 558 2112 si
585 2073 622 2111 id
647 2073 790 2110 tribunis
812 2073 1073 2123 permitteretur.
1131 2072 1253 2115 Cicero,
1271 2073 1355 2122 quia
1373 2086 1437 2109 non
1455 2080 1590 2124 poterat
1607 2086 1731 2123 negare
1748 2073 1788 2111 id

383 2131 527 2181 factum
545 2141 622 2172 esse,
639 2139 672 2164 eo
690 2127 853 2175 confugit,
871 2135 910 2162 ut
927 2125 1061 2170 diceret,
1080 2139 1142 2162 non
1167 2125 1247 2168 ideo,
1266 2125 1357 2177 quod
1372 2125 1476 2163 lectus
1493 2127 1539 2163 sit
1557 2125 1659 2163 codex
1677 2140 1701 2164 a
1719 2127 1784 2164 tri-

399 2184 497 2226 buno,
517 2182 726 2219 imminutam
748 2192 813 2217 esse
829 2179 1043 2216 tribuniciam
1056 2187 1264 2230 potestatem.
1313 2180 1391 2229 Qua
1409 2193 1490 2217 vero
1507 2189 1581 2217 arte
1598 2188 1630 2217 et
1647 2180 1785 2218 scientia

396 2236 554 2276 orationis
572 2238 593 2272 ?
625 2236 675 2272 ita
697 2243 735 2270 ut
753 2243 785 2270 et
802 2232 1002 2284 dignitatem
1021 2233 1278 2270 clarissimorum
1297 2234 1438 2278 civium,
1458 2242 1574 2270 contra
1591 2247 1670 2284 quos
1695 2232 1785 2271 dice·-

399 2291 474 2336 bat,
505 2303 567 2326 non
594 2288 752 2332 violaret,
781 2296 812 2324 et
839 2297 950 2324 tamen
967 2287 1168 2324 auctoritate
1184 2300 1294 2324 eorum
1313 2286 1394 2324 laedi
1411 2300 1501 2323 reum
1520 2300 1583 2323 non
1595 2296 1783 2337 pateretur.

399 2350 596 2397 quantaque
623 2341 841 2379 moderatione
865 2354 934 2378 rem
963 2350 1034 2377 tam
1061 2339 1228 2389 difficilem
1255 2340 1332 2377 aliis
1362 2340 1579 2384 tractaverit,
1596 2341 1688 2378 lectio
1710 2342 1785 2392 ipsa

399 2396 600 2436 declarabit.
656 2395 897 2443 Adjumentum
916 2403 1027 2431 autem
1045 2393 1178 2437 babuit,
1198 2393 1296 2445 quod,
1313 2393 1401 2430 sicut
1418 2392 1577 2437 diximus,
1599 2393 1785 2439 Cornelius,

394 2460 524 2504 praeter
549 2449 739 2486 districtum
762 2449 965 2499 propositum
993 2446 1160 2484 adversus
1189 2447 1378 2497 principum
1404 2447 1625 2490 voluntatem,
1661 2457 1788 2485 caetera

401 2507 481 2543 vita
511 2503 596 2540 nibil
607 2503 758 2551 fecerat,
788 2501 878 2552 quod
902 2511 1096 2551 magnopere
1123 2499 1394 2550 improbaretur:
1416 2507 1586 2551 praeterea
1612 2500 1703 2552 quod
1717 2502 1786 2552 ipse

405 2557 584 2598 Globulus,
604 2556 661 2606 qui
680 2557 917 2598 intercesserat,
936 2554 1058 2591 aderat
1081 2554 1239 2595 Cornelio,
1258 2563 1289 2590 et
1317 2553 1407 2605 quod
1423 2555 1530 2604 ipsum
1547 2566 1675 2604 quoque
1692 2553 1786 2592 dixi-

401 2625 488 2656 mus,
507 2609 597 2662 quod
614 2609 786 2646 Cornelius
805 2608 954 2658 Pompeii
979 2608 1111 2659 IbIagni
1129 2616 1275 2659 quaestor
1283 2606 1413 2654 fuerat
1436 2606 1531 2658 apud
1551 2606 1640 2644 duas
1658 2607 1787 2658 praegfe-

401 2675 520 2703 eturas
540 2663 686 2715 equitum
713 2663 810 2700 Rom.
827 2671 859 2699 et
886 2661 1049 2706 tribunos,
1074 2670 1106 2698 et
1132 2675 1175 2698 ex
1200 2662 1301 2698 tertia
1327 2674 1456 2713 quoque
1476 2669 1576 2711 parte
1600 2660 1696 2711 apud
1713 2661 1789 2712 ple-

403 2731 532 2771 rosque,
549 2718 689 2769 exceptis
706 2717 746 2753 iis
751 2716 948 2765 familiaris
960 2715 1148 2766 principum
1175 2715 1342 2753 civitatis.
1396 2715 1464 2752 Res
1483 2720 1564 2751 acta
1590 2723 1640 2750 est
1666 2728 1807 2766 magno*

404 2782 584 2816 conventu,
614 2782 805 2822 magnaque
832 2769 1083 2820 exspectatione,
1112 2769 1186 2820 quis
1212 2778 1351 2806 eventus
1368 2767 1494 2817 judicii
1509 2768 1661 2817 futurus
1692 2774 1789 2806 esset.

406 2829 443 2865 A
460 2826 596 2865 summis
621 2825 709 2863 viris
739 2823 807 2862 diei
831 2823 1067 2868 testimonium,
1086 2831 1119 2860 et
1144 2822 1193 2868 id,
1211 2822 1301 2874 quod
1320 2822 1345 2860 ii
1361 2822 1517 2866 dicerent,
1532 2819 1680 2868 corfiteri
1697 2833 1789 2860 reum
