1844 3202
256 118 336 159 722·
752 114 859 152 .·DE
894 113 1161 154 OFFICIIS

253 233 400 284 omnes
416 236 429 272 3
460 230 509 264 ut
538 222 580 263 in
610 222 702 278 ipso
731 222 805 264 illo
836 224 993 265 forensi
1023 237 1177 280 genere
1208 222 1374 265 dicendi
1394 220 1690 265 contentiones

253 277 432 318 ahorum
462 293 654 320 sermone
685 280 878 322 vinceret.
910 281 951 321 in
981 281 1179 321 omnibus
1210 280 1341 336 igitur
1371 279 1435 321 his
1465 279 1691 320 elaboran-

168 339 239 371 134
253 332 355 375 dum
375 342 453 385 est,
474 335 508 376 si
537 335 580 376 in
609 335 727 377 omni
754 351 811 387 re,
837 337 938 392 quid
959 336 1121 387 deceat,
1142 337 1414 392 exquirimus.
1474 336 1538 377 Sit
1558 335 1690 390 igitur

253 389 322 431 hic
341 405 494 443 sermo,
515 392 559 433 in
581 407 665 448 quo
687 393 891 434 Socratici
918 394 1099 434 maxime
1123 393 1347 445 excellunt,
1369 393 1472 434 lenis
1493 392 1690 433 minime·-

250 461 334 503 que
361 448 575 503 pertinax:
606 449 706 490 insit
734 448 775 489 in
806 463 857 490 eo
887 449 1020 504 lepos.
1080 451 1175 490 Nec
1204 464 1315 500 vero,
1340 457 1378 482 43
1396 458 1612 505 tamquam
1646 447 1690 488 in

250 505 559 559 possessionem
581 505 750 555 venerit,
771 505 969 547 excludat
995 505 1099 547 alios
1119 522 1128 546 e
1160 505 1234 547 sed
1254 520 1351 547 cum
1373 505 1543 562 reliquis
1563 505 1604 545 in
1625 517 1690 544 reo

250 561 344 611 bus,
367 571 459 602 tum
492 562 534 602 in
569 574 761 603 sermone
789 562 1021 613 communi,
1042 562 1373 603 vicissitudinem
1395 577 1479 603 non
1499 562 1687 617 iniquam

249 626 373 672 putet
391 634 401 658 z
432 633 481 658 ac
509 618 647 659 videat
666 619 708 659 in
730 618 890 674 primis,
913 619 1067 675 quibus
1088 618 1142 659 de
1161 619 1286 660 rebus
1309 619 1506 675 loquatur
1527 628 1536 658 ε
1569 618 1603 658 si
1623 631 1690 657 se-

249 673 335 724 riis,
356 675 618 716 severitatem
639 675 864 726 adhibeat3
896 676 930 716 si
952 675 1129 731 jocosis,
1151 675 1355 730 leporem.
1387 675 1429 716 in
1459 674 1690 730 primisque

248 731 483 784 provideat,
506 746 557 772 ne
588 746 726 773 sermo
755 732 901 773 vitium
933 731 1105 788 aliquod
1137 732 1292 773 indicet
1322 733 1455 773 inesse
1485 731 1528 771 in
1556 729 1689 771 mori-

249 787 355 828 bus:
388 789 503 844 quod
533 789 716 830 maxime
746 798 838 830 tum
869 788 980 830 solet
1009 788 1184 839 evenire,
1207 804 1305 829 cum
1334 788 1521 829 studiose
1541 787 1593 828 de
1612 786 1690 827 ab-

250 844 454 895 sentibus,
487 845 736 886 detrahendi
771 860 910 896 causa,
941 854 1013 886 aut
1043 860 1116 901 per
1155 845 1396 895 ridiculum,
1427 854 1500 885 aut
1536 857 1694 894 severe,

163 913 235 945 135
250 900 456 942 maledice
475 902 868 957 contumelioseque
887 902 1053 943 dicitur.
1097 903 1322 943 Habentur
1342 911 1481 942 autem
1503 901 1691 955 plerum·

204 961 235 991 b·
249 971 331 1012 que
361 972 574 998 sermones
604 967 679 999 aut
708 958 761 998 de
791 958 1035 999 domesticis
1064 959 1261 1013 negotiis,
1282 957 1432 999 autde
1458 956 1692 1013 republica,

247 1021 322 1053 aut
354 1013 408 1054 de
442 1014 596 1055 artium
628 1015 776 1055 studiis
809 1023 936 1070 atque
967 1014 1173 1055 doctrina.
1232 1014 1386 1055 Danda
1413 1013 1541 1069 igitur
1562 1026 1692 1067 opera

246 1077 327 1120 est,
349 1078 399 1111 ut
426 1070 553 1112 etiam
586 1070 620 1111 si
650 1071 842 1112 aberrare
870 1071 924 1112 ad
949 1070 1031 1111 alia
1059 1071 1251 1126 coeperit,
1271 1070 1325 1111 ad
1355 1071 1446 1111 haee
1473 1078 1692 1110 revocetur

248 1126 410 1168 oratio:
433 1127 520 1177 sed,
542 1136 581 1160 44
600 1136 831 1184 utcumque
852 1127 1029 1169 aderunt
1049 1143 1059 1178 3
1082 1142 1218 1183 neque
1239 1128 1349 1168 enim
1371 1140 1518 1167 omnes
1539 1125 1690 1166 iisdem

247 1183 301 1224 de
318 1184 459 1234 rebus,
477 1199 553 1224 nec
575 1185 691 1225 omni
713 1194 916 1240 tempore,
937 1199 1013 1226 nec
1035 1185 1226 1225 similiter
1246 1183 1521 1225 delectamur.
1580 1181 1691 1223 Ani--v

245 1240 595 1282 madvertendum
621 1250 686 1282 est
714 1241 857 1293 etiam,
879 1250 1086 1298 quatenus
1106 1256 1245 1282 sermo
1266 1239 1590 1281 delectationem
1613 1238 1690 1279 ha·—

245 1296 370 1338 beat:
400 1305 457 1348 et,
476 1306 523 1338 ut
554 1298 782 1354 incipiendi
814 1298 920 1340 ratio
951 1298 1090 1349 fuerit,
1112 1298 1170 1338 ita
1200 1298 1253 1339 sit
1281 1296 1499 1338 desinendi
1520 1295 1689 1337 modus.

161 1352 233 1400 38
248 1353 332 1395 Sed
362 1354 578 1410 quomodo
607 1355 648 1395 in
679 1355 796 1396 omni
823 1355 905 1396 vita
925 1355 1155 1396 rectissime
1177 1354 1435 1410 praecipitur,
1456 1361 1505 1393 ut
1523 1360 1690 1406 pertur-

162 1423 236 1459 136
248 1410 440 1452 bationes
460 1411 690 1466 fugiamus,
713 1411 755 1452 id
781 1421 859 1461 est,
887 1420 1030 1452 motus
1059 1412 1191 1452 animi
1221 1412 1388 1460 nimios,
1421 1408 1574 1450 rationi
1604 1422 1690 1451 non

247 1467 616 1523 obtemperantes:
657 1469 716 1509 sic
744 1468 955 1525 ejusmodi
984 1469 1172 1509 motibus
1203 1482 1340 1508 sermo
1372 1466 1502 1507 debet
1530 1478 1690 1515 vacare,

246 1538 300 1564 ne
332 1534 406 1565 aut
439 1525 500 1565 ira
533 1525 719 1576 exsistat,
753 1535 827 1566 aut
861 1525 1069 1580 cupiditas
1107 1525 1262 1580 aliqua,
1293 1533 1367 1564 aut
1398 1521 1583 1578 pigritia,
1616 1531 1690 1562 aut

246 1580 427 1635 ignavia,
446 1590 519 1622 aut
539 1582 622 1622 tale
644 1581 804 1637 aliquid
823 1590 1034 1637 appareat.
1067 1582 1334 1636 maximeque
1356 1578 1587 1620 curandum
1612 1588 1690 1627 est,

246 1647 295 1678 ut
314 1651 401 1687 eOS,
423 1646 462 1670 ⁴¹5
478 1638 732 1694 quibuscum
765 1653 1004 1678 sermonem
1034 1638 1306 1686 conferimus,
1327 1646 1370 1677 et
1394 1636 1539 1684 vereri,
1561 1644 1604 1675 et
1623 1634 1690 1675 di-

245 1694 379 1749 ligere
410 1694 640 1736 videamur.
700 1694 1033 1750 Objurgationes
1064 1694 1192 1734 etiam
1229 1706 1549 1748 nonnumquam
1584 1691 1689 1731 iuci-

245 1749 353 1792 dunt
374 1751 631 1802 necessariae,
647 1751 690 1792 in
709 1752 863 1807 quibus
884 1751 1090 1792 utendum
1111 1759 1174 1791 est
1194 1751 1371 1791 fortasse
1392 1758 1435 1790 et
1455 1748 1566 1788 vocis
1586 1762 1689 1788 con-

245 1807 432 1848 tentione
460 1808 635 1864 majore,
666 1816 707 1848 et
738 1808 961 1849 verborum
991 1809 1196 1863 gravitate
1225 1807 1400 1847 acriore.
1431 1811 1470 1837 46
1485 1804 1527 1845 id
1559 1818 1691 1858 agen-

246 1863 347 1904 dum
370 1865 513 1916 etiam,
535 1874 583 1906 ut
612 1879 663 1905 ne
691 1879 740 1905 ea
761 1865 898 1906 facere
924 1864 1139 1905 videamur
1160 1864 1280 1905 irati:
1311 1862 1401 1912 sed,
1422 1871 1470 1903 ut
1491 1860 1542 1902 ad
1564 1876 1690 1901 uren-

246 1920 365 1972 dum,
385 1929 427 1962 et
449 1921 694 1972 secandum,
709 1922 768 1962 sic
786 1929 828 1962 et
843 1921 896 1962 acl
918 1921 1001 1962 hoc
1021 1935 1156 1976 genus
1176 1919 1425 1975 castigandi,
1439 1933 1531 1958 raro
1554 1918 1691 1958 inviti-

246 1992 328 2032 que
347 1979 576 2028 veniemus,
598 1993 674 2019 nec
693 1992 911 2034 umquam,
934 1977 1011 2019 nisi
1043 1976 1291 2027 necessario,
1313 1977 1347 2016 si
1375 1974 1490 2016 nulla
1511 1975 1690 2030 reperie-

247 2043 317 2075 tur
345 2035 425 2076 alia
456 2035 679 2076 medicina.
711 2035 783 2075 sed
805 2044 946 2075 tamen
967 2035 1028 2075 ira
1049 2034 1199 2089 procul
1220 2032 1342 2082 absit,
1362 2046 1459 2072 cum
1482 2045 1565 2085 qua
1585 2030 1691 2071 nihil

162 2103 234 2144 137
249 2100 361 2131 recte
382 2091 483 2142 fieri,
503 2091 607 2132 nihil
629 2091 893 2132 considerate
914 2100 1068 2146 potest.
1119 2091 1284 2145 Magna
1304 2097 1446 2129 autem
1467 2095 1583 2142 parte
1604 2087 1691 2127 cle-

249 2147 381 2188 menti
407 2148 686 2203 castigatione
711 2148 809 2188 licet
838 2147 916 2196 uti,
937 2147 1143 2202 gravitate
1173 2156 1313 2187 tamen
1344 2145 1558 2200 adjuncta,
1580 2152 1627 2183 ut
1647 2151 1692 2184 et

248 2205 442 2246 severitas
471 2205 735 2255 adhibeatur,
765 2213 807 2245 et
837 2204 1099 2244 contumelia
1130 2202 1368 2258 repellatur.
1402 2211 1530 2256 atque
1560 2200 1689 2241 etiam

992 2336 1073 2366 riant
1089 2345 1147 2365 ser.
1161 2342 1192 2365 et
1207 2336 1276 2365 edd.
1291 2344 1367 2364 nam
1385 2332 1478 2363 multi
1496 2334 1617 2363 addunt
1630 2343 1692 2363 res.-

291 2342 330 2368 43
349 2343 498 2378 tamquam
514 2337 544 2366 in
556 2336 751 2376 possessionem
767 2347 847 2366 suam
860 2346 947 2366 vene-

991 2380 1044 2409 scd
1062 2389 1138 2409 cum
1157 2379 1282 2409 Pcarcio
1305 2384 1433 2407 secutus
1456 2387 1529 2406 sum
1553 2386 1617 2412 eos,
1635 2377 1689 2416 qui

249 2380 302 2419 rit]
328 2381 405 2410 Edd.
419 2391 464 2419 pr.
481 2387 517 2410 ut
533 2381 622 2419 Mog.
640 2381 735 2410 Rom.
752 2381 833 2410 Ven.
853 2385 946 2414 1470.

247 2434 314 2454 non
335 2424 455 2453 habent
470 2434 563 2460 suam,
579 2423 665 2462 quod
682 2430 750 2463 post
766 2434 782 2452 e
798 2423 876 2453 Mss.
893 2424 946 2453 ad-

246 2467 351 2497 ditum
365 2474 421 2496 est.
440 2467 519 2496 mihi
534 2473 624 2496 vetus
640 2466 746 2502 lectio,
763 2476 836 2505 quae
851 2466 947 2495 omit-

246 2511 284 2539 tit
299 2521 378 2539 suam
395 2509 507 2539 melior
521 2511 656 2539 videtur.
680 2519 754 2538 nam
779 2518 844 2538 non
864 2509 945 2538 bene

247 2552 385 2583 latinum
402 2559 491 2592 puto,
509 2552 538 2580 1⁵71
553 2552 750 2591 possessionem
766 2563 846 2580 suam
862 2551 946 2580 veni-

249 2607 289 2625 re.
315 2603 346 2625 at
369 2596 398 2624 in
421 2596 616 2635 possessionem
632 2595 732 2624 venire
747 2594 873 2630 dicitur,
890 2594 944 2633 qui

247 2639 430 2668 dominium
460 2639 500 2668 rei
528 2639 653 2677 accipit,
680 2645 716 2667 ut
743 2638 774 2666 in
800 2647 835 2666 ea
857 2636 944 2666 solus

246 2683 396 2711 dominus
420 2682 471 2717 sit,
494 2681 579 2711 solus
603 2682 703 2710 facere
728 2681 835 2719 possit,
859 2681 943 2719 quod

246 2725 331 2754 velit.
360 2726 548 2754 Sermonem
565 2734 641 2754 mox
657 2724 732 2753 dicit
749 2734 807 2751 νυνι
823 2734 946 2752 comnm-

246 2779 321 2804 mm,
353 2768 446 2805 cujus
477 2777 541 2797 non
573 2774 618 2796 est
655 2766 807 2806 possessio
837 2766 946 2804 cujus-

245 2820 354 2849 quam.
394 2811 503 2849 ltaque
519 2810 631 2840 delevi.
862 2826 864 2828 v

289 2861 328 2884 44
352 2860 503 2895 utcumque
518 2850 655 2893 aderunt]
675 2851 805 2882 Codices
824 2851 876 2881 hic
890 2861 945 2881 va·

990 2423 1168 2459 omittunt3
1199 2420 1340 2458 intelligo
1366 2430 1431 2449 non
1460 2427 1495 2449 ut
1522 2419 1586 2455 ille,
1615 2419 1688 2456 haec,

991 2466 1043 2495 sed
1059 2466 1097 2494 de
1114 2465 1266 2504 personis,
1282 2471 1315 2492 ut
1331 2472 1374 2492 se.
1393 2462 1522 2492 materia
1534 2463 1689 2492 sermonis

989 2509 1156 2547 deligatur,
1173 2514 1265 2546 prout
1286 2513 1356 2544 apta
1372 2507 1411 2535 sit
1427 2506 1463 2535 iis
1479 2505 1533 2544 qui
1550 2506 1665 2535 adsunt
1680 2517 1690 2534 ι

989 2552 1073 2590 quod
1091 2552 1167 2580 ratio
1182 2550 1325 2588 subjecta
1340 2550 1439 2579 (locet.

1034 2601 1072 2624 45
1090 2594 1256 2634 quibuscum
1272 2603 1354 2621 serm.
1372 2589 1553 2630 corfivimus]
1571 2590 1633 2620 Alii
1650 2590 1689 2620 li-

987 2637 1033 2665 bri
1052 2637 1169 2665 habent
1186 2636 1370 2675 cotgfcmmus,
1387 2635 1473 2672 quod
1491 2641 1521 2663 et
1543 2633 1687 2663 Graevius

988 2687 1018 2709 ct
1035 2680 1176 2708 Pcarcius
1193 2680 1366 2708 ediderunt.
1384 2677 1463 2707 nihil
1481 2677 1617 2706 interest.

1033 2727 1072 2751 -Mj
1097 2722 1128 2749 id
1141 2721 1281 2757 agendum
1298 2720 1400 2759 etiam}
1419 2719 1493 2750 Non
1516 2719 1619 2758 placet
1636 2729 1687 2749 sa-

989 2766 1027 2794 tis
1053 2766 1122 2794 haec
1150 2766 1261 2793 forma.
1294 2764 1372 2794 sorte
1396 2763 1504 2792 Cicero
1530 2763 1615 2793 (ledit
1641 2763 1690 2792 sed

989 2807 1129 2849 agendum
1145 2808 1245 2845 ctiam,
1263 2808 1282 2838 i.
1295 2816 1323 2836 e.
1339 2806 1524 2836 videndum.
