1844 3202
294 111 375 152 700
819 108 899 146 DE
936 107 1206 147 OFFICIIS

294 213 354 254 sic
385 212 670 265 observentur,
694 223 741 256 ut
766 215 807 256 in
834 217 1082 258 Graecorum
1114 217 1333 272 proverbio
1364 223 1459 258 est:
1490 215 1725 262 Amicorum

293 284 377 311 esse
407 270 541 312 omnia
573 273 813 313 commvnia.
875 273 1030 314 Omnia
1061 281 1203 314 autem
1230 274 1473 315 communia
1505 274 1726 318 hominum

293 325 486 369 videntur
505 342 567 379 ea,
589 344 681 384 quae
702 339 798 369 sunt
826 330 991 384 generis
1018 331 1123 385 eJUS,
1144 331 1258 386 quod
1288 331 1341 372 ab
1372 331 1508 372 Ennio
1538 333 1725 388 positum

293 383 334 424 in
357 399 439 425 una
460 399 518 435 re,
539 385 781 426 transferri
773 400 812 426 1n
836 385 987 426 multas
1010 394 1166 441 potest.

401 464 507 501 Homo
527 465 584 515 qui
601 466 729 501 erranti
747 465 860 501 comita*
862 479 879 501 r
897 471 1059 502 monstrat
1077 480 1116 501 v:
1118 478 1186 508 am,

397 518 513 565 ,Quasi
531 517 639 554 lumen
657 517 697 555 de
713 532 770 554 suo
789 518 910 555 lumine
929 518 1103 561 accendat,
1109 519 1208 566 facit
1224 534 1236 555 :

398 571 623 608 ‘Nihilominus
640 572 701 622 ipsi
720 572 842 616 luceat,
861 585 934 608 cum
954 572 1004 608 illi
1023 571 1221 609 wccndcrit.

289 655 390 696 Una
415 670 466 697 ex
497 670 539 696 re
567 655 667 697 satis
700 664 739 688 84
754 656 1007 711 praecipitur,
1035 664 1096 707 ut,
1122 655 1327 712 quidquid
1351 656 1439 698 sine
1466 657 1720 701 detr'imento

227 711 423 767 52possit
450 713 726 777 commodari,
755 712 799 754 id
834 714 1043 754 tribuatur
1071 713 1136 753 vel
1172 713 1336 769 ignoto.
1394 715 1458 755 Ex
1498 729 1584 771 quo
1624 724 1722 757 sunt

286 768 359 809 illa
385 770 641 820 communia,
675 771 777 811 Non
809 769 1032 834 prohibere
1067 778 1104 802 8⁵
1119 784 1228 825 aqua
1255 770 1515 825 profluente·
1507 803 1516 820 ,
1550 772 1637 813 Pati
1665 772 1721 814 ab

287 824 387 880 igne
416 825 562 881 ignem
592 840 754 882 capere,
785 827 820 867 si
850 827 943 890 quis
973 827 1098 868 velit·
1088 858 1099 877 ,
1144 826 1381 868 Consilium
1413 827 1533 868 fidele
1564 828 1723 871 delibe-

289 882 398 922 ranti
438 883 562 924 dare:
604 898 697 938 quae
735 892 834 925 sunt
869 898 918 924 us
958 883 1092 934 utilia,
1122 883 1194 939 qui
1224 883 1449 938 accipiunt,
1480 884 1599 926 danti
1637 900 1723 928 non

288 938 481 980 molesta.
540 939 684 981 Ouarc
709 949 752 980 et
781 939 846 980 his
872 939 1077 981 utendum
1107 948 1184 990 est,
1214 948 1257 980 et
1287 954 1451 995 semper
1480 941 1639 997 aliquid
1669 942 1726 985 ad

287 1008 559 1036 communem
548 983 806 1037 utilitatem
827 996 1100 1037 afferendum.
1149 996 1233 1038 Sed
1241 997 1453 1060 quoniam
1472 998 1604 1052 copiae
1627 1012 1724 1054 par-

287 1065 349 1091 vae
371 1051 635 1107 singulorum
663 1061 786 1103 sunt3
818 1066 964 1093 eorum
994 1061 1152 1103 autem,
1180 1051 1255 1108 qui
1281 1052 1346 1093 his
1374 1062 1541 1108 egeant,
1562 1054 1723 1098 infinita

287 1116 352 1149 est
384 1108 644 1150 multitudo.
684 1083 867 1165 vulg'aris
901 1108 1127 1151 liberalitas
1162 1108 1380 1150 referenda
1417 1118 1480 1150 est
1512 1110 1567 1151 ad
1601 1111 1723 1153 illum

290 1164 415 1205 Ennii
446 1164 585 1216 finem,
609 1165 929 1206 Nihilominus
920 1166 998 1220 ipsi
1017 1167 1179 1207 luceat:
1212 1174 1259 1207 ut
1286 1165 1464 1207 facultas
1486 1167 1554 1218 sit,
1576 1183 1659 1223 qua
1680 1168 1723 1210 in

228 1228 276 1260 53
291 1230 457 1262 nostros
478 1221 607 1264 simus
629 1221 835 1263 liberales.
896 1222 1062 1263 Gradus
1090 1230 1232 1264 autem
1258 1221 1398 1278 plures
1427 1232 1524 1265 sunt
1543 1225 1722 1266 societa-

214 1278 343 1335 17tis
374 1278 608 1319 hominum.
670 1280 732 1320 Ut
758 1279 870 1320 enim
901 1279 953 1320 ab
984 1279 1145 1320 infinita.
1170 1279 1242 1320 illa
1267 1279 1521 1344 discedatur,
1552 1281 1723 1336 propior

244 1350 276 1380 b
288 1343 352 1375 est
373 1334 571 1399 ejusdem
599 1336 753 1391 gentis,
774 1336 968 1387 nationis,
993 1336 1174 1391 linguae·
1164 1367 1175 1387 ,
1206 1350 1290 1391 qua
1316 1336 1498 1376 maxime
1528 1336 1722 1379 homines

287 1391 635 1448 conjunguntur:
679 1392 852 1434 interius
890 1393 1014 1433 etiam
1057 1402 1135 1444 est,
1169 1392 1360 1448 ejusdem
1401 1407 1491 1433 esse
1527 1393 1720 1436 civitatis.

286 1448 432 1490 Multa
458 1449 570 1489 enim
606 1458 705 1490 sunt
735 1450 893 1490 civibus
923 1449 1030 1490 inter
1063 1464 1105 1489 se
1130 1449 1399 1490 communia:
1429 1450 1583 1500 forum,
1610 1450 1721 1502 fana,

283 1505 487 1560 porticus,
521 1505 609 1556 viae,
639 1505 771 1561 leges,
801 1506 912 1562 jura,
945 1505 1120 1562 judicia,
1152 1505 1365 1561 suffragia,
1396 1507 1721 1549 consuetudines

284 1570 502 1617 praeterea,
528 1571 570 1603 et
596 1562 914 1613 familiaritates,
942 1562 1171 1618 multisque
1196 1577 1295 1604 cum
1324 1562 1468 1603 multis
1500 1577 1563 1603 res
1590 1564 1720 1605 ratio-

284 1632 441 1674 nesque
462 1627 705 1660 contractae.
763 1619 936 1660 Arctior
952 1633 1047 1660 vero
1068 1619 1285 1675 colligatio
1305 1628 1368 1661 est
1389 1619 1598 1660 societatis
1618 1635 1719 1675 pro-

284 1675 555 1740 pinquorum.
575 1675 629 1717 ab
649 1675 720 1716 illa
746 1676 858 1716 enim
889 1676 1096 1717 immensa
1120 1676 1321 1717 societate
1352 1675 1526 1717 humani
1553 1677 1719 1740 generis

219 1740 272 1773 54
285 1731 328 1772 in
357 1732 561 1789 exiguum
591 1741 907 1788 angustumque
935 1732 1218 1774 concluditur.
1278 1734 1392 1774 Nam
1422 1747 1521 1773 cum
1551 1732 1605 1774 sit
1635 1734 1721 1776 hoc

285 1797 433 1830 natura
467 1804 695 1830 commune
730 1789 1022 1840 animantium,
1057 1799 1104 1830 ut
1138 1789 1321 1831 habeant
1351 1789 1584 1830 lubidinem
1620 1805 1721 1846 pro-

282 1845 466 1897 creandi,
488 1846 621 1902 prima
644 1846 821 1887 societas
841 1846 882 1886 in
910 1846 1001 1901 ipso
1021 1846 1224 1902 conjugio
1249 1854 1336 1887 est:
1369 1845 1560 1901 proxima
1592 1847 1634 1888 in
1666 1847 1718 1888 li-

282 1902 421 1944 beris:
453 1902 603 1944 deinde
622 1918 707 1944 una
729 1902 897 1953 domus,
919 1904 1164 1944 communia
1189 1903 1345 1944 omnia.
1404 1902 1453 1943 Id
1481 1912 1623 1944 autem
1652 1911 1717 1945 est

281 1959 535 2015 principium
556 1960 685 2010 urbis,
707 1969 749 2001 et
768 1959 887 2015 quasi
913 1960 1181 2001 seminarium
1209 1959 1464 2015 reipublicae.
1523 1960 1718 2015 Sequun-

281 2024 351 2058 tur
389 2017 565 2058 flatrum
579 2016 949 2082 conJunctiones.
999 2027 1097 2072 post
1126 2016 1491 2068 consobrinorum,
1522 2017 1717 2058 sobrino-

279 2087 487 2128 rumque:
519 2072 591 2128 qui
621 2087 719 2114 cum
750 2087 834 2113 una
863 2072 992 2113 domo
1016 2073 1105 2130 jan]
1133 2074 1226 2129 capi
1247 2088 1332 2114 non
1353 2073 1528 2128 possint,
1550 2073 1593 2114 in
1615 2073 1716 2115 alias

279 2129 447 2180 domos,
468 2138 685 2186 tamquam
708 2130 747 2170 in
770 2129 972 2193 colonias,
993 2139 1160 2171 exeunt.
1219 2131 1461 2194 Sequuntur
1487 2130 1714 2182 connubia,

277 2194 322 2227 et
340 2186 586 2228 affinitates·
618 2200 670 2227 ex
695 2186 850 2250 quibus
870 2187 999 2227 etiam
1020 2186 1160 2243 plures
1178 2185 1420 2243 propinqui.
1478 2188 1587 2229 Ouae
1615 2200 1714 2242 pio-

277 2242 466 2307 pagatiO,
497 2251 539 2284 et
569 2243 752 2308 soboles,
779 2257 902 2299 origo
931 2252 997 2285 est
1025 2258 1166 2285 ierum
1196 2243 1475 2308 publicarum.
1533 2243 1715 2298 Sangui-

279 2298 343 2341 nis
367 2308 510 2341 autem
531 2300 792 2356 conjunctio,
812 2299 1102 2342 benevolentia
1130 2300 1312 2342 devincit
1332 2299 1524 2341 homines
1543 2310 1585 2340 et
1605 2299 1712 2341 cari-

215 2369 264 2402 55
277 2364 377 2398 tate.
438 2357 647 2412 Magnum
673 2365 737 2398 est
761 2357 888 2408 enim,
909 2357 1055 2398 eadem
1090 2356 1245 2399 babere
1269 2366 1546 2398 monumenta
1576 2356 1715 2412 majo-

278 2427 389 2464 rum,
428 2413 578 2455 iisdem
616 2413 680 2455 uti
717 2414 858 2465 sacris,
888 2414 1083 2470 sepulcra
1118 2414 1275 2456 habere
1312 2413 1570 2455 communia.
1628 2412 1712 2455 Sed

279 2470 472 2511 omnium
512 2470 763 2513 societatum
806 2470 922 2512 nulla
966 2471 1233 2527 praestantior
1271 2479 1349 2521 est,
1389 2470 1504 2512 nulla
1541 2469 1714 2521 firmior,

323 2624 363 2649 84
384 2617 568 2657 praecipitur,
584 2624 628 2655 ut,
645 2616 790 2659 quidquid
807 2627 830 2647 s.
850 2616 879 2646 d.
897 2623 928 2656 p.
946 2628 970 2647 c
1016 2618 1049 2647 in
1064 2617 1135 2648 edd.
1150 2627 1196 2656 pr.

279 2670 312 2693 a!
329 2660 491 2702 tribuatur]
516 2641 698 2701 Repetitum
715 2661 761 2691 bis
775 2667 808 2690 ut
824 2670 888 2690 non
906 2660 972 2700 pla·
1060 2667 1099 2691 85
1122 2671 1200 2701 aqua
1219 2656 1393 2700 prqfltcente]
1421 2658 1493 2689 Hoc
1524 2657 1638 2688 melius
1665 2663 1712 2688 est

277 2713 337 2737 cet.
356 2705 404 2736 vel
426 2705 567 2745 primum
582 2704 754 2735 delendum
770 2710 828 2740 est,
844 2703 894 2734 vel
917 2712 972 2742 pro
1015 2702 1143 2743 vulgato
1159 2713 1264 2744 aquam
1274 2703 1484 2743 prqfluentem3
1508 2710 1585 2731 nam
1599 2711 1711 2732 sensus

277 2748 374 2780 altero
402 2749 607 2779 scribendum
633 2747 673 2777 id.
700 2747 841 2786 primum
871 2747 973 2786 potuit
1016 2753 1075 2783 est,
1091 2756 1157 2777 non
1173 2756 1275 2778 arcere
1292 2746 1333 2777 ab
1355 2755 1417 2777 usu
1438 2754 1529 2785 aquae
1551 2745 1710 2784 profluen-

277 2793 407 2822 existere
423 2802 463 2822 ex
482 2791 595 2822 ultima
614 2790 734 2830 syllaba
750 2790 834 2820 verbi
856 2799 971 2829 praece-
1013 2790 1062 2821 tis.

276 2833 391 2871 dentis,
410 2835 544 2866 alterum
569 2834 688 2866 correxi
705 2833 746 2870 id,
762 2833 837 2873 quia
858 2833 902 2863 sic
925 2840 971 2863 es(
