1844 3202
306 156 382 198 898
683 150 742 187 Μ.
777 149 995 187 TULLII
1033 149 1366 188 CICERONIS

765 280 850 321 AD
882 281 934 321 L.
964 280 1281 323 PLANCUM.

361 356 516 397 GELL.
539 355 608 396 lilr.
629 366 662 396 1.
685 367 772 412 cap.
791 358 874 409 21.)
908 358 1022 398 Nam
1044 371 1179 413 neque
1199 357 1344 398 deesse
1365 355 1607 413 reipublicae
1628 353 1743 405 volo,

302 426 438 469 neque
461 427 692 469 superesse.

667 504 749 543 EX
780 502 1067 544 EPISTOLA
1097 503 1164 544 IN
1169 502 1377 544 CERTA.

361 582 581 637 Qumc‘r.
605 580 676 622 lib.
694 594 734 632 9.
757 593 844 637 cap.
861 583 926 634 3.)“
960 582 1075 624 Data
1103 582 1420 638 Lupercalibus,
1442 570 1527 638 quo
1554 581 1622 623 die
1647 580 1742 622 An-

303 638 446 679 tonius
470 637 643 679 Caesari.

359 695 582 750 Qumc‘r.
605 693 675 734 lib.
690 698 729 735 6.
751 695 910 749 cap.4.)
945 697 970 722 *ἕ
993 696 1062 737 Ne
1081 695 1157 736 ulli
1177 704 1275 737 sunt
1296 694 1425 751 pedes
1447 695 1586 746 faceti,
1605 708 1653 735 ac
1670 693 1746 734 de·

302 749 411 793 liciis
432 750 688 807 ingredienti
709 751 894 794 mollius.

691 1025 1362 1097 FRAGMENTA

995 1189 1059 1217 Ex

477 1294 778 1355 LIBRIS
829 1292 1577 1355 PHILOSOPHICIS.

643 1571 1409 1625 OECONOMICORUM

1009 1689 1059 1713 Ex

788 1760 1279 1802 XENOPHONTE

943 1849 1052 1890 Lm.
1085 1849 1120 1890 I.

309 1927 521 1998 PRISC.
544 1953 614 1994 lib.
633 1953 688 2003 8.)
733 1952 881 1992 Homo
910 1965 959 1991 ex
986 1964 1037 1991 eo
1067 1964 1245 1991 numero
1273 1949 1512 2003 hominum,
1536 1952 1609 2008 qui
1637 1954 1751 2009 apud

312 2029 390 2055 nos
410 2013 492 2053 hoc
513 2010 684 2051 nomine
703 2008 944 2063 dignantur.

373 2070 513 2111 Com
524 2083 577 2108 M.
600 2066 671 2107 lib.
693 2075 752 2105 12.
773 2074 863 2119 cap.
886 2065 936 2117 1.)
975 2063 1175 2104 Maritale
1204 2063 1472 2119 conjugium,
1492 2065 1550 2105 sic
1577 2080 1752 2122 compa-

312 2136 453 2168 ratum
484 2134 548 2166 est
579 2133 743 2171 natura,
763 2131 811 2162 ut
838 2136 922 2161 non
948 2120 1087 2162 solum
1112 2119 1438 2176 jucundissima,
1459 2136 1601 2162 verum
1623 2123 1751 2164 etiam

313 2183 538 2224 utilissima
556 2181 651 2221 vitae
673 2179 850 2220 societas
871 2178 1058 2227 iniretur,
1078 2187 1122 2218 et
1149 2191 1199 2217 ne
1227 2191 1361 2232 genus
1389 2176 1622 2220 humanum
1644 2188 1754 2220 tern-

315 2240 430 2296 poris
460 2236 769 2293 longinquitate
798 2234 1022 2276 occideret.
1053 2242 1225 2289 propter
1252 2233 1333 2274 hoc
1355 2249 1445 2275 mas
1466 2249 1561 2276 cum
1585 2235 1756 2277 flemina

315 2305 378 2337 est
402 2295 682 2351 conjunctus:
705 2291 855 2333 deinde
875 2301 922 2332 ut
943 2306 992 2332 ex
1013 2290 1092 2332 hac
1114 2290 1261 2332 eadem
1284 2291 1481 2331 societate
1502 2292 1755 2334 mortalibus

316 2353 526 2409 adjutoria
555 2349 798 2399 se11ectutiS‚
820 2363 897 2390 nec
927 2349 1067 2389 minus
1095 2347 1414 2403 propugnacula
1442 2358 1754 2403 praeparentur:

316 2421 410 2451 tum
443 2409 584 2457 etiam,
606 2422 702 2448 cum
735 2406 868 2447 victus
897 2415 939 2446 et
967 2405 1105 2446 cultus
1134 2405 1343 2445 humanus
1372 2418 1470 2454 non,
1491 2405 1554 2445 uti
1581 2405 1692 2456 feris,
1713 2406 1756 2448 in

317 2465 559 2522 propatulo,
581 2479 628 2504 ac
657 2462 914 2504 silvestribus
943 2460 1062 2511 locis,
1084 2460 1155 2501 sed
1176 2460 1292 2501 domi
1323 2461 1400 2501 sub
1421 2470 1535 2502 tecto
1555 2476 1756 2504 accuran-

317 2523 396 2564 dus
418 2530 540 2572 esset,
562 2519 842 2561 necessarium
864 2518 959 2568 fuit,
975 2518 1225 2558 alterutrum
1247 2517 1346 2557 foris
1369 2517 1446 2558 sub
1468 2517 1538 2558 dio
1559 2533 1662 2569 esse,
1683 2520 1756 2575 qui

317 2580 475 2630 labore,
498 2587 539 2619 et
569 2577 772 2618 industria
795 2582 1058 2630 compararet
1077 2591 1086 2614 ε
1119 2574 1246 2622 intus,
1264 2573 1337 2628 qui
1357 2574 1477 2615 tectis
1498 2575 1756 2627 reconderet,

318 2647 444 2691 atque
469 2634 729 2676 custodiret:
765 2633 798 2673 si
829 2631 1001 2688 quidem
1031 2631 1094 2672 vel
1125 2630 1331 2681 rusticari,
1362 2631 1424 2672 ve]
1456 2631 1662 2686 navigare,
1692 2633 1753 2674 vel

318 2694 442 2734 etiam
465 2693 546 2733 alio
567 2704 721 2746 genere
739 2689 945 2744 negotiari
967 2702 1135 2729 necesse
1156 2697 1258 2736 erat,
1279 2696 1326 2727 ut
1355 2687 1514 2743 aliquas
1535 2688 1757 2731 facultates

318 2750 501 2805 acquire]
515 2763 646 2789 vinus.
710 2746 820 2787 Cum
841 2760 935 2786 vero
957 2755 1111 2801 paratae
1133 2759 1197 2784 res
1219 2744 1295 2784 sub
1317 2754 1475 2785 tectum
1495 2755 1635 2787 essent
1652 2760 1756 2786 con-

318 2815 463 2861 gestos.
487 2806 617 2846 aliurn
637 2818 727 2846 esse
753 2802 956 2859 oportuit,
978 2802 1050 2858 qui
1072 2810 1115 2842 et
1136 2801 1270 2841 illatas
1290 2800 1534 2850 custodiret,
1555 2811 1597 2842 et
1616 2811 1756 2843 cetera

318 2866 545 2905 conticeret
574 2876 715 2918 opera,
746 2875 841 2917 quae
872 2858 989 2902 domi
1018 2858 1219 2900 deberent
1252 2857 1545 2900 administrari.
1585 2873 1683 2900 nam
1712 2867 1756 2901 et
