1844 3202
654 104 1066 144 CONSOLATIO.
1491 109 1570 152 979

131 223 197 257 tos
218 215 329 265 illos,
351 229 399 256 ac
421 214 590 271 penitus
610 213 799 269 abjectos
820 228 927 255 esse.
947 211 1067 268 quasi
1089 225 1183 252 vero
1213 211 1373 267 aliquid
1401 211 1566 253 accide-

131 272 200 322 rit,
220 271 337 327 quod
359 271 422 312 vel
444 279 539 312 ante
561 270 674 326 ipsos
697 269 866 321 nemini,
886 278 975 319 aut,
994 267 1110 324 quod
1130 267 1247 322 ipsis,
1268 269 1302 309 si
1323 268 1462 309 minus
1483 267 1565 310 hoc

124 336 338 384 tempore,
369 328 516 368 saltem
544 326 688 382 paucis
710 336 806 382 post
827 326 943 367 annis
968 340 1051 366 non
1074 334 1315 365 eventurum
1340 324 1477 366 suerit.
1500 339 1564 376 ac,

126 398 224 425 cum
248 384 430 425 maxime
452 383 593 424 animo
614 383 755 438 vigere
777 383 990 431 deberent,
1022 390 1111 422 tum
1141 379 1349 435 praecipue
1381 395 1462 421 non
1493 396 1563 421 so-

126 439 215 481 lum
247 441 488 496 praeteritae,
510 441 744 495 patriaeque
777 438 954 487 virtutis,
976 437 1049 478 sed
1075 437 1201 478 etiam
1225 437 1421 477 humanae
1440 437 1563 492 legis,

123 510 173 537 ac
198 511 318 552 paene
339 496 645 537 obliviscuntur
665 497 744 537 sui.
766 504 930 536 tantum
953 495 993 535 in
1015 508 1162 535 eorum
1184 493 1333 534 animis
1362 492 1561 535 mollities

122 562 282 607 potest,
301 567 348 594 ac
371 552 545 593 servitus
568 552 761 608 qnaedam
785 551 959 601 doloris,
980 560 1107 606 atque
1130 550 1323 591 tristitiae.
1381 550 1451 590 An
1477 563 1561 604 ego

120 608 243 650 illum
260 609 452 665 judicare
475 609 651 650 liberum
675 609 849 663 possim,
871 609 939 649 eui
960 607 1083 648 dolor
1104 607 1311 662 imperat?
1346 621 1473 661 quem
1494 621 1560 646 re-

122 666 320 720 pentinus
342 680 462 706 casus
485 666 716 721 perturbat,
739 665 933 720 impellit,
953 663 1127 705 evertit?
1161 663 1234 718 qui
1258 662 1359 703 nihil
1378 677 1464 717 prae
1481 661 1560 703 do-

119 721 220 763 loris
252 722 555 778 magnitudine,
585 721 788 776 cogitare,
812 721 913 762 nibil
944 720 1137 761 meditari
1169 720 1328 775 queat?
1362 719 1432 775 qui
1456 718 1560 760 nihil

118 778 162 819 in
184 793 228 819 se
250 778 367 834 ipso:
401 778 440 819 in
465 778 741 833 temporibus,
762 787 889 833 atque
910 777 951 818 in
983 777 1168 826 fortuna,
1189 791 1285 832 quae
1316 775 1558 817 stabilitatis

118 834 222 876 nihil
248 835 391 887 habet,
414 850 488 875 sua
514 844 641 890 ponat
663 834 836 875 omnia?
858 848 942 889 ego
959 848 1056 874 vero
1073 833 1194 875 istam
1219 847 1302 873 non
1321 831 1451 873 modo
1469 847 1558 874 ser-

118 891 312 941 vitutem,
333 892 404 932 sed
424 906 543 946 paene
563 891 866 946 captivitatem,
887 900 929 931 et
949 890 1121 946 quidem
1144 889 1437 939 miserrimam,
1457 904 1555 930 cen·

118 949 291 989 suerim.
313 948 416 1004 quid
437 948 549 989 enim
573 947 746 988 interest
768 948 875 989 inter
905 962 1020 997 eum,
1041 946 1113 1002 qui
1145 946 1308 987 vinctus
1335 946 1388 986 ab
1420 945 1556 987 hosti-

116 1004 211 1055 bus,
232 1016 274 1046 et
295 1005 531 1046 carceribus
559 1005 799 1054 conclusus,
825 1003 1080 1053 obsideatur,
1103 1013 1147 1044 et
1174 1017 1290 1053 eum,
1310 1002 1381 1058 qui
1408 1001 1556 1044 dolore

114 1071 279 1116 captus,
301 1076 378 1114 suo
400 1075 572 1116 prorsus
593 1071 730 1101 careat
757 1060 929 1101 arbitrio
949 1062 962 1101 ?
995 1068 1037 1100 at
1060 1059 1127 1101 ille
1149 1059 1337 1114 quidem,
1359 1059 1437 1100 etsi
1457 1074 1551 1100 cor-

114 1131 217 1172 pore
251 1118 412 1167 serviat,
445 1118 586 1158 animo
621 1126 761 1157 tamen
792 1117 898 1158 liber
925 1125 1004 1168 est,
1029 1130 1107 1157 nec
1137 1115 1304 1156 dubitat
1324 1115 1553 1171 aliquando

114 1174 220 1226 fore,
242 1183 288 1215 ut
309 1174 545 1215 libertatem
566 1184 842 1229 assequatur:
863 1173 935 1228 qui
956 1187 1053 1214 vero
1074 1172 1213 1214 dolori
1232 1183 1366 1228 paret,
1385 1187 1460 1213 nec
1481 1187 1554 1214 va-

112 1229 172 1272 let
191 1245 383 1285 corpore,
405 1240 445 1271 et
466 1230 608 1271 animo
629 1245 758 1286 quam
779 1230 961 1270 maxime
982 1229 1160 1271 laborat.
1187 1243 1273 1270 non
1298 1228 1412 1269 enim
1442 1229 1550 1270 ami-

110 1286 171 1327 cis
199 1288 297 1336 frui,
327 1302 412 1328 non
446 1287 688 1342 reipublicae
719 1287 937 1342 prodesse,
967 1301 1051 1327 non
1084 1287 1262 1341 privatas
1294 1300 1358 1326 res
1388 1300 1550 1338 curare,

111 1357 195 1384 non
228 1344 408 1398 publicis
438 1344 658 1384 consulere
689 1353 843 1399 potest.
875 1344 934 1384 ita
960 1343 1003 1383 in
1030 1343 1134 1393 otio,
1155 1354 1198 1383 et
1220 1341 1390 1398 quidem
1413 1344 1549 1384 mole-

113 1399 314 1450 stissimo,
337 1415 413 1441 nec
435 1401 633 1456 cuiquam
655 1408 788 1455 paret,
810 1409 852 1440 et
875 1410 1015 1441 tamen
1036 1399 1115 1439 sibi
1137 1413 1221 1440 non
1251 1400 1445 1454 imperat.
1477 1400 1550 1456 qui

110 1470 208 1497 cum
240 1457 432 1507 assiduis,
464 1467 507 1498 et
536 1457 728 1497 maximis
760 1465 976 1511 prematur
1005 1455 1226 1511 angustiiS,
1247 1455 1425 1497 alterum
1458 1470 1550 1498 esse

109 1527 280 1554 necesse
300 1525 378 1564 est,
400 1524 446 1554 ut
466 1512 669 1568 quamdiu
690 1513 731 1553 in
752 1513 899 1554 dolore
919 1523 1119 1562 versatur,
1140 1526 1306 1567 semper
1325 1512 1451 1554 miser
1467 1514 1547 1555 sit:

109 1569 288 1610 alterum
312 1569 398 1610 fieri
418 1570 534 1611 nullo
554 1569 685 1611 modo
705 1578 863 1625 potest,
880 1579 941 1620 ut,
960 1569 1040 1610 nisi
1060 1568 1203 1610 dolere
1222 1568 1403 1620 desinat,
1423 1584 1447 1610 a
1466 1570 1547 1612 mi—

105 1626 224 1667 seriis
245 1626 466 1667 eximatur.
517 1627 691 1668 Quanto
714 1625 942 1681 sapientius
963 1625 1220 1681 Xenophon,
1241 1625 1328 1680 qui,
1350 1640 1449 1667 cum
1480 1641 1546 1668 sa-
1572 1671 1580 1679 ,

105 1696 179 1723 era
213 1683 416 1723 solemnia
448 1692 681 1738 perageret,
711 1683 1002 1738 majoremque
1034 1692 1134 1723 natu
1164 1682 1297 1723 filium
1327 1682 1368 1723 in
1397 1683 1545 1738 praelio

107 1739 220 1794 apud
244 1739 510 1780 Mantineam
533 1739 734 1780 cecidisse
756 1739 934 1788 audiret,
955 1753 1156 1780 coronam
1180 1748 1345 1780 tantum
1365 1754 1388 1780 e
1409 1740 1545 1795 capite

105 1793 318 1850 deposuit,
340 1796 414 1836 sed
447 1796 490 1836 in
523 1797 649 1837 sacris
684 1796 937 1851 peragendis
972 1806 1215 1836 constanter
1243 1796 1439 1850 perstitit.
1468 1798 1544 1840 ubi

106 1866 203 1893 vero
223 1853 438 1907 cognovit,
458 1853 623 1893 fortiter
652 1862 913 1908 pugnantem
935 1852 1154 1902 occidisse,
1175 1866 1377 1893 eoronam
1399 1868 1542 1895 rursus

104 1908 234 1963 capiti
255 1909 471 1964 imposuit,
494 1908 681 1964 deosque
704 1910 831 1964 ipsos,
854 1909 1007 1965 quibus
1026 1908 1240 1960 litabatur,
1262 1919 1437 1951 testatus
1463 1923 1541 1961 est,

106 1966 312 2021 majorem
345 1980 388 2006 se
410 1980 459 2006 ex
483 1965 554 2006 filii
576 1965 726 2007 virtute
747 1965 1022 2021 voluptatem,
1044 1980 1170 2021 quam
1192 1979 1242 2006 ex
1262 1966 1384 2006 obitu
1404 1967 1541 2008 mole-

104 2021 227 2062 stiam
262 2021 437 2077 cepisse.
468 2021 569 2063 huic
603 2036 686 2078 ego
718 2037 803 2062 non
838 2022 1082 2072 dubitarim,
1103 2022 1205 2078 quin
1234 2023 1391 2073 omnia,
1423 2038 1541 2079 quae—

103 2092 287 2134 cumque
309 2078 498 2120 accidere
527 2087 698 2134 possent
721 2078 762 2119 in
786 2078 881 2130 vita,
903 2079 1060 2120 nullam
1096 2088 1235 2120 essent
1261 2079 1543 2134 perturbatio-

102 2149 198 2175 nem
229 2134 421 2176 allatura.
452 2135 521 2191 qui
553 2135 664 2176 enim
687 2149 823 2190 usque
843 2150 894 2176 eo
924 2136 966 2176 in
986 2135 1162 2177 deorum
1184 2135 1304 2176 cultu
1329 2146 1540 2188 constans,

103 2200 147 2232 et
178 2191 322 2232 firmus
344 2202 467 2242 esset,
489 2203 536 2232 ut
557 2206 692 2247 neque
719 2192 792 2232 filii
822 2203 960 2233 morte
988 2192 1194 2241 nuntiata,
1216 2193 1269 2233 ab
1297 2193 1347 2234 iis
1375 2195 1540 2236 avocari

100 2257 258 2303 posset,
281 2262 357 2289 cur
375 2263 474 2289 eum
495 2250 662 2290 credam
685 2248 755 2290 filii
777 2258 914 2290 morte
934 2248 1123 2305 lugenda
1141 2264 1166 2289 a
1185 2249 1362 2290 deorum
1389 2251 1538 2292 volun-

102 2312 189 2345 tate
209 2304 496 2346 dissensurum
531 2305 658 2346 fuisse
680 2306 693 2345 ?
726 2315 802 2346 aut
821 2305 893 2361 qui
913 2305 1126 2356 virtutem,
1148 2305 1220 2347 filii
1239 2306 1333 2348 vitae
1354 2309 1534 2349 antefer-

99 2370 178 2411 ret,
202 2376 287 2402 non
301 2362 397 2416 jure
418 2361 533 2402 credi
553 2362 700 2416 possit,
729 2362 849 2403 illum
872 2372 916 2404 et
936 2362 1098 2403 virtutis
1128 2362 1271 2404 studio
1302 2364 1536 2415 incensum,

98 2426 143 2458 et
178 2417 324 2472 patriae
363 2419 537 2459 caritate
574 2418 822 2473 impulsum,
854 2433 1000 2460 omnes
1035 2419 1264 2470 molestias,
1302 2434 1536 2477 omnesque

97 2473 359 2515 calamitates
379 2473 656 2516 libentissime
683 2475 811 2516 fuisse
839 2476 1077 2517 subiturum
1098 2477 1111 2516 ?
1145 2476 1217 2517 sed
1239 2491 1324 2532 quo
1346 2478 1536 2527 rariores,

99 2531 170 2585 qui
201 2530 282 2571 hoc
312 2530 440 2571 modo
462 2531 634 2572 animati
658 2532 756 2579 sint,
776 2531 856 2574 hoc
879 2533 1165 2587 praeclariores
1186 2533 1275 2574 viri.
1296 2534 1397 2574 nihil
1421 2535 1533 2575 enim

99 2585 152 2626 ad
173 2586 341 2628 laudem
361 2587 577 2637 illustrius,
592 2603 719 2643 quam
742 2589 783 2629 in
806 2598 1005 2630 aeternam
1025 2589 1222 2644 gloriam,
1238 2590 1370 2631 autin
1385 2591 1533 2645 patriae

98 2642 327 2684 utilitatem
364 2644 613 2695 intuentem,
634 2654 708 2686 aut
742 2645 891 2686 saltem
926 2646 1092 2687 fortiter
1121 2646 1288 2687 dolores
1322 2647 1533 2701 perferen·

99 2708 201 2749 tem,
223 2709 264 2740 et
283 2715 384 2742 cum
406 2700 578 2741 fortuna
596 2701 844 2752 luctantem,
865 2703 1080 2758 negligere
1112 2703 1313 2743 humana.
1344 2717 1438 2758 quae
1461 2704 1535 2759 qui

97 2755 276 2797 nimium
302 2765 468 2808 curant,
487 2757 516 2798 ii
536 2757 672 2798 laudis
691 2757 893 2809 studium,
915 2759 1068 2800 civium
1089 2759 1332 2810 commoda,
1351 2759 1534 2816 denique

98 2812 255 2864 omnia,
277 2828 372 2870 quae
399 2812 629 2857 laudabilia
649 2824 867 2870 putantur,
889 2830 1058 2870 prorsus
1078 2830 1102 2857 e
1122 2825 1277 2867 mente,
1299 2830 1347 2857 ac
1367 2817 1533 2873 cogita·

749 2885 881 2935 ‚31³4
