1844 3202
605 93 784 132 LIBER
818 91 1096 130 TERTIUS.

1488 92 1563 137 765

123 201 274 258 possis,
296 202 331 246 si
359 200 462 260 quid
490 200 546 244 ob
575 215 669 242 eam
696 213 867 240 causam
895 198 1013 240 alteri
1043 198 1285 249 detraxeris,
1313 214 1395 240 non
1426 200 1478 241 sit
1499 213 1564 241 re·-

122 260 487 322 prehendendum.
510 257 572 299 sin
591 265 731 298 autem
754 255 798 297 id
819 270 903 297 non
925 257 977 296 sit
997 254 1234 311 ejusmodi:
1265 269 1388 296 suum
1411 256 1563 312 cuique

119 317 443 359 incommodum
473 313 692 356 ferendum
724 322 787 354 est
817 313 971 368 potius,
1000 326 1126 368 quain
1159 311 1211 351 de
1240 311 1409 352 alterius
1440 327 1559 353 com-

121 373 261 414 modis
282 370 602 414 detrahendum.
661 371 763 411 Non
792 369 924 424 igitur
957 383 1092 424 magis
1117 377 1180 409 est
1201 377 1348 409 contra
1367 378 1558 410 naturam

119 429 310 479 morbus,
341 437 417 470 aut
445 437 626 483 egestas,
656 435 730 467 aut
760 425 857 481 quid
891 424 1151 482 hujusmodi,
1191 439 1319 480 quam
1351 423 1556 467 detractio
1569 446 1664 478 μη,

638 483 722 524 Sed
749 483 987 523 communis
1006 480 1199 523 utilitatis
1218 480 1435 522 derelictio
1457 494 1594 522 con-²²-

118 494 192 526 aut
212 485 416 540 appetitio
441 484 579 525 alieni.

116 548 182 581 tra
212 551 404 582 naturam
437 552 515 582 est.
547 549 611 582 est
640 540 751 581 enim
785 539 953 595 injusta.
990 539 1131 594 itaque
1164 538 1231 578 lex
1262 538 1352 593 ipsa
1382 534 1616 590 naturae,3l

148 611 212 637 uae
233 597 459 640 utilitatem
482 597 702 638 hominurn
724 606 940 637 conservat
965 606 1007 636 et
1028 595 1230 645 continet,
1251 594 1438 635 decernit
1456 609 1556 649 pro-

134 661 244 704 ecto,
264 662 312 695 ut
328 655 380 695 ab
399 654 572 695 homine
590 653 713 695 inerti
727 664 854 708 atque
871 652 1022 703 inutili,
1040 652 1093 692 ad
1113 652 1360 707 sapientem,
1380 651 1557 704 bonum,

112 708 352 766 fortemque
371 711 506 752 virum
529 710 830 752 transferantur
857 723 922 750 res
950 708 1003 749 ad
1032 709 1251 749 vivendum
1283 709 1556 750 necessariae:

114 766 188 822 qui
219 767 253 807 si
287 767 502 818 occiderit,
534 767 720 808 multum
754 765 807 806 de
839 765 1056 822 communi
1089 765 1272 806 utilitate
1302 764 1555 807 detraxerit:

114 822 246 864 modo
268 823 350 865 hoc
370 824 429 865 ita
454 824 593 874 faciat,
616 833 663 864 ut
688 836 740 863 ne
765 823 855 878 ipse
884 821 936 863 de
967 836 1011 863 se
1037 822 1144 863 bene
1165 821 1423 870 existimans,
1443 836 1556 863 sese-

113 894 196 935 que
227 879 422 936 diligens,
451 880 561 921 hanc
591 894 762 921 causam
796 878 948 920 habeat
978 878 1031 919 ad
1061 878 1271 934 injuriam.
1302 880 1360 919 ita
1391 893 1557 934 semper

113 936 253 978 officio
287 937 503 992 fungetur,
532 936 706 978 utilitati
741 936 965 977 consulens
996 935 1235 986 hominum,
1266 946 1308 976 et
1337 936 1389 986 ei,

111 1007 224 1048 saepe
253 1008 559 1044 commemoro,
590 993 786 1034 humanae
815 992 1020 1033 societati.

1427 951 1555 992 quam

1078 994 1194 1033 Nam
1216 993 1330 1048 quod
1361 992 1413 1033 ad
1446 993 1616 1040 Pha-32

113 1049 236 1090 latim
268 1051 433 1101 attinet,
454 1050 652 1106 perfacile
667 1049 878 1106 judicium
909 1059 986 1090 est.
1008 1048 1123 1090 nulla
1143 1049 1255 1090 enim
1278 1049 1398 1090 nobis
1419 1050 1552 1092 socie-

111 1115 176 1147 tas
205 1120 305 1147 cum
336 1107 538 1164 tyrannis,
569 1107 643 1148 sed
675 1106 815 1162 potius
846 1120 1012 1147 summa
1041 1105 1258 1146 distractio
1289 1117 1381 1147 est:
1419 1121 1555 1162 neque

109 1171 176 1203 est
193 1173 342 1204 contra
369 1173 577 1213 naturam,
611 1163 791 1218 spoliare
820 1177 918 1203 eum
949 1162 982 1202 si
1005 1162 1154 1217 possis,
1177 1177 1305 1218 quem
1326 1163 1554 1205 honestum

111 1225 176 1260 est
196 1233 369 1260 necare:
391 1229 519 1275 atque
539 1219 620 1260 hoc
643 1233 769 1260 omne
788 1233 924 1273 genus
944 1218 1188 1273 pestiferum
1211 1229 1338 1276 atque
1359 1219 1553 1274 impium,

109 1289 163 1316 ex
183 1274 408 1317 hominum
439 1276 745 1317 communitate
775 1275 1139 1317 exterminandum
1165 1285 1243 1317 est.

1302 1276 1486 1327 Etenim,
1506 1288 1555 1319 ut

108 1332 303 1373 membra
331 1333 527 1389 quaedam
557 1341 846 1388 amputantur,
873 1332 907 1372 si
937 1340 979 1372 et
1009 1332 1101 1387 ipsa
1130 1333 1348 1387 sanguine,
1371 1342 1413 1373 et
1443 1343 1554 1375 tam-

107 1403 237 1444 quam
271 1389 420 1445 spiritu
450 1403 591 1432 carere
624 1398 859 1445 coeperunt,
895 1398 938 1429 et
967 1398 1122 1430 nocent
1157 1390 1328 1444 reliquis
1363 1391 1553 1445 partibus

108 1444 299 1501 corporis
317 1463 326 1488 ε
359 1446 418 1487 sic
438 1446 518 1487 ista
550 1446 594 1486 in
623 1446 758 1501 figura
788 1444 972 1486 hominis
993 1446 1133 1486 feritas
1155 1454 1198 1485 et
1218 1447 1457 1487 immanitas
1476 1448 1552 1488 be-

105 1500 206 1553 luae,
236 1509 276 1535 26
291 1517 317 1544 a
343 1503 563 1544 communi
584 1513 802 1558 tamquam
824 1502 1088 1543 humanitate
1108 1503 1295 1557 corporis
1317 1517 1549 1558 segregan—

105 1558 161 1600 da
179 1568 256 1601 est.

315 1560 459 1617 Hujus
485 1560 654 1615 generis
675 1569 774 1600 sunt
792 1559 1046 1614 quaestiones
1069 1574 1217 1599 omnes
1235 1573 1311 1610 eae,
1331 1575 1373 1600 m
1396 1561 1550 1615 quibus

103 1629 156 1656 ex
175 1624 366 1672 tempore
395 1616 577 1658 officium
607 1616 853 1671 exquiritur.
912 1616 1136 1671 Ejusmodi
1156 1616 1300 1671 igitur,
1321 1617 1464 1666 credo,
1484 1632 1548 1658 res
1564 1626 1597 1680 7

108 1672 342 1714 Panaetium
369 1682 690 1728 persecuturum
718 1673 860 1722 fuisse,
890 1672 971 1712 nisi·
996 1672 1127 1728 aliqui
1153 1687 1289 1723 casus,
1318 1683 1391 1714 aut
1419 1688 1547 1715 occu·
1560 1700 1610 1732 33

103 1728 223 1783 patio
260 1730 484 1771 eonsilium
524 1729 615 1785 ejus
655 1728 926 1784 peremisset:
959 1728 1010 1769 ad
1051 1743 1156 1784 quas
1189 1729 1298 1784 ipsas
1331 1730 1547 1772 consulta-

103 1784 241 1827 tiones
269 1800 321 1826 ex
351 1786 637 1842 superioribus
670 1785 786 1826 libris
813 1785 913 1826 satis
933 1786 1066 1826 multa
1085 1796 1296 1841 praecepta
1319 1797 1431 1837 sunt,
1453 1788 1549 1843 qui.-

103 1840 185 1882 bus
217 1842 397 1898 perspici
431 1843 578 1898 possit,
609 1842 710 1898 quid
748 1842 801 1882 sit
833 1851 1005 1897 propter
1037 1842 1343 1897 turpitudinem
1379 1844 1548 1900 fugien-

103 1897 208 1938 dum
225 1915 236 1948 ;
269 1898 386 1954 quid,
409 1899 524 1955 quod
543 1899 702 1940 idcirco
723 1898 975 1953 fugiendum
999 1913 1082 1939 non
1104 1900 1172 1950 sit,
1197 1907 1234 1935 α7
1255 1900 1354 1955 quia
1371 1902 1547 1943 omnino

103 1963 229 2010 turpe
249 1970 333 1996 non
353 1958 420 1997 sit.
479 1955 563 1996 Sed
583 1955 782 2011 quoniam
805 1955 922 2010 operi
943 1955 1159 2005 inchoato,
1189 1964 1228 1988 ‘28
1246 1966 1288 1997 et
1309 1971 1439 2012 prope
1454 1958 1545 2013 jam
1559 1977 1590 2009 b.

102 2011 314 2064 absoluto,
336 2021 552 2068 tamquam
573 2012 793 2067 fastigium
813 2011 1074 2066 imponimus
1095 2029 1103 2053 ε
1136 2022 1184 2053 ut
1216 2023 1447 2068 geometrae
1479 2030 1548 2056 so-

99 2067 192 2110 lent
210 2083 294 2109 non
313 2069 457 2110 omnia
479 2069 645 2120 docere,
666 2068 738 2109 sed
757 2068 986 2124 postulare,
1006 2079 1055 2110 ut
1076 2069 1272 2125 quaedam
1293 2071 1373 2111 sibi
1393 2085 1546 2112 conce-

101 2122 269 2177 dantur,
301 2134 342 2160 29
355 2141 440 2183 quo
469 2125 649 2177 facilius3
683 2140 777 2183 quae
813 2125 955 2177 velint,
988 2126 1226 2182 explicent:
1257 2126 1316 2168 sic
1348 2141 1430 2184 ego
1456 2143 1481 2170 a
1505 2138 1547 2171 te

152 2279 193 2304 96
214 2285 233 2303 a
262 2274 402 2304 communi
431 2280 582 2316 tamquam
618 2273 800 2304 humanitate

100 2315 239 2356 corporis]
256 2318 384 2350 Haesere
400 2318 431 2347 in
446 2318 508 2348 hoc
523 2318 579 2348 viri
595 2319 691 2348 docti.
723 2318 799 2348 Mu-

100 2368 184 2390 retus
201 2361 336 2398 conjecit
352 2360 524 2400 legendum
539 2373 567 2389 a.
586 2372 609 2391 c.
628 2367 650 2390 t.
666 2360 799 2389 humani-

100 2402 172 2432 !‹m's
194 2409 317 2442 corpore,
339 2404 479 2443 itemque
507 2404 537 2433 J.
562 2404 596 2433 F.
620 2403 800 2434 Gronovius

100 2445 180 2476 Obs.
198 2445 258 2482 111,
273 2450 302 2476 6.
339 2446 502 2477 Pearcius:
521 2458 538 2476 a
554 2446 707 2476 communis
723 2453 798 2476 tam-

99 2499 187 2530 quam
211 2488 390 2518 humanitate
411 2490 532 2528 corporis
543 2501 553 2518 .-
578 2490 663 2529 quod
678 2497 724 2520 est
739 2491 798 2521 ‹lu-

100 2532 176 2562 rius.
220 2531 396 2570 Vulgatum
419 2533 557 2563 defendit
577 2533 645 2563 Jac.
676 2533 800 2563 Grono-

99 2575 184 2610 vius,
213 2574 393 2613 intelligens
422 2574 612 2605 humanitatis
640 2576 737 2606 verbo
768 2576 799 2607 id

98 2617 185 2656 quod
201 2618 394 2647 contrarium
407 2625 452 2647 est
468 2617 672 2655 immanitati,
689 2626 798 2658 estque

100 2659 134 2690 in
151 2660 296 2696 homine,
317 2660 402 2690 velut
425 2662 553 2699 sanguis
576 2668 606 2691 et
621 2662 746 2701 spiritus
763 2664 797 2693 in

98 2711 239 2742 corpore,
254 2704 338 2742 quod
363 2713 455 2733 carne
477 2710 509 2733 et
523 2704 644 2735 ossibus
659 2711 796 2735 constat.

99 2754 167 2775 non
183 2745 276 2776 male.
292 2755 351 2776 nec
368 2754 474 2776 tamen
488 2747 561 2776 satis
577 2754 739 2779 assecutus
751 2755 797 2778 est

98 2794 155 2818 aut
169 2788 337 2827 explicavit
353 2790 506 2819 rationem
523 2790 635 2820 formae
651 2791 748 2828 hujus
766 2798 797 2821 et

96 2830 300 2873 elegantiam.
344 2832 468 2872 Proprie
490 2839 521 2863 et
543 2832 729 2873 simpliciter
749 2834 796 2865 di-

158 2885 274 2915 VOL.
299 2887 367 2915 1v.
391 2888 430 2915 P.
454 2887 509 2916 11.

841 2274 950 2310 xisset‚
967 2285 986 2303 a
1009 2273 1149 2303 communi
1171 2281 1321 2317 tamquam
1344 2282 1466 2315 corpore,
1490 2288 1545 2317 pro

842 2318 1038 2356 corpor-edixit
1050 2317 1209 2356 eleganter
1217 2318 1398 2349 humanitate
1409 2322 1544 2361 corporis,

841 2361 916 2399 quia
938 2370 1052 2400 corpus
1075 2361 1108 2391 h.
1122 2361 1142 2391 l.
1167 2368 1213 2390 est
1238 2363 1369 2393 societas
1386 2364 1544 2402 humana,

843 2413 897 2444 per
911 2412 1010 2443 quarn
1029 2404 1202 2434 hominum
1220 2405 1256 2435 fit
1270 2406 1359 2444 quasi
1376 2416 1501 2446 corpus.

887 2452 924 2482 27
949 2447 1020 2487 qnia
1041 2447 1151 2475 omuino
1174 2454 1258 2487 turpe
1279 2459 1331 2477 non
1351 2449 1402 2488 sit]
1426 2450 1467 2479 sit
1488 2460 1544 2490 pro

841 2496 883 2519 est
904 2490 1050 2520 dedimus
1073 2499 1089 2520 e
1113 2490 1192 2521 Mss.
1208 2498 1239 2521 et
1261 2492 1331 2522 edd.
1348 2502 1393 2533 pr.
1411 2493 1544 2533 quibus-

842 2533 930 2568 dam,
949 2540 983 2563 ut
1001 2533 1089 2571 Mog.

886 2582 924 2606 28
950 2582 977 2604 et
994 2582 1084 2615 prope
1095 2574 1165 2614 jam
1188 2575 1331 2617 absoluto]
1358 2577 1430 2607 Hoc
1456 2578 1543 2609 Grae-

841 2619 911 2648 vius
923 2619 1030 2655 edidit,
1047 2618 1163 2649 melius
1178 2620 1308 2658 vulgato
1317 2627 1406 2659 prope
1423 2630 1526 2651 tamen.

884 2668 925 2694 29
948 2673 1003 2705 quo
1014 2661 1083 2702 fac.
1105 2673 1171 2704 quae
1186 2661 1295 2699 velint,
1311 2663 1469 2701 explicent?
1489 2664 1542 2694 Sit:

839 2714 895 2744 pro
910 2705 1052 2744 vulgato,
1064 2715 1129 2746 quae
1144 2704 1260 2741 volunt,
1275 2706 1427 2744 rescripsi,
1442 2707 1541 2738 etiarn

840 2747 993 2778 latinitate
1016 2748 1208 2786 postulante,
1233 2759 1297 2790 qua
1322 2748 1428 2784 velint,
1447 2758 1481 2778 ut
1496 2756 1544 2781 est

839 2791 873 2820 in
901 2791 964 2820 Ms.
994 2791 1090 2821 Goth.
1120 2791 1189 2821 edd.
1217 2791 1305 2829 Mog.
1337 2791 1434 2823 Rorm
1459 2792 1539 2824 ven.

842 2838 934 2867 1471.
951 2833 1084 2865 Mediol.
1098 2834 1172 2865 Ald.
1190 2833 1273 2864 Vict.

836 2887 917 2931 31>
