<?xml version="1.0" encoding="UTF-8"?>
<!DOCTYPE html PUBLIC "-//W3C//DTD XHTML 1.0 Transitional//EN"
    "http://www.w3.org/TR/xhtml1/DTD/xhtml1-transitional.dtd">
<html xmlns="http://www.w3.org/1999/xhtml" xml:lang="en" lang="en">
 <head>
  <title>
</title>
<meta http-equiv="Content-Type" content="text/html;charset=utf-8" />
  <meta name='ocr-system' content='tesseract 3.04.00' />
  <meta name='ocr-capabilities' content='ocr_page ocr_carea ocr_par ocr_line ocrx_word'/>
</head>
<body>
  <div class='ocr_page' id='page_1' title='image "./p2operaomnia04ciceuoft_0089.png"; bbox 0 0 1844 3202; ppageno 0'>
   <div class='ocr_carea' id='block_1_1' title="bbox 590 104 1535 155">
    <p class='ocr_par' dir='ltr' id='par_1_1' title="bbox 590 104 1535 155">
     <span class='ocr_line' id='line_1_1' title="bbox 590 104 1535 155; baseline 0 -11"><span class='ocrx_word' id='word_1_1' title='bbox 590 105 770 144; x_wconf 80' lang='lat' dir='ltr'><strong>LIBER</strong></span> <span class='ocrx_word' id='word_1_2' title='bbox 807 104 1051 144; x_wconf 79' lang='lat' dir='ltr'><strong>PRIMUS.</strong></span> <span class='ocrx_word' id='word_1_3' title='bbox 1457 108 1535 155; x_wconf 79' lang='lat'>699</span> 
     </span>
    </p>
   </div>
   <div class='ocr_carea' id='block_1_2' title="bbox 70 209 1644 2075">
    <p class='ocr_par' dir='ltr' id='par_1_2' title="bbox 70 209 1644 2075">
     <span class='ocr_line' id='line_1_2' title="bbox 109 209 1531 267; baseline -0.001 -11"><span class='ocrx_word' id='word_1_4' title='bbox 109 215 325 257; x_wconf 81' lang='lat' dir='ltr'>conferre:</span> <span class='ocrx_word' id='word_1_5' title='bbox 386 213 496 256; x_wconf 84' lang='lat' dir='ltr'>uales</span> <span class='ocrx_word' id='word_1_6' title='bbox 515 211 556 253; x_wconf 90' lang='lat' dir='ltr'>in</span> <span class='ocrx_word' id='word_1_7' title='bbox 578 226 650 253; x_wconf 89' lang='lat' dir='ltr'>eos</span> <span class='ocrx_word' id='word_1_8' title='bbox 677 226 766 254; x_wconf 88' lang='lat' dir='ltr'>esse</span> <span class='ocrx_word' id='word_1_9' title='bbox 797 211 1013 263; x_wconf 85' lang='lat' dir='ltr'><strong>debemus,</strong></span> <span class='ocrx_word' id='word_1_10' title='bbox 1035 212 1107 267; x_wconf 92' lang='lat' dir='ltr'>qui</span> <span class='ocrx_word' id='word_1_11' title='bbox 1133 209 1224 267; x_wconf 90' lang='lat' dir='ltr'>jam</span> <span class='ocrx_word' id='word_1_12' title='bbox 1256 212 1531 266; x_wconf 87' lang='lat' dir='ltr'>profuerunt?</span> 
     </span>
     <span class='ocr_line' id='line_1_3' title="bbox 109 267 1534 324; baseline -0.001 -12"><span class='ocrx_word' id='word_1_13' title='bbox 109 271 222 312; x_wconf 87' lang='lat' dir='ltr'>Nam</span> <span class='ocrx_word' id='word_1_14' title='bbox 243 286 338 313; x_wconf 90' lang='lat' dir='ltr'>cum</span> <span class='ocrx_word' id='word_1_15' title='bbox 392 284 447 312; x_wconf 91' lang='lat' dir='ltr'>uo</span> <span class='ocrx_word' id='word_1_16' title='bbox 465 283 621 324; x_wconf 88' lang='lat' dir='ltr'>genera</span> <span class='ocrx_word' id='word_1_17' title='bbox 638 268 897 310; x_wconf 85' lang='lat' dir='ltr'>liberalitatis</span> <span class='ocrx_word' id='word_1_18' title='bbox 917 268 1014 319; x_wconf 83' lang='lat' dir='ltr'>sint,</span> <span class='ocrx_word' id='word_1_19' title='bbox 1031 282 1163 309; x_wconf 92' lang='lat' dir='ltr'>unum</span> <span class='ocrx_word' id='word_1_20' title='bbox 1185 267 1310 308; x_wconf 88' lang='lat' dir='ltr'>dandi</span> <span class='ocrx_word' id='word_1_21' title='bbox 1330 269 1534 321; x_wconf 83' lang='lat' dir='ltr'>beneficii,</span> 
     </span>
     <span class='ocr_line' id='line_1_4' title="bbox 108 324 1533 379; baseline 0 -13"><span class='ocrx_word' id='word_1_22' title='bbox 108 326 282 369; x_wconf 85' lang='lat' dir='ltr'>alterum</span> <span class='ocrx_word' id='word_1_23' title='bbox 321 324 517 368; x_wconf 90' lang='lat' dir='ltr'>reddendi</span> <span class='ocrx_word' id='word_1_24' title='bbox 536 342 548 375; x_wconf 81' lang='lat'>3</span> <span class='ocrx_word' id='word_1_25' title='bbox 585 324 748 376; x_wconf 88' lang='lat' dir='ltr'>demus,</span> <span class='ocrx_word' id='word_1_26' title='bbox 781 339 925 375; x_wconf 88' lang='lat' dir='ltr'>necne,</span> <span class='ocrx_word' id='word_1_27' title='bbox 959 325 1000 365; x_wconf 91' lang='lat' dir='ltr'>in</span> <span class='ocrx_word' id='word_1_28' title='bbox 1034 334 1176 365; x_wconf 86' lang='lat' dir='ltr'>nostra</span> <span class='ocrx_word' id='word_1_29' title='bbox 1203 333 1410 379; x_wconf 84' lang='lat' dir='ltr'>potestate</span> <span class='ocrx_word' id='word_1_30' title='bbox 1441 335 1503 366; x_wconf 84' lang='lat' dir='ltr'>est</span> <span class='ocrx_word' id='word_1_31' title='bbox 1523 343 1533 366; x_wconf 73' lang='grc' dir='ltr'><strong><em>ε</em></strong></span> 
     </span>
     <span class='ocr_line' id='line_1_5' title="bbox 109 380 1534 435; baseline -0.001 -13"><span class='ocrx_word' id='word_1_32' title='bbox 109 397 192 423; x_wconf 89' lang='lat' dir='ltr'>non</span> <span class='ocrx_word' id='word_1_33' title='bbox 215 383 400 433; x_wconf 87' lang='lat' dir='ltr'><strong>reddere,</strong></span> <span class='ocrx_word' id='word_1_34' title='bbox 421 381 507 423; x_wconf 88' lang='lat' dir='ltr'>viro</span> <span class='ocrx_word' id='word_1_35' title='bbox 527 381 641 422; x_wconf 92' lang='lat' dir='ltr'>bono</span> <span class='ocrx_word' id='word_1_36' title='bbox 663 396 746 423; x_wconf 93' lang='lat' dir='ltr'>non</span> <span class='ocrx_word' id='word_1_37' title='bbox 767 381 878 432; x_wconf 89' lang='lat' dir='ltr'>licet,</span> <span class='ocrx_word' id='word_1_38' title='bbox 899 381 1029 422; x_wconf 87' lang='lat' dir='ltr'>modo</span> <span class='ocrx_word' id='word_1_39' title='bbox 1058 380 1100 421; x_wconf 88' lang='lat' dir='ltr'>id</span> <span class='ocrx_word' id='word_1_40' title='bbox 1131 380 1268 421; x_wconf 87' lang='lat' dir='ltr'>facere</span> <span class='ocrx_word' id='word_1_41' title='bbox 1294 381 1428 435; x_wconf 84' lang='lat' dir='ltr'>possit</span> <span class='ocrx_word' id='word_1_42' title='bbox 1447 381 1534 422; x_wconf 89' lang='lat' dir='ltr'>sine</span> 
     </span>
     <span class='ocr_line' id='line_1_6' title="bbox 107 436 1596 495; baseline -0.001 -17"><span class='ocrx_word' id='word_1_43' title='bbox 107 438 270 494; x_wconf 87' lang='lat' dir='ltr'>injuria.</span> <span class='ocrx_word' id='word_1_44' title='bbox 328 439 618 493; x_wconf 89' lang='lat' dir='ltr'>Acceptorum</span> <span class='ocrx_word' id='word_1_45' title='bbox 645 447 786 479; x_wconf 87' lang='lat' dir='ltr'>autem</span> <span class='ocrx_word' id='word_1_46' title='bbox 812 438 1107 478; x_wconf 88' lang='lat' dir='ltr'>beneficiorum</span> <span class='ocrx_word' id='word_1_47' title='bbox 1132 446 1228 477; x_wconf 88' lang='lat' dir='ltr'>sunt</span> <span class='ocrx_word' id='word_1_48' title='bbox 1249 436 1437 477; x_wconf 88' lang='lat' dir='ltr'>delectus</span> <span class='ocrx_word' id='word_1_49' title='bbox 1456 436 1531 477; x_wconf 85' lang='lat' dir='ltr'>ha·</span> <span class='ocrx_word' id='word_1_50' title='bbox 1543 453 1596 495; x_wconf 80' lang='lat'>49</span> 
     </span>
     <span class='ocr_line' id='line_1_7' title="bbox 70 492 1533 550; baseline -0.001 -16"><span class='ocrx_word' id='word_1_51' title='bbox 70 502 73 505; x_wconf 56' lang='lat'><em>⁴</em></span> <span class='ocrx_word' id='word_1_52' title='bbox 107 494 245 535; x_wconf 89' lang='lat' dir='ltr'>bendi.</span> <span class='ocrx_word' id='word_1_53' title='bbox 304 495 398 536; x_wconf 92' lang='lat' dir='ltr'>Nec</span> <span class='ocrx_word' id='word_1_54' title='bbox 434 494 627 544; x_wconf 88' lang='lat' dir='ltr'>dubium,</span> <span class='ocrx_word' id='word_1_55' title='bbox 661 495 761 550; x_wconf 85' lang='lat' dir='ltr'>quin</span> <span class='ocrx_word' id='word_1_56' title='bbox 798 494 983 535; x_wconf 88' lang='lat' dir='ltr'>maximo</span> <span class='ocrx_word' id='word_1_57' title='bbox 1015 493 1166 549; x_wconf 91' lang='lat' dir='ltr'>cuique</span> <span class='ocrx_word' id='word_1_58' title='bbox 1195 493 1426 548; x_wconf 89' lang='lat' dir='ltr'>plurimum</span> <span class='ocrx_word' id='word_1_59' title='bbox 1458 492 1533 533; x_wconf 91' lang='lat' dir='ltr'>de-</span> 
     </span>
     <span class='ocr_line' id='line_1_8' title="bbox 105 549 1535 607; baseline -0.001 -17"><span class='ocrx_word' id='word_1_60' title='bbox 105 550 269 591; x_wconf 83' lang='lat' dir='ltr'>beatur.</span> <span class='ocrx_word' id='word_1_61' title='bbox 331 552 379 591; x_wconf 92' lang='lat' dir='ltr'>In</span> <span class='ocrx_word' id='word_1_62' title='bbox 405 566 490 607; x_wconf 89' lang='lat' dir='ltr'>quo</span> <span class='ocrx_word' id='word_1_63' title='bbox 519 559 660 591; x_wconf 91' lang='lat' dir='ltr'>tamen</span> <span class='ocrx_word' id='word_1_64' title='bbox 688 551 730 591; x_wconf 90' lang='lat' dir='ltr'>in</span> <span class='ocrx_word' id='word_1_65' title='bbox 758 550 917 606; x_wconf 82' lang='lat' dir='ltr'>primis,</span> <span class='ocrx_word' id='word_1_66' title='bbox 941 557 980 586; x_wconf 86' lang='grc'>79</span> <span class='ocrx_word' id='word_1_67' title='bbox 996 565 1080 606; x_wconf 91' lang='lat' dir='ltr'>quo</span> <span class='ocrx_word' id='word_1_68' title='bbox 1100 550 1277 605; x_wconf 91' lang='lat' dir='ltr'>quisque</span> <span class='ocrx_word' id='word_1_69' title='bbox 1297 549 1423 589; x_wconf 84' lang='lat' dir='ltr'>animi</span> <span class='ocrx_word' id='word_1_70' title='bbox 1446 557 1535 590; x_wconf 89' lang='lat' dir='ltr'>stu-</span> 
     </span>
     <span class='ocr_line' id='line_1_9' title="bbox 105 604 1536 662; baseline 0 -16"><span class='ocrx_word' id='word_1_71' title='bbox 105 604 191 656; x_wconf 87' lang='lat' dir='ltr'>dio,</span> <span class='ocrx_word' id='word_1_72' title='bbox 211 607 499 648; x_wconf 82' lang='lat' dir='ltr'>benevolentia</span> <span class='ocrx_word' id='word_1_73' title='bbox 518 607 676 658; x_wconf 86' lang='lat' dir='ltr'>fecerit,</span> <span class='ocrx_word' id='word_1_74' title='bbox 698 606 1016 662; x_wconf 88' lang='lat' dir='ltr'>ponderandum</span> <span class='ocrx_word' id='word_1_75' title='bbox 1036 615 1112 647; x_wconf 88' lang='lat' dir='ltr'>est.</span> <span class='ocrx_word' id='word_1_76' title='bbox 1171 606 1303 647; x_wconf 87' lang='lat' dir='ltr'>Multi</span> <span class='ocrx_word' id='word_1_77' title='bbox 1330 606 1442 646; x_wconf 90' lang='lat' dir='ltr'>enim</span> <span class='ocrx_word' id='word_1_78' title='bbox 1473 606 1536 646; x_wconf 89' lang='lat' dir='ltr'>fa-</span> 
     </span>
     <span class='ocr_line' id='line_1_10' title="bbox 104 662 1536 719; baseline -0.001 -16"><span class='ocrx_word' id='word_1_79' title='bbox 104 662 222 704; x_wconf 91' lang='lat' dir='ltr'>ciunt</span> <span class='ocrx_word' id='word_1_80' title='bbox 242 663 376 704; x_wconf 85' lang='lat' dir='ltr'>multa</span> <span class='ocrx_word' id='word_1_81' title='bbox 396 663 631 704; x_wconf 84' lang='lat' dir='ltr'>temeritate</span> <span class='ocrx_word' id='word_1_82' title='bbox 651 663 848 719; x_wconf 86' lang='lat' dir='ltr'>quadam,</span> <span class='ocrx_word' id='word_1_83' title='bbox 871 672 910 695; x_wconf 82' lang='lat'>80</span> <span class='ocrx_word' id='word_1_84' title='bbox 926 663 1013 704; x_wconf 91' lang='lat' dir='ltr'>sine</span> <span class='ocrx_word' id='word_1_85' title='bbox 1037 662 1202 718; x_wconf 89' lang='lat' dir='ltr'>judicio</span> <span class='ocrx_word' id='word_1_86' title='bbox 1222 663 1285 703; x_wconf 86' lang='lat' dir='ltr'>vel</span> <span class='ocrx_word' id='word_1_87' title='bbox 1304 662 1433 702; x_wconf 91' lang='lat' dir='ltr'>modo</span> <span class='ocrx_word' id='word_1_88' title='bbox 1451 677 1463 712; x_wconf 69' lang='grc' dir='ltr'>ς,</span> <span class='ocrx_word' id='word_1_89' title='bbox 1493 662 1536 702; x_wconf 91' lang='lat' dir='ltr'>in</span> 
     </span>
     <span class='ocr_line' id='line_1_11' title="bbox 105 718 1535 776; baseline -0.001 -16"><span class='ocrx_word' id='word_1_90' title='bbox 105 733 251 760; x_wconf 89' lang='lat' dir='ltr'>omnes</span> <span class='ocrx_word' id='word_1_91' title='bbox 271 720 490 775; x_wconf 88' lang='lat' dir='ltr'>repentino</span> <span class='ocrx_word' id='word_1_92' title='bbox 509 719 708 775; x_wconf 85' lang='lat' dir='ltr'>quodam,</span> <span class='ocrx_word' id='word_1_93' title='bbox 731 720 847 776; x_wconf 87' lang='lat' dir='ltr'>quasi</span> <span class='ocrx_word' id='word_1_94' title='bbox 868 729 1005 770; x_wconf 91' lang='lat' dir='ltr'>vent0‚</span> <span class='ocrx_word' id='word_1_95' title='bbox 1022 719 1185 774; x_wconf 89' lang='lat' dir='ltr'>impetu</span> <span class='ocrx_word' id='word_1_96' title='bbox 1206 719 1333 759; x_wconf 90' lang='lat' dir='ltr'>animi</span> <span class='ocrx_word' id='word_1_97' title='bbox 1353 718 1535 759; x_wconf 89' lang='lat' dir='ltr'>incitati:</span> 
     </span>
     <span class='ocr_line' id='line_1_12' title="bbox 105 775 1537 833; baseline -0.001 -17"><span class='ocrx_word' id='word_1_98' title='bbox 105 790 200 831; x_wconf 82' lang='lat' dir='ltr'>quae</span> <span class='ocrx_word' id='word_1_99' title='bbox 222 776 425 817; x_wconf 85' lang='lat' dir='ltr'>beneficia</span> <span class='ocrx_word' id='word_1_100' title='bbox 446 791 565 832; x_wconf 90' lang='lat' dir='ltr'>aeque</span> <span class='ocrx_word' id='word_1_101' title='bbox 593 791 749 833; x_wconf 86' lang='lat' dir='ltr'>magna</span> <span class='ocrx_word' id='word_1_102' title='bbox 769 792 852 818; x_wconf 89' lang='lat' dir='ltr'>non</span> <span class='ocrx_word' id='word_1_103' title='bbox 872 785 968 817; x_wconf 90' lang='lat' dir='ltr'>sunt</span> <span class='ocrx_word' id='word_1_104' title='bbox 988 775 1194 826; x_wconf 85' lang='lat' dir='ltr'>habenda,</span> <span class='ocrx_word' id='word_1_105' title='bbox 1212 785 1338 831; x_wconf 86' lang='lat' dir='ltr'>atque</span> <span class='ocrx_word' id='word_1_106' title='bbox 1357 789 1419 825; x_wconf 89' lang='lat' dir='ltr'>ea,</span> <span class='ocrx_word' id='word_1_107' title='bbox 1442 790 1537 830; x_wconf 85' lang='lat' dir='ltr'>quae</span> 
     </span>
     <span class='ocr_line' id='line_1_13' title="bbox 97 831 1538 889; baseline 0 -17"><span class='ocrx_word' id='word_1_108' title='bbox 97 831 277 888; x_wconf 88' lang='lat' dir='ltr'>judicio,</span> <span class='ocrx_word' id='word_1_109' title='bbox 298 832 559 874; x_wconf 88' lang='lat' dir='ltr'>considerate</span> <span class='ocrx_word' id='word_1_110' title='bbox 579 841 905 889; x_wconf 86' lang='lat' dir='ltr'>constanterque</span> <span class='ocrx_word' id='word_1_111' title='bbox 925 832 1064 874; x_wconf 88' lang='lat' dir='ltr'>delata</span> <span class='ocrx_word' id='word_1_112' title='bbox 1083 841 1194 873; x_wconf 89' lang='lat' dir='ltr'>sunt.</span> <span class='ocrx_word' id='word_1_113' title='bbox 1237 832 1320 872; x_wconf 91' lang='lat' dir='ltr'>Sed</span> <span class='ocrx_word' id='word_1_114' title='bbox 1341 832 1382 872; x_wconf 92' lang='lat' dir='ltr'>in</span> <span class='ocrx_word' id='word_1_115' title='bbox 1402 832 1538 873; x_wconf 90' lang='lat' dir='ltr'>collo-</span> 
     </span>
     <span class='ocr_line' id='line_1_14' title="bbox 104 888 1538 945; baseline -0.001 -16"><span class='ocrx_word' id='word_1_116' title='bbox 104 888 240 930; x_wconf 82' lang='lat' dir='ltr'>cando</span> <span class='ocrx_word' id='word_1_117' title='bbox 260 888 476 939; x_wconf 87' lang='lat' dir='ltr'>beneficio,</span> <span class='ocrx_word' id='word_1_118' title='bbox 498 898 541 930; x_wconf 89' lang='lat' dir='ltr'>et</span> <span class='ocrx_word' id='word_1_119' title='bbox 570 889 612 930; x_wconf 90' lang='lat' dir='ltr'>in</span> <span class='ocrx_word' id='word_1_120' title='bbox 643 889 857 931; x_wconf 85' lang='lat' dir='ltr'>referenda</span> <span class='ocrx_word' id='word_1_121' title='bbox 884 889 1036 945; x_wconf 84' lang='lat' dir='ltr'>gratia,</span> <span class='ocrx_word' id='word_1_122' title='bbox 1065 889 1100 930; x_wconf 92' lang='lat' dir='ltr'>si</span> <span class='ocrx_word' id='word_1_123' title='bbox 1130 898 1269 929; x_wconf 88' lang='lat' dir='ltr'>cetera</span> <span class='ocrx_word' id='word_1_124' title='bbox 1295 888 1411 944; x_wconf 83' lang='lat' dir='ltr'>paria</span> <span class='ocrx_word' id='word_1_125' title='bbox 1440 888 1538 939; x_wconf 89' lang='lat' dir='ltr'>sint,</span> 
     </span>
     <span class='ocr_line' id='line_1_15' title="bbox 90 943 1539 1002; baseline 0 -16"><span class='ocrx_word' id='word_1_126' title='bbox 90 943 186 986; x_wconf 78' lang='lat' dir='ltr'>hoc</span> <span class='ocrx_word' id='word_1_127' title='bbox 206 945 388 986; x_wconf 85' lang='lat' dir='ltr'>maxime</span> <span class='ocrx_word' id='word_1_128' title='bbox 408 945 533 987; x_wconf 90' lang='lat' dir='ltr'>officii</span> <span class='ocrx_word' id='word_1_129' title='bbox 553 954 630 996; x_wconf 90' lang='lat' dir='ltr'>est,</span> <span class='ocrx_word' id='word_1_130' title='bbox 651 955 699 987; x_wconf 94' lang='lat' dir='ltr'>ut</span> <span class='ocrx_word' id='word_1_131' title='bbox 719 947 898 1002; x_wconf 90' lang='lat' dir='ltr'>quisque</span> <span class='ocrx_word' id='word_1_132' title='bbox 924 945 1106 987; x_wconf 86' lang='lat' dir='ltr'>maxime</span> <span class='ocrx_word' id='word_1_133' title='bbox 1134 945 1226 1001; x_wconf 91' lang='lat' dir='ltr'>opis</span> <span class='ocrx_word' id='word_1_134' title='bbox 1256 945 1458 1001; x_wconf 87' lang='lat' dir='ltr'>indigeat,</span> <span class='ocrx_word' id='word_1_135' title='bbox 1480 945 1539 986; x_wconf 87' lang='lat' dir='ltr'>ita</span> 
     </span>
     <span class='ocr_line' id='line_1_16' title="bbox 103 1000 1537 1058; baseline 0.001 -16"><span class='ocrx_word' id='word_1_136' title='bbox 103 1000 142 1042; x_wconf 86' lang='lat' dir='ltr'>ei</span> <span class='ocrx_word' id='word_1_137' title='bbox 161 1001 427 1056; x_wconf 88' lang='lat' dir='ltr'>potissimum</span> <span class='ocrx_word' id='word_1_138' title='bbox 448 1001 645 1058; x_wconf 87' lang='lat' dir='ltr'>opitulari</span> <span class='ocrx_word' id='word_1_139' title='bbox 663 1020 672 1044; x_wconf 74' lang='grc' dir='ltr'><strong><em>ε</em></strong></span> <span class='ocrx_word' id='word_1_140' title='bbox 706 1003 820 1058; x_wconf 93' lang='lat' dir='ltr'>quod</span> <span class='ocrx_word' id='word_1_141' title='bbox 841 1011 989 1044; x_wconf 85' lang='lat' dir='ltr'>contra</span> <span class='ocrx_word' id='word_1_142' title='bbox 1007 1003 1052 1043; x_wconf 88' lang='lat' dir='ltr'>fit</span> <span class='ocrx_word' id='word_1_143' title='bbox 1073 1017 1096 1043; x_wconf 88' lang='lat' dir='ltr'>a</span> <span class='ocrx_word' id='word_1_144' title='bbox 1114 1002 1339 1058; x_wconf 88' lang='lat' dir='ltr'>plerisque.</span> <span class='ocrx_word' id='word_1_145' title='bbox 1389 1003 1431 1042; x_wconf 95' lang='lat' dir='ltr'>A</span> <span class='ocrx_word' id='word_1_146' title='bbox 1450 1017 1537 1058; x_wconf 91' lang='lat' dir='ltr'>quo</span> 
     </span>
     <span class='ocr_line' id='line_1_17' title="bbox 104 1057 1620 1118; baseline 0.001 -20"><span class='ocrx_word' id='word_1_147' title='bbox 104 1057 216 1098; x_wconf 90' lang='lat' dir='ltr'>enim</span> <span class='ocrx_word' id='word_1_148' title='bbox 250 1058 478 1114; x_wconf 90' lang='lat' dir='ltr'>plurimum</span> <span class='ocrx_word' id='word_1_149' title='bbox 509 1069 690 1114; x_wconf 84' lang='lat' dir='ltr'>sperant,</span> <span class='ocrx_word' id='word_1_150' title='bbox 711 1059 873 1100; x_wconf 90' lang='lat' dir='ltr'>etiamsi</span> <span class='ocrx_word' id='word_1_151' title='bbox 907 1059 976 1100; x_wconf 87' lang='lat' dir='ltr'>ille</span> <span class='ocrx_word' id='word_1_152' title='bbox 1005 1059 1068 1100; x_wconf 88' lang='lat' dir='ltr'>his</span> <span class='ocrx_word' id='word_1_153' title='bbox 1097 1073 1181 1099; x_wconf 91' lang='lat' dir='ltr'>non</span> <span class='ocrx_word' id='word_1_154' title='bbox 1203 1067 1314 1114; x_wconf 84' lang='lat' dir='ltr'>eget,</span> <span class='ocrx_word' id='word_1_155' title='bbox 1335 1069 1476 1099; x_wconf 88' lang='lat' dir='ltr'>tamen</span> <span class='ocrx_word' id='word_1_156' title='bbox 1498 1058 1537 1099; x_wconf 89' lang='lat' dir='ltr'>ei</span> <span class='ocrx_word' id='word_1_157' title='bbox 1610 1109 1620 1118; x_wconf 31' lang='lat'><strong>⁴</strong></span> 
     </span>
     <span class='ocr_line' id='line_1_18' title="bbox 102 1107 1620 1171; baseline 0 -16"><span class='ocrx_word' id='word_1_158' title='bbox 102 1114 371 1169; x_wconf 89' lang='lat' dir='ltr'>potissimum</span> <span class='ocrx_word' id='word_1_159' title='bbox 407 1115 647 1156; x_wconf 82' lang='lat' dir='ltr'>inserviunt.</span> <span class='ocrx_word' id='word_1_160' title='bbox 707 1116 879 1171; x_wconf 90' lang='lat' dir='ltr'>Optime</span> <span class='ocrx_word' id='word_1_161' title='bbox 912 1124 1052 1157; x_wconf 90' lang='lat' dir='ltr'>autem</span> <span class='ocrx_word' id='word_1_162' title='bbox 1088 1115 1265 1157; x_wconf 89' lang='lat' dir='ltr'>societas</span> <span class='ocrx_word' id='word_1_163' title='bbox 1299 1114 1534 1166; x_wconf 90' lang='lat' dir='ltr'>hominum,</span> <span class='ocrx_word' id='word_1_164' title='bbox 1551 1107 1620 1162; x_wconf 78' lang='lat'>16</span> 
     </span>
     <span class='ocr_line' id='line_1_19' title="bbox 103 1170 1600 1228; baseline 0.001 -17"><span class='ocrx_word' id='word_1_165' title='bbox 103 1170 432 1227; x_wconf 87' lang='lat' dir='ltr'>conjunctioque</span> <span class='ocrx_word' id='word_1_166' title='bbox 458 1172 699 1223; x_wconf 84' lang='lat' dir='ltr'>servabitur,</span> <span class='ocrx_word' id='word_1_167' title='bbox 720 1173 768 1223; x_wconf 85' lang='lat' dir='ltr'>si,</span> <span class='ocrx_word' id='word_1_168' title='bbox 792 1181 837 1213; x_wconf 89' lang='lat' dir='ltr'>ut</span> <span class='ocrx_word' id='word_1_169' title='bbox 857 1172 1033 1228; x_wconf 89' lang='lat' dir='ltr'>quisque</span> <span class='ocrx_word' id='word_1_170' title='bbox 1053 1172 1131 1212; x_wconf 82' lang='lat' dir='ltr'>erit</span> <span class='ocrx_word' id='word_1_171' title='bbox 1150 1171 1534 1228; x_wconf 87' lang='lat' dir='ltr'>conjunctissimus,</span> <span class='ocrx_word' id='word_1_172' title='bbox 1548 1189 1600 1220; x_wconf 83' lang='lat'>50</span> 
     </span>
     <span class='ocr_line' id='line_1_20' title="bbox 102 1225 1536 1284; baseline 0.001 -17"><span class='ocrx_word' id='word_1_173' title='bbox 102 1225 162 1267; x_wconf 89' lang='lat' dir='ltr'>ita</span> <span class='ocrx_word' id='word_1_174' title='bbox 194 1226 237 1267; x_wconf 91' lang='lat' dir='ltr'>in</span> <span class='ocrx_word' id='word_1_175' title='bbox 266 1241 364 1268; x_wconf 90' lang='lat' dir='ltr'>eum</span> <span class='ocrx_word' id='word_1_176' title='bbox 395 1227 668 1282; x_wconf 85' lang='lat' dir='ltr'>benignitatis</span> <span class='ocrx_word' id='word_1_177' title='bbox 699 1228 925 1283; x_wconf 86' lang='lat' dir='ltr'>plurimum</span> <span class='ocrx_word' id='word_1_178' title='bbox 958 1228 1212 1269; x_wconf 87' lang='lat' dir='ltr'>conferetur.</span> <span class='ocrx_word' id='word_1_179' title='bbox 1274 1236 1309 1260; x_wconf 80' lang='lat'>81</span> <span class='ocrx_word' id='word_1_180' title='bbox 1330 1227 1413 1268; x_wconf 92' lang='lat' dir='ltr'>Sed</span> <span class='ocrx_word' id='word_1_181' title='bbox 1441 1243 1536 1284; x_wconf 87' lang='lat' dir='ltr'>quae</span> 
     </span>
     <span class='ocr_line' id='line_1_21' title="bbox 104 1283 1537 1339; baseline 0.001 -16"><span class='ocrx_word' id='word_1_182' title='bbox 104 1291 253 1324; x_wconf 83' lang='lat' dir='ltr'>natura</span> <span class='ocrx_word' id='word_1_183' title='bbox 272 1283 474 1339; x_wconf 88' lang='lat' dir='ltr'>principia</span> <span class='ocrx_word' id='word_1_184' title='bbox 494 1284 577 1324; x_wconf 87' lang='lat' dir='ltr'>sint</span> <span class='ocrx_word' id='word_1_185' title='bbox 603 1284 920 1326; x_wconf 87' lang='lat' dir='ltr'>communitatis</span> <span class='ocrx_word' id='word_1_186' title='bbox 941 1293 984 1325; x_wconf 90' lang='lat' dir='ltr'>et</span> <span class='ocrx_word' id='word_1_187' title='bbox 1005 1285 1216 1326; x_wconf 85' lang='lat' dir='ltr'>societatis</span> <span class='ocrx_word' id='word_1_188' title='bbox 1238 1283 1449 1335; x_wconf 82' lang='lat' dir='ltr'>humanae,</span> <span class='ocrx_word' id='word_1_189' title='bbox 1472 1298 1537 1325; x_wconf 91' lang='lat' dir='ltr'>re-</span> 
     </span>
     <span class='ocr_line' id='line_1_22' title="bbox 104 1339 1538 1397; baseline 0.001 -17"><span class='ocrx_word' id='word_1_190' title='bbox 104 1339 333 1394; x_wconf 86' lang='lat' dir='ltr'>petendum</span> <span class='ocrx_word' id='word_1_191' title='bbox 356 1340 480 1382; x_wconf 87' lang='lat' dir='ltr'>altius</span> <span class='ocrx_word' id='word_1_192' title='bbox 500 1340 677 1382; x_wconf 87' lang='lat' dir='ltr'>videtur.</span> <span class='ocrx_word' id='word_1_193' title='bbox 738 1350 775 1373; x_wconf 75' lang='lat'>82</span> <span class='ocrx_word' id='word_1_194' title='bbox 791 1342 867 1382; x_wconf 90' lang='lat' dir='ltr'>Est</span> <span class='ocrx_word' id='word_1_195' title='bbox 896 1341 1008 1382; x_wconf 91' lang='lat' dir='ltr'>enim</span> <span class='ocrx_word' id='word_1_196' title='bbox 1037 1341 1236 1397; x_wconf 85' lang='lat' dir='ltr'>primum,</span> <span class='ocrx_word' id='word_1_197' title='bbox 1257 1341 1373 1397; x_wconf 91' lang='lat' dir='ltr'>quod</span> <span class='ocrx_word' id='word_1_198' title='bbox 1402 1341 1538 1382; x_wconf 88' lang='lat' dir='ltr'>cerni-</span> 
     </span>
     <span class='ocr_line' id='line_1_23' title="bbox 102 1396 1539 1453; baseline 0.002 -18"><span class='ocrx_word' id='word_1_199' title='bbox 102 1396 233 1437; x_wconf 87' lang='lat' dir='ltr'>turin</span> <span class='ocrx_word' id='word_1_200' title='bbox 255 1396 431 1438; x_wconf 86' lang='lat' dir='ltr'>universi</span> <span class='ocrx_word' id='word_1_201' title='bbox 464 1398 631 1452; x_wconf 87' lang='lat' dir='ltr'>generis</span> <span class='ocrx_word' id='word_1_202' title='bbox 663 1396 837 1439; x_wconf 85' lang='lat' dir='ltr'>humani</span> <span class='ocrx_word' id='word_1_203' title='bbox 869 1398 1084 1438; x_wconf 87' lang='lat' dir='ltr'>societate.</span> <span class='ocrx_word' id='word_1_204' title='bbox 1115 1397 1206 1453; x_wconf 87' lang='lat' dir='ltr'>ejus</span> <span class='ocrx_word' id='word_1_205' title='bbox 1232 1407 1374 1438; x_wconf 86' lang='lat' dir='ltr'>autem</span> <span class='ocrx_word' id='word_1_206' title='bbox 1394 1398 1539 1438; x_wconf 82' lang='lat' dir='ltr'>vincu-</span> 
     </span>
     <span class='ocr_line' id='line_1_24' title="bbox 104 1450 1644 1510; baseline 0.003 -18"><span class='ocrx_word' id='word_1_207' title='bbox 104 1450 192 1492; x_wconf 88' lang='lat' dir='ltr'>lum</span> <span class='ocrx_word' id='word_1_208' title='bbox 226 1462 290 1494; x_wconf 89' lang='lat' dir='ltr'>est</span> <span class='ocrx_word' id='word_1_209' title='bbox 319 1453 424 1494; x_wconf 88' lang='lat' dir='ltr'>ratio</span> <span class='ocrx_word' id='word_1_210' title='bbox 446 1462 488 1494; x_wconf 90' lang='lat' dir='ltr'>et</span> <span class='ocrx_word' id='word_1_211' title='bbox 509 1454 644 1494; x_wconf 88' lang='lat' dir='ltr'>oratio</span> <span class='ocrx_word' id='word_1_212' title='bbox 666 1471 675 1494; x_wconf 76' lang='lat' dir='ltr'>z</span> <span class='ocrx_word' id='word_1_213' title='bbox 709 1462 746 1486; x_wconf 74' lang='lat'>83</span> <span class='ocrx_word' id='word_1_214' title='bbox 761 1469 854 1510; x_wconf 84' lang='lat' dir='ltr'>quae</span> <span class='ocrx_word' id='word_1_215' title='bbox 875 1453 1084 1505; x_wconf 86' lang='lat' dir='ltr'>docendo,</span> <span class='ocrx_word' id='word_1_216' title='bbox 1105 1454 1321 1505; x_wconf 75' lang='lat' dir='ltr'>discendo,</span> <span class='ocrx_word' id='word_1_217' title='bbox 1342 1468 1536 1495; x_wconf 89' lang='lat' dir='ltr'>commu·</span> <span class='ocrx_word' id='word_1_218' title='bbox 1547 1466 1578 1496; x_wconf 76' lang='lat' dir='ltr'>P·</span> <span class='ocrx_word' id='word_1_219' title='bbox 1595 1463 1644 1486; x_wconf 84' lang='lat'>11·</span> 
     </span>
     <span class='ocr_line' id='line_1_25' title="bbox 104 1507 1577 1566; baseline 0.001 -17"><span class='ocrx_word' id='word_1_220' title='bbox 104 1507 297 1560; x_wconf 85' lang='lat' dir='ltr'>nicando,</span> <span class='ocrx_word' id='word_1_221' title='bbox 317 1509 605 1565; x_wconf 84' lang='lat' dir='ltr'>disceptando,</span> <span class='ocrx_word' id='word_1_222' title='bbox 627 1509 874 1566; x_wconf 83' lang='lat' dir='ltr'>judicando,</span> <span class='ocrx_word' id='word_1_223' title='bbox 895 1511 1092 1553; x_wconf 85' lang='lat' dir='ltr'>conciliat</span> <span class='ocrx_word' id='word_1_224' title='bbox 1119 1511 1227 1551; x_wconf 90' lang='lat' dir='ltr'>inter</span> <span class='ocrx_word' id='word_1_225' title='bbox 1254 1525 1298 1552; x_wconf 88' lang='lat' dir='ltr'>se</span> <span class='ocrx_word' id='word_1_226' title='bbox 1328 1509 1577 1561; x_wconf 72' lang='lat' dir='ltr'>homines‚³·</span> 
     </span>
     <span class='ocr_line' id='line_1_26' title="bbox 101 1565 1540 1623; baseline 0.002 -17"><span class='ocrx_word' id='word_1_227' title='bbox 101 1565 408 1622; x_wconf 86' lang='lat' dir='ltr'>conjungitque</span> <span class='ocrx_word' id='word_1_228' title='bbox 430 1566 608 1608; x_wconf 90' lang='lat' dir='ltr'>naturali</span> <span class='ocrx_word' id='word_1_229' title='bbox 629 1568 811 1623; x_wconf 91' lang='lat' dir='ltr'>quadam</span> <span class='ocrx_word' id='word_1_230' title='bbox 834 1567 1048 1608; x_wconf 84' lang='lat' dir='ltr'>societate.</span> <span class='ocrx_word' id='word_1_231' title='bbox 1104 1568 1257 1623; x_wconf 89' lang='lat' dir='ltr'>Neque</span> <span class='ocrx_word' id='word_1_232' title='bbox 1279 1567 1364 1608; x_wconf 89' lang='lat' dir='ltr'>ulla</span> <span class='ocrx_word' id='word_1_233' title='bbox 1384 1582 1427 1608; x_wconf 89' lang='lat' dir='ltr'>re</span> <span class='ocrx_word' id='word_1_234' title='bbox 1446 1567 1540 1609; x_wconf 91' lang='lat' dir='ltr'>lon—</span> 
     </span>
     <span class='ocr_line' id='line_1_27' title="bbox 101 1622 1540 1680; baseline 0.001 -17"><span class='ocrx_word' id='word_1_235' title='bbox 101 1622 198 1678; x_wconf 87' lang='lat' dir='ltr'>gius</span> <span class='ocrx_word' id='word_1_236' title='bbox 218 1623 419 1664; x_wconf 88' lang='lat' dir='ltr'>absumus</span> <span class='ocrx_word' id='word_1_237' title='bbox 435 1637 460 1664; x_wconf 87' lang='lat' dir='ltr'>a</span> <span class='ocrx_word' id='word_1_238' title='bbox 478 1632 626 1665; x_wconf 82' lang='lat' dir='ltr'>natura</span> <span class='ocrx_word' id='word_1_239' title='bbox 646 1624 844 1675; x_wconf 83' lang='lat' dir='ltr'>ferarum,</span> <span class='ocrx_word' id='word_1_240' title='bbox 861 1624 902 1664; x_wconf 90' lang='lat' dir='ltr'>in</span> <span class='ocrx_word' id='word_1_241' title='bbox 925 1624 1076 1680; x_wconf 87' lang='lat' dir='ltr'>quibus</span> <span class='ocrx_word' id='word_1_242' title='bbox 1096 1624 1231 1665; x_wconf 90' lang='lat' dir='ltr'>inesse</span> <span class='ocrx_word' id='word_1_243' title='bbox 1251 1623 1540 1665; x_wconf 84' lang='lat' dir='ltr'>fortitudinem</span> 
     </span>
     <span class='ocr_line' id='line_1_28' title="bbox 103 1679 1537 1736; baseline 0.001 -17"><span class='ocrx_word' id='word_1_244' title='bbox 103 1693 216 1734; x_wconf 83' lang='lat' dir='ltr'>saepe</span> <span class='ocrx_word' id='word_1_245' title='bbox 236 1679 430 1729; x_wconf 87' lang='lat' dir='ltr'>dicimus,</span> <span class='ocrx_word' id='word_1_246' title='bbox 448 1689 497 1721; x_wconf 91' lang='lat' dir='ltr'>ut</span> <span class='ocrx_word' id='word_1_247' title='bbox 516 1679 559 1720; x_wconf 90' lang='lat' dir='ltr'>in</span> <span class='ocrx_word' id='word_1_248' title='bbox 579 1681 712 1736; x_wconf 83' lang='lat' dir='ltr'>equis,</span> <span class='ocrx_word' id='word_1_249' title='bbox 733 1681 776 1722; x_wconf 90' lang='lat' dir='ltr'>in</span> <span class='ocrx_word' id='word_1_250' title='bbox 795 1680 1012 1722; x_wconf 85' lang='lat' dir='ltr'>leonibus:</span> <span class='ocrx_word' id='word_1_251' title='bbox 1028 1679 1256 1736; x_wconf 83' lang='lat' dir='ltr'>justitiam,</span> <span class='ocrx_word' id='word_1_252' title='bbox 1277 1680 1537 1736; x_wconf 83' lang='lat' dir='ltr'>aequitatem‚</span> 
     </span>
     <span class='ocr_line' id='line_1_29' title="bbox 104 1736 1540 1779; baseline 0.001 -3"><span class='ocrx_word' id='word_1_253' title='bbox 104 1736 337 1776; x_wconf 83' lang='lat' dir='ltr'>bonitatem</span> <span class='ocrx_word' id='word_1_254' title='bbox 363 1751 447 1778; x_wconf 90' lang='lat' dir='ltr'>non</span> <span class='ocrx_word' id='word_1_255' title='bbox 478 1736 674 1778; x_wconf 89' lang='lat' dir='ltr'>dicimus.</span> <span class='ocrx_word' id='word_1_256' title='bbox 732 1738 841 1779; x_wconf 91' lang='lat' dir='ltr'>Sunt</span> <span class='ocrx_word' id='word_1_257' title='bbox 860 1737 972 1778; x_wconf 88' lang='lat' dir='ltr'>enim</span> <span class='ocrx_word' id='word_1_258' title='bbox 993 1736 1166 1777; x_wconf 88' lang='lat' dir='ltr'>rationis</span> <span class='ocrx_word' id='word_1_259' title='bbox 1186 1746 1228 1778; x_wconf 91' lang='lat' dir='ltr'>et</span> <span class='ocrx_word' id='word_1_260' title='bbox 1249 1737 1448 1778; x_wconf 87' lang='lat' dir='ltr'>orationis</span> <span class='ocrx_word' id='word_1_261' title='bbox 1468 1751 1540 1778; x_wconf 88' lang='lat' dir='ltr'>ex-</span> 
     </span>
     <span class='ocr_line' id='line_1_30' title="bbox 105 1792 1597 1850; baseline 0.001 -18"><span class='ocrx_word' id='word_1_262' title='bbox 105 1801 258 1847; x_wconf 88' lang='lat' dir='ltr'>pertes.</span> <span class='ocrx_word' id='word_1_263' title='bbox 315 1792 383 1833; x_wconf 90' lang='lat' dir='ltr'>Ac</span> <span class='ocrx_word' id='word_1_264' title='bbox 409 1792 610 1834; x_wconf 87' lang='lat' dir='ltr'>latissime</span> <span class='ocrx_word' id='word_1_265' title='bbox 630 1792 802 1849; x_wconf 88' lang='lat' dir='ltr'>quidem</span> <span class='ocrx_word' id='word_1_266' title='bbox 823 1802 970 1849; x_wconf 89' lang='lat' dir='ltr'>patens</span> <span class='ocrx_word' id='word_1_267' title='bbox 999 1793 1242 1835; x_wconf 89' lang='lat' dir='ltr'>hominibus</span> <span class='ocrx_word' id='word_1_268' title='bbox 1272 1794 1381 1835; x_wconf 91' lang='lat' dir='ltr'>inter</span> <span class='ocrx_word' id='word_1_269' title='bbox 1410 1794 1597 1850; x_wconf 84' lang='lat' dir='ltr'>ipsos,51</span> 
     </span>
     <span class='ocr_line' id='line_1_31' title="bbox 105 1847 1539 1905; baseline 0.001 -16"><span class='ocrx_word' id='word_1_270' title='bbox 105 1848 303 1890; x_wconf 90' lang='lat' dir='ltr'>omnibus</span> <span class='ocrx_word' id='word_1_271' title='bbox 321 1847 428 1890; x_wconf 88' lang='lat' dir='ltr'>inter</span> <span class='ocrx_word' id='word_1_272' title='bbox 443 1864 604 1900; x_wconf 84' lang='lat' dir='ltr'>omnes,</span> <span class='ocrx_word' id='word_1_273' title='bbox 617 1850 792 1892; x_wconf 88' lang='lat' dir='ltr'>societas</span> <span class='ocrx_word' id='word_1_274' title='bbox 809 1849 900 1890; x_wconf 81' lang='lat' dir='ltr'>haec</span> <span class='ocrx_word' id='word_1_275' title='bbox 919 1858 1002 1890; x_wconf 90' lang='lat' dir='ltr'>est:</span> <span class='ocrx_word' id='word_1_276' title='bbox 1020 1850 1062 1890; x_wconf 91' lang='lat' dir='ltr'>in</span> <span class='ocrx_word' id='word_1_277' title='bbox 1081 1864 1164 1905; x_wconf 88' lang='lat' dir='ltr'>qua</span> <span class='ocrx_word' id='word_1_278' title='bbox 1177 1850 1366 1891; x_wconf 89' lang='lat' dir='ltr'>omnium</span> <span class='ocrx_word' id='word_1_279' title='bbox 1383 1864 1539 1902; x_wconf 88' lang='lat' dir='ltr'>rerum,</span> 
     </span>
     <span class='ocr_line' id='line_1_32' title="bbox 105 1904 1540 1961; baseline 0.001 -16"><span class='ocrx_word' id='word_1_280' title='bbox 105 1919 208 1961; x_wconf 89' lang='lat' dir='ltr'>quas</span> <span class='ocrx_word' id='word_1_281' title='bbox 229 1904 283 1945; x_wconf 87' lang='lat' dir='ltr'>ad</span> <span class='ocrx_word' id='word_1_282' title='bbox 304 1919 574 1947; x_wconf 89' lang='lat' dir='ltr'>communem</span> <span class='ocrx_word' id='word_1_283' title='bbox 595 1906 816 1948; x_wconf 87' lang='lat' dir='ltr'>hominum</span> <span class='ocrx_word' id='word_1_284' title='bbox 844 1921 970 1948; x_wconf 89' lang='lat' dir='ltr'>usum</span> <span class='ocrx_word' id='word_1_285' title='bbox 1000 1915 1148 1947; x_wconf 87' lang='lat' dir='ltr'>natura</span> <span class='ocrx_word' id='word_1_286' title='bbox 1176 1908 1338 1961; x_wconf 84' lang='lat' dir='ltr'>genuit,</span> <span class='ocrx_word' id='word_1_287' title='bbox 1359 1917 1423 1948; x_wconf 89' lang='lat' dir='ltr'>est</span> <span class='ocrx_word' id='word_1_288' title='bbox 1453 1921 1540 1948; x_wconf 90' lang='lat' dir='ltr'>ser-</span> 
     </span>
     <span class='ocr_line' id='line_1_33' title="bbox 105 1960 1539 2019; baseline 0.002 -18"><span class='ocrx_word' id='word_1_289' title='bbox 105 1960 239 2002; x_wconf 84' lang='lat' dir='ltr'>vanda</span> <span class='ocrx_word' id='word_1_290' title='bbox 257 1962 562 2004; x_wconf 80' lang='lat' dir='ltr'>communitas:</span> <span class='ocrx_word' id='word_1_291' title='bbox 585 1971 633 2004; x_wconf 91' lang='lat' dir='ltr'>ut</span> <span class='ocrx_word' id='word_1_292' title='bbox 648 1978 743 2019; x_wconf 85' lang='lat' dir='ltr'>quae</span> <span class='ocrx_word' id='word_1_293' title='bbox 763 1963 973 2019; x_wconf 88' lang='lat' dir='ltr'>descripta</span> <span class='ocrx_word' id='word_1_294' title='bbox 994 1972 1092 2003; x_wconf 86' lang='lat' dir='ltr'>sunt</span> <span class='ocrx_word' id='word_1_295' title='bbox 1108 1962 1291 2018; x_wconf 81' lang='lat' dir='ltr'>legibus,</span> <span class='ocrx_word' id='word_1_296' title='bbox 1309 1973 1352 2004; x_wconf 90' lang='lat' dir='ltr'>et</span> <span class='ocrx_word' id='word_1_297' title='bbox 1365 1963 1462 2019; x_wconf 88' lang='lat' dir='ltr'>jure</span> <span class='ocrx_word' id='word_1_298' title='bbox 1479 1963 1539 2004; x_wconf 88' lang='lat' dir='ltr'>ci-</span> 
     </span>
     <span class='ocr_line' id='line_1_34' title="bbox 106 2016 1541 2075; baseline 0.003 -17"><span class='ocrx_word' id='word_1_299' title='bbox 106 2016 190 2069; x_wconf 87' lang='lat' dir='ltr'>vili,</span> <span class='ocrx_word' id='word_1_300' title='bbox 203 2017 294 2060; x_wconf 90' lang='lat' dir='ltr'>haec</span> <span class='ocrx_word' id='word_1_301' title='bbox 311 2018 368 2060; x_wconf 89' lang='lat' dir='ltr'>ita</span> <span class='ocrx_word' id='word_1_302' title='bbox 381 2028 617 2070; x_wconf 86' lang='lat' dir='ltr'>teneantur,</span> <span class='ocrx_word' id='word_1_303' title='bbox 630 2030 680 2061; x_wconf 92' lang='lat' dir='ltr'>ut</span> <span class='ocrx_word' id='word_1_304' title='bbox 695 2019 747 2061; x_wconf 88' lang='lat' dir='ltr'>sit</span> <span class='ocrx_word' id='word_1_305' title='bbox 763 2020 1062 2062; x_wconf 87' lang='lat' dir='ltr'>constitutum:</span> <span class='ocrx_word' id='word_1_306' title='bbox 1079 2033 1102 2060; x_wconf 87' lang='lat' dir='ltr'>e</span> <span class='ocrx_word' id='word_1_307' title='bbox 1116 2020 1268 2075; x_wconf 88' lang='lat' dir='ltr'>quibus</span> <span class='ocrx_word' id='word_1_308' title='bbox 1286 2019 1385 2075; x_wconf 89' lang='lat' dir='ltr'>ipsis</span> <span class='ocrx_word' id='word_1_309' title='bbox 1403 2029 1541 2062; x_wconf 79' lang='lat' dir='ltr'>cetera</span> 
     </span>
    </p>
   </div>
   <div class='ocr_carea' id='block_1_3' title="bbox 103 2147 1540 2876">
    <p class='ocr_par' dir='ltr' id='par_1_3' title="bbox 103 2147 1540 2876">
     <span class='ocr_line' id='line_1_35' title="bbox 148 2147 1539 2190; baseline 0.001 -13"><span class='ocrx_word' id='word_1_310' title='bbox 148 2153 188 2183; x_wconf 87' lang='lat'>79</span> <span class='ocrx_word' id='word_1_311' title='bbox 216 2159 271 2190; x_wconf 85' lang='lat' dir='ltr'>quo</span> <span class='ocrx_word' id='word_1_312' title='bbox 296 2147 417 2190; x_wconf 84' lang='lat' dir='ltr'>quisque</span> <span class='ocrx_word' id='word_1_313' title='bbox 441 2148 534 2178; x_wconf 79' lang='lat' dir='ltr'>animi</span> <span class='ocrx_word' id='word_1_314' title='bbox 562 2147 667 2188; x_wconf 83' lang='lat' dir='ltr'>studio]</span> <span class='ocrx_word' id='word_1_315' title='bbox 701 2149 754 2180; x_wconf 88' lang='lat' dir='ltr'>Sic</span> <span class='ocrx_word' id='word_1_316' title='bbox 783 2159 801 2179; x_wconf 88' lang='lat' dir='ltr'>e</span> <span class='ocrx_word' id='word_1_317' title='bbox 844 2150 969 2189; x_wconf 82' lang='lat' dir='ltr'>ineptus</span> <span class='ocrx_word' id='word_1_318' title='bbox 993 2148 1137 2180; x_wconf 85' lang='lat' dir='ltr'>librarius</span> <span class='ocrx_word' id='word_1_319' title='bbox 1158 2149 1300 2188; x_wconf 87' lang='lat' dir='ltr'>inseruit,</span> <span class='ocrx_word' id='word_1_320' title='bbox 1318 2150 1403 2189; x_wconf 90' lang='lat' dir='ltr'>quod</span> <span class='ocrx_word' id='word_1_321' title='bbox 1419 2148 1471 2179; x_wconf 75' lang='lat' dir='ltr'>vel</span> <span class='ocrx_word' id='word_1_322' title='bbox 1484 2159 1539 2179; x_wconf 90' lang='lat' dir='ltr'>an-</span> 
     </span>
     <span class='ocr_line' id='line_1_36' title="bbox 105 2190 1007 2223; baseline 0 -1"><span class='ocrx_word' id='word_1_323' title='bbox 105 2190 184 2222; x_wconf 84' lang='lat' dir='ltr'>Mss.</span> <span class='ocrx_word' id='word_1_324' title='bbox 207 2192 292 2222; x_wconf 88' lang='lat' dir='ltr'>dedit</span> <span class='ocrx_word' id='word_1_325' title='bbox 315 2191 468 2222; x_wconf 85' lang='lat' dir='ltr'>Pearcius.</span> <span class='ocrx_word' id='word_1_326' title='bbox 515 2191 566 2222; x_wconf 89' lang='lat' dir='ltr'>Sic</span> <span class='ocrx_word' id='word_1_327' title='bbox 581 2197 628 2222; x_wconf 88' lang='lat' dir='ltr'>est</span> <span class='ocrx_word' id='word_1_328' title='bbox 643 2198 673 2222; x_wconf 87' lang='lat' dir='ltr'>et</span> <span class='ocrx_word' id='word_1_329' title='bbox 688 2192 720 2223; x_wconf 89' lang='lat' dir='ltr'>in</span> <span class='ocrx_word' id='word_1_330' title='bbox 738 2193 799 2223; x_wconf 84' lang='lat' dir='ltr'>Ms.</span> <span class='ocrx_word' id='word_1_331' title='bbox 844 2193 1007 2223; x_wconf 87' lang='lat' dir='ltr'>tecederet.</span> 
     </span>
     <span class='ocr_line' id='line_1_37' title="bbox 105 2233 1539 2276; baseline 0.001 -12"><span class='ocrx_word' id='word_1_332' title='bbox 105 2234 204 2265; x_wconf 88' lang='lat' dir='ltr'>Goth.</span> <span class='ocrx_word' id='word_1_333' title='bbox 234 2241 265 2264; x_wconf 91' lang='lat' dir='ltr'>et</span> <span class='ocrx_word' id='word_1_334' title='bbox 293 2234 369 2265; x_wconf 89' lang='lat' dir='ltr'>Cur.</span> <span class='ocrx_word' id='word_1_335' title='bbox 396 2235 501 2273; x_wconf 80' lang='lat' dir='ltr'>itaque</span> <span class='ocrx_word' id='word_1_336' title='bbox 531 2241 562 2264; x_wconf 86' lang='lat' dir='ltr'>et</span> <span class='ocrx_word' id='word_1_337' title='bbox 590 2236 655 2274; x_wconf 82' lang='lat' dir='ltr'>ipse</span> <span class='ocrx_word' id='word_1_338' title='bbox 685 2237 800 2275; x_wconf 85' lang='lat' dir='ltr'>recepi.</span> <span class='ocrx_word' id='word_1_339' title='bbox 887 2242 921 2265; x_wconf 80' lang='lat'>81</span> <span class='ocrx_word' id='word_1_340' title='bbox 949 2235 1011 2265; x_wconf 83' lang='lat' dir='ltr'>Sed</span> <span class='ocrx_word' id='word_1_341' title='bbox 1023 2245 1089 2276; x_wconf 83' lang='lat' dir='ltr'>quae</span> <span class='ocrx_word' id='word_1_342' title='bbox 1103 2241 1218 2265; x_wconf 82' lang='lat' dir='ltr'>naturae</span> <span class='ocrx_word' id='word_1_343' title='bbox 1230 2233 1378 2275; x_wconf 84' lang='lat' dir='ltr'>principia</span> <span class='ocrx_word' id='word_1_344' title='bbox 1393 2234 1465 2276; x_wconf 84' lang='lat' dir='ltr'>sint]</span> <span class='ocrx_word' id='word_1_345' title='bbox 1486 2235 1539 2265; x_wconf 87' lang='lat' dir='ltr'>Sic</span> 
     </span>
     <span class='ocr_line' id='line_1_38' title="bbox 106 2277 1540 2317; baseline 0 -9"><span class='ocrx_word' id='word_1_346' title='bbox 106 2277 210 2317; x_wconf 86' lang='lat' dir='ltr'>Vulgo</span> <span class='ocrx_word' id='word_1_347' title='bbox 225 2284 273 2308; x_wconf 90' lang='lat' dir='ltr'>est</span> <span class='ocrx_word' id='word_1_348' title='bbox 287 2277 393 2314; x_wconf 83' lang='lat' dir='ltr'>animo,</span> <span class='ocrx_word' id='word_1_349' title='bbox 409 2277 502 2307; x_wconf 81' lang='lat' dir='ltr'>studio</span> <span class='ocrx_word' id='word_1_350' title='bbox 517 2279 576 2307; x_wconf 74' lang='grc' dir='ltr'>διε.</span> <span class='ocrx_word' id='word_1_351' title='bbox 842 2278 961 2308; x_wconf 86' lang='lat' dir='ltr'>habent</span> <span class='ocrx_word' id='word_1_352' title='bbox 976 2279 1039 2308; x_wconf 86' lang='lat' dir='ltr'>fere</span> <span class='ocrx_word' id='word_1_353' title='bbox 1055 2277 1134 2308; x_wconf 85' lang='lat' dir='ltr'>Mss.</span> <span class='ocrx_word' id='word_1_354' title='bbox 1147 2285 1183 2308; x_wconf 89' lang='lat' dir='ltr'>ut</span> <span class='ocrx_word' id='word_1_355' title='bbox 1197 2286 1228 2308; x_wconf 89' lang='lat' dir='ltr'>et</span> <span class='ocrx_word' id='word_1_356' title='bbox 1244 2279 1340 2308; x_wconf 88' lang='lat' dir='ltr'>nostri</span> <span class='ocrx_word' id='word_1_357' title='bbox 1354 2278 1450 2308; x_wconf 89' lang='lat' dir='ltr'>Goth.</span> <span class='ocrx_word' id='word_1_358' title='bbox 1464 2278 1540 2309; x_wconf 91' lang='lat' dir='ltr'>Cur.</span> 
     </span>
     <span class='ocr_line' id='line_1_39' title="bbox 150 2319 1540 2361; baseline 0.001 -11"><span class='ocrx_word' id='word_1_359' title='bbox 150 2327 190 2350; x_wconf 86' lang='grc'>80</span> <span class='ocrx_word' id='word_1_360' title='bbox 204 2319 263 2350; x_wconf 77' lang='lat' dir='ltr'>sine</span> <span class='ocrx_word' id='word_1_361' title='bbox 267 2319 381 2360; x_wconf 83' lang='lat' dir='ltr'>judicio</span> <span class='ocrx_word' id='word_1_362' title='bbox 395 2319 450 2350; x_wconf 83' lang='lat' dir='ltr'>vel</span> <span class='ocrx_word' id='word_1_363' title='bbox 462 2319 558 2358; x_wconf 78' lang='lat' dir='ltr'>mod03</span> <span class='ocrx_word' id='word_1_364' title='bbox 574 2320 604 2349; x_wconf 84' lang='lat' dir='ltr'>in</span> <span class='ocrx_word' id='word_1_365' title='bbox 616 2331 708 2349; x_wconf 82' lang='lat' dir='ltr'>omnes</span> <span class='ocrx_word' id='word_1_366' title='bbox 721 2319 795 2359; x_wconf 65' lang='grc' dir='ltr'>δῖα]</span> <span class='ocrx_word' id='word_1_367' title='bbox 841 2328 873 2351; x_wconf 90' lang='lat' dir='ltr'>et</span> <span class='ocrx_word' id='word_1_368' title='bbox 888 2322 958 2352; x_wconf 90' lang='lat' dir='ltr'>edd.</span> <span class='ocrx_word' id='word_1_369' title='bbox 972 2331 1018 2361; x_wconf 89' lang='lat' dir='ltr'>pr.</span> <span class='ocrx_word' id='word_1_370' title='bbox 1065 2321 1202 2360; x_wconf 86' lang='lat' dir='ltr'>Langius</span> <span class='ocrx_word' id='word_1_371' title='bbox 1225 2328 1257 2351; x_wconf 87' lang='lat' dir='ltr'>et</span> <span class='ocrx_word' id='word_1_372' title='bbox 1279 2321 1392 2351; x_wconf 88' lang='lat' dir='ltr'>Lamb.</span> <span class='ocrx_word' id='word_1_373' title='bbox 1415 2331 1454 2351; x_wconf 88' lang='lat' dir='ltr'>ex</span> <span class='ocrx_word' id='word_1_374' title='bbox 1473 2331 1540 2352; x_wconf 89' lang='lat' dir='ltr'>uno</span> 
     </span>
     <span class='ocr_line' id='line_1_40' title="bbox 107 2362 1540 2404; baseline -0.001 -10"><span class='ocrx_word' id='word_1_375' title='bbox 107 2362 186 2399; x_wconf 74' lang='lat' dir='ltr'>Haec</span> <span class='ocrx_word' id='word_1_376' title='bbox 208 2369 255 2394; x_wconf 61' lang='lat' dir='ltr'>est</span> <span class='ocrx_word' id='word_1_377' title='bbox 275 2363 368 2394; x_wconf 87' lang='lat' dir='ltr'>lectio</span> <span class='ocrx_word' id='word_1_378' title='bbox 390 2363 521 2402; x_wconf 83' lang='lat' dir='ltr'>antiqua</span> <span class='ocrx_word' id='word_1_379' title='bbox 542 2364 620 2393; x_wconf 87' lang='lat' dir='ltr'>Mss.</span> <span class='ocrx_word' id='word_1_380' title='bbox 638 2371 669 2392; x_wconf 90' lang='lat' dir='ltr'>et</span> <span class='ocrx_word' id='word_1_381' title='bbox 683 2364 752 2394; x_wconf 89' lang='lat' dir='ltr'>edd.</span> <span class='ocrx_word' id='word_1_382' title='bbox 770 2371 800 2394; x_wconf 89' lang='lat' dir='ltr'>et</span> <span class='ocrx_word' id='word_1_383' title='bbox 842 2371 874 2394; x_wconf 89' lang='lat' dir='ltr'>et</span> <span class='ocrx_word' id='word_1_384' title='bbox 888 2364 985 2394; x_wconf 88' lang='lat' dir='ltr'>altero</span> <span class='ocrx_word' id='word_1_385' title='bbox 1000 2364 1080 2395; x_wconf 88' lang='lat' dir='ltr'>libro</span> <span class='ocrx_word' id='word_1_386' title='bbox 1094 2373 1154 2394; x_wconf 90' lang='lat' dir='ltr'>suo</span> <span class='ocrx_word' id='word_1_387' title='bbox 1168 2365 1283 2404; x_wconf 88' lang='lat' dir='ltr'>scripto</span> <span class='ocrx_word' id='word_1_388' title='bbox 1300 2373 1441 2403; x_wconf 83' lang='lat' dir='ltr'>recepere</span> <span class='ocrx_word' id='word_1_389' title='bbox 1454 2371 1540 2393; x_wconf 82' lang='lat' dir='ltr'>naru-</span> 
     </span>
     <span class='ocr_line' id='line_1_41' title="bbox 105 2406 1540 2447; baseline 0.001 -12"><span class='ocrx_word' id='word_1_390' title='bbox 105 2406 214 2445; x_wconf 83' lang='lat' dir='ltr'>proba,</span> <span class='ocrx_word' id='word_1_391' title='bbox 231 2407 372 2445; x_wconf 87' lang='lat' dir='ltr'>primum</span> <span class='ocrx_word' id='word_1_392' title='bbox 395 2407 434 2436; x_wconf 91' lang='lat' dir='ltr'>ab</span> <span class='ocrx_word' id='word_1_393' title='bbox 454 2406 642 2436; x_wconf 84' lang='lat' dir='ltr'>Anemoeeio</span> <span class='ocrx_word' id='word_1_394' title='bbox 663 2414 798 2444; x_wconf 89' lang='lat' dir='ltr'>mutata,</span> <span class='ocrx_word' id='word_1_395' title='bbox 842 2407 889 2444; x_wconf 73' lang='grc' dir='ltr'>νά,</span> <span class='ocrx_word' id='word_1_396' title='bbox 906 2408 991 2446; x_wconf 91' lang='lat' dir='ltr'>quod</span> <span class='ocrx_word' id='word_1_397' title='bbox 1007 2416 1180 2437; x_wconf 86' lang='lat' dir='ltr'>concursus</span> <span class='ocrx_word' id='word_1_398' title='bbox 1197 2408 1411 2447; x_wconf 85' lang='lat' dir='ltr'>genitivorum</span> <span class='ocrx_word' id='word_1_399' title='bbox 1433 2408 1540 2437; x_wconf 85' lang='lat' dir='ltr'>durior</span> 
     </span>
     <span class='ocr_line' id='line_1_42' title="bbox 106 2447 1539 2490; baseline -0.001 -11"><span class='ocrx_word' id='word_1_400' title='bbox 106 2450 140 2479; x_wconf 85' lang='lat' dir='ltr'>in</span> <span class='ocrx_word' id='word_1_401' title='bbox 163 2447 217 2478; x_wconf 80' lang='lat' dir='ltr'>vel</span> <span class='ocrx_word' id='word_1_402' title='bbox 237 2449 328 2478; x_wconf 84' lang='lat' dir='ltr'>morbo</span> <span class='ocrx_word' id='word_1_403' title='bbox 348 2450 370 2481; x_wconf 86' lang='lat' dir='ltr'>i.</span> <span class='ocrx_word' id='word_1_404' title='bbox 393 2461 417 2479; x_wconf 86' lang='grc' dir='ltr'>ο.</span> <span class='ocrx_word' id='word_1_405' title='bbox 442 2448 495 2478; x_wconf 71' lang='lat' dir='ltr'>vel</span> <span class='ocrx_word' id='word_1_406' title='bbox 516 2456 576 2488; x_wconf 85' lang='lat' dir='ltr'>rep.</span> <span class='ocrx_word' id='word_1_407' title='bbox 592 2450 650 2479; x_wconf 76' lang='grc' dir='ltr'><em>δίο.</em></span> <span class='ocrx_word' id='word_1_408' title='bbox 672 2456 800 2480; x_wconf 83' lang='lat' dir='ltr'>auctore</span> <span class='ocrx_word' id='word_1_409' title='bbox 842 2456 889 2480; x_wconf 85' lang='lat' dir='ltr'>est</span> <span class='ocrx_word' id='word_1_410' title='bbox 917 2451 950 2480; x_wconf 86' lang='lat' dir='ltr'>in</span> <span class='ocrx_word' id='word_1_411' title='bbox 980 2449 1034 2480; x_wconf 87' lang='lat' dir='ltr'>illa</span> <span class='ocrx_word' id='word_1_412' title='bbox 1064 2450 1220 2480; x_wconf 87' lang='lat' dir='ltr'>lectione:</span> <span class='ocrx_word' id='word_1_413' title='bbox 1252 2456 1368 2480; x_wconf 80' lang='lat' dir='ltr'>naturae</span> <span class='ocrx_word' id='word_1_414' title='bbox 1389 2450 1539 2490; x_wconf 70' lang='lat' dir='ltr'>principia</span> 
     </span>
     <span class='ocr_line' id='line_1_43' title="bbox 105 2492 1236 2531; baseline 0.001 -9"><span class='ocrx_word' id='word_1_415' title='bbox 105 2500 173 2522; x_wconf 88' lang='lat' dir='ltr'>uno</span> <span class='ocrx_word' id='word_1_416' title='bbox 189 2492 253 2522; x_wconf 82' lang='lat' dir='ltr'>Ms.</span> <span class='ocrx_word' id='word_1_417' title='bbox 268 2492 466 2531; x_wconf 83' lang='lat' dir='ltr'>Augustano‚</span> <span class='ocrx_word' id='word_1_418' title='bbox 482 2493 594 2522; x_wconf 84' lang='lat' dir='ltr'>deinde</span> <span class='ocrx_word' id='word_1_419' title='bbox 609 2499 640 2522; x_wconf 86' lang='lat' dir='ltr'>et</span> <span class='ocrx_word' id='word_1_420' title='bbox 655 2493 694 2522; x_wconf 88' lang='lat' dir='ltr'>ab</span> <span class='ocrx_word' id='word_1_421' title='bbox 716 2493 797 2530; x_wconf 88' lang='lat' dir='ltr'>aliis,</span> <span class='ocrx_word' id='word_1_422' title='bbox 842 2492 1053 2522; x_wconf 83' lang='lat' dir='ltr'>communitatis</span> <span class='ocrx_word' id='word_1_423' title='bbox 1069 2494 1128 2524; x_wconf 70' lang='grc' dir='ltr'>ὅτε.</span> <span class='ocrx_word' id='word_1_424' title='bbox 1144 2493 1236 2523; x_wconf 86' lang='lat' dir='ltr'>bene.</span> 
     </span>
     <span class='ocr_line' id='line_1_44' title="bbox 105 2533 1540 2576; baseline 0.001 -12"><span class='ocrx_word' id='word_1_425' title='bbox 105 2541 136 2567; x_wconf 85' lang='lat' dir='ltr'>et</span> <span class='ocrx_word' id='word_1_426' title='bbox 160 2535 318 2572; x_wconf 87' lang='lat' dir='ltr'>Grutero;</span> <span class='ocrx_word' id='word_1_427' title='bbox 342 2536 426 2566; x_wconf 89' lang='lat' dir='ltr'>unde</span> <span class='ocrx_word' id='word_1_428' title='bbox 451 2534 544 2565; x_wconf 87' lang='lat' dir='ltr'>lectio</span> <span class='ocrx_word' id='word_1_429' title='bbox 569 2535 697 2574; x_wconf 79' lang='lat' dir='ltr'>vulgata</span> <span class='ocrx_word' id='word_1_430' title='bbox 717 2536 798 2566; x_wconf 87' lang='lat' dir='ltr'>facta</span> <span class='ocrx_word' id='word_1_431' title='bbox 886 2542 925 2566; x_wconf 77' lang='lat'>82</span> <span class='ocrx_word' id='word_1_432' title='bbox 951 2537 1007 2565; x_wconf 68' lang='lat' dir='ltr'>Ext</span> <span class='ocrx_word' id='word_1_433' title='bbox 1035 2535 1109 2565; x_wconf 79' lang='lat' dir='ltr'>enim</span> <span class='ocrx_word' id='word_1_434' title='bbox 1131 2533 1277 2576; x_wconf 86' lang='lat' dir='ltr'>primum]</span> <span class='ocrx_word' id='word_1_435' title='bbox 1315 2537 1368 2566; x_wconf 88' lang='lat' dir='ltr'>Est</span> <span class='ocrx_word' id='word_1_436' title='bbox 1396 2535 1540 2570; x_wconf 60' lang='lat' dir='ltr'>definitio</span> 
     </span>
     <span class='ocr_line' id='line_1_45' title="bbox 103 2577 998 2619; baseline 0.001 -11"><span class='ocrx_word' id='word_1_437' title='bbox 103 2584 160 2609; x_wconf 78' lang='lat' dir='ltr'>est.</span> <span class='ocrx_word' id='word_1_438' title='bbox 198 2578 283 2608; x_wconf 88' lang='lat' dir='ltr'>Bene</span> <span class='ocrx_word' id='word_1_439' title='bbox 306 2577 449 2608; x_wconf 88' lang='lat' dir='ltr'>Pearcius</span> <span class='ocrx_word' id='word_1_440' title='bbox 470 2585 608 2609; x_wconf 89' lang='lat' dir='ltr'>veterem</span> <span class='ocrx_word' id='word_1_441' title='bbox 628 2578 798 2610; x_wconf 82' lang='lat' dir='ltr'>lectionem</span> <span class='ocrx_word' id='word_1_442' title='bbox 843 2579 998 2619; x_wconf 88' lang='lat' dir='ltr'>principii.</span> 
     </span>
     <span class='ocr_line' id='line_1_46' title="bbox 105 2618 1538 2663; baseline -0.001 -12"><span class='ocrx_word' id='word_1_443' title='bbox 105 2627 137 2651; x_wconf 85' lang='lat' dir='ltr'>et</span> <span class='ocrx_word' id='word_1_444' title='bbox 168 2621 457 2661; x_wconf 80' lang='lat' dir='ltr'>interpunctionem</span> <span class='ocrx_word' id='word_1_445' title='bbox 492 2621 636 2651; x_wconf 78' lang='lat' dir='ltr'>restituit.</span> <span class='ocrx_word' id='word_1_446' title='bbox 673 2621 726 2650; x_wconf 81' lang='lat' dir='ltr'>vel</span> <span class='ocrx_word' id='word_1_447' title='bbox 759 2633 798 2652; x_wconf 89' lang='lat' dir='ltr'>m.</span> <span class='ocrx_word' id='word_1_448' title='bbox 887 2628 924 2653; x_wconf 83' lang='lat'>83</span> <span class='ocrx_word' id='word_1_449' title='bbox 949 2631 1015 2663; x_wconf 78' lang='lat' dir='ltr'>quae</span> <span class='ocrx_word' id='word_1_450' title='bbox 1030 2618 1318 2661; x_wconf 76' lang='lat' dir='ltr'>docendo,discendo]</span> <span class='ocrx_word' id='word_1_451' title='bbox 1331 2619 1538 2650; x_wconf 85' lang='lat' dir='ltr'>Anemoecius</span> 
     </span>
     <span class='ocr_line' id='line_1_47' title="bbox 106 2661 1538 2702; baseline -0.001 -9"><span class='ocrx_word' id='word_1_452' title='bbox 106 2664 220 2702; x_wconf 86' lang='lat' dir='ltr'>pendet</span> <span class='ocrx_word' id='word_1_453' title='bbox 234 2673 253 2693; x_wconf 92' lang='lat' dir='ltr'>a</span> <span class='ocrx_word' id='word_1_454' title='bbox 272 2664 331 2693; x_wconf 78' lang='lat' dir='ltr'>sine</span> <span class='ocrx_word' id='word_1_455' title='bbox 345 2675 354 2692; x_wconf 91' lang='lat'><em>:</em></span> <span class='ocrx_word' id='word_1_456' title='bbox 377 2670 408 2693; x_wconf 87' lang='lat' dir='ltr'>et</span> <span class='ocrx_word' id='word_1_457' title='bbox 430 2662 488 2691; x_wconf 79' lang='lat' dir='ltr'>sine</span> <span class='ocrx_word' id='word_1_458' title='bbox 511 2663 603 2693; x_wconf 85' lang='lat' dir='ltr'>morbo</span> <span class='ocrx_word' id='word_1_459' title='bbox 623 2664 715 2693; x_wconf 84' lang='lat' dir='ltr'>nihili</span> <span class='ocrx_word' id='word_1_460' title='bbox 738 2672 796 2701; x_wconf 82' lang='lat' dir='ltr'>est,</span> <span class='ocrx_word' id='word_1_461' title='bbox 842 2675 859 2695; x_wconf 90' lang='lat' dir='ltr'>e</span> <span class='ocrx_word' id='word_1_462' title='bbox 885 2665 951 2696; x_wconf 83' lang='lat' dir='ltr'>MS.</span> <span class='ocrx_word' id='word_1_463' title='bbox 973 2673 1032 2696; x_wconf 88' lang='lat' dir='ltr'>suo</span> <span class='ocrx_word' id='word_1_464' title='bbox 1056 2665 1151 2695; x_wconf 87' lang='lat' dir='ltr'>edidit</span> <span class='ocrx_word' id='word_1_465' title='bbox 1172 2663 1298 2700; x_wconf 80' lang='lat' dir='ltr'>dicendo,</span> <span class='ocrx_word' id='word_1_466' title='bbox 1317 2661 1455 2692; x_wconf 82' lang='lat' dir='ltr'>discendo.</span> <span class='ocrx_word' id='word_1_467' title='bbox 1483 2662 1538 2692; x_wconf 83' lang='lat' dir='ltr'>sed</span> 
     </span>
     <span class='ocr_line' id='line_1_48' title="bbox 106 2704 1538 2748; baseline -0.001 -12"><span class='ocrx_word' id='word_1_468' title='bbox 106 2715 184 2737; x_wconf 91' lang='lat' dir='ltr'>cum</span> <span class='ocrx_word' id='word_1_469' title='bbox 199 2714 308 2737; x_wconf 79' lang='lat' dir='ltr'>contra</span> <span class='ocrx_word' id='word_1_470' title='bbox 322 2707 404 2737; x_wconf 87' lang='lat' dir='ltr'>bene</span> <span class='ocrx_word' id='word_1_471' title='bbox 419 2706 539 2736; x_wconf 86' lang='lat' dir='ltr'>dicatur</span> <span class='ocrx_word' id='word_1_472' title='bbox 560 2706 620 2735; x_wconf 83' lang='lat' dir='ltr'>sine</span> <span class='ocrx_word' id='word_1_473' title='bbox 632 2706 745 2745; x_wconf 81' lang='lat' dir='ltr'>judicio</span> <span class='ocrx_word' id='word_1_474' title='bbox 763 2708 797 2748; x_wconf 79' lang='lat' dir='ltr'>(i.</span> <span class='ocrx_word' id='word_1_475' title='bbox 842 2718 918 2738; x_wconf 89' lang='lat' dir='ltr'>eum</span> <span class='ocrx_word' id='word_1_476' title='bbox 942 2718 1008 2738; x_wconf 90' lang='lat' dir='ltr'>non</span> <span class='ocrx_word' id='word_1_477' title='bbox 1030 2714 1106 2738; x_wconf 86' lang='lat' dir='ltr'>sunt</span> <span class='ocrx_word' id='word_1_478' title='bbox 1127 2706 1238 2738; x_wconf 86' lang='lat' dir='ltr'>imitati</span> <span class='ocrx_word' id='word_1_479' title='bbox 1259 2712 1424 2745; x_wconf 88' lang='lat' dir='ltr'>sequentes</span> <span class='ocrx_word' id='word_1_480' title='bbox 1439 2704 1538 2734; x_wconf 81' lang='lat' dir='ltr'>edito-</span> 
     </span>
     <span class='ocr_line' id='line_1_49' title="bbox 106 2745 1535 2790; baseline -0.001 -11"><span class='ocrx_word' id='word_1_481' title='bbox 106 2757 132 2779; x_wconf 85' lang='lat' dir='ltr'>e.</span> <span class='ocrx_word' id='word_1_482' title='bbox 150 2749 286 2788; x_wconf 89' lang='lat' dir='ltr'>delectu)</span> <span class='ocrx_word' id='word_1_483' title='bbox 303 2749 357 2779; x_wconf 84' lang='lat' dir='ltr'>vel</span> <span class='ocrx_word' id='word_1_484' title='bbox 369 2750 458 2779; x_wconf 85' lang='lat' dir='ltr'>modo.</span> <span class='ocrx_word' id='word_1_485' title='bbox 482 2755 553 2778; x_wconf 86' lang='lat' dir='ltr'>turn</span> <span class='ocrx_word' id='word_1_486' title='bbox 569 2749 599 2777; x_wconf 85' lang='lat' dir='ltr'>in</span> <span class='ocrx_word' id='word_1_487' title='bbox 614 2760 705 2779; x_wconf 80' lang='lat' dir='ltr'>omnes</span> <span class='ocrx_word' id='word_1_488' title='bbox 722 2752 800 2781; x_wconf 88' lang='lat' dir='ltr'>refe·</span> <span class='ocrx_word' id='word_1_489' title='bbox 843 2761 900 2781; x_wconf 89' lang='lat' dir='ltr'>res.</span> <span class='ocrx_word' id='word_1_490' title='bbox 918 2751 1035 2780; x_wconf 83' lang='lat' dir='ltr'>docendo</span> <span class='ocrx_word' id='word_1_491' title='bbox 1049 2751 1152 2790; x_wconf 86' lang='lat' dir='ltr'>aptius</span> <span class='ocrx_word' id='word_1_492' title='bbox 1167 2756 1213 2780; x_wconf 89' lang='lat' dir='ltr'>est</span> <span class='ocrx_word' id='word_1_493' title='bbox 1228 2750 1372 2788; x_wconf 80' lang='lat' dir='ltr'>proximo</span> <span class='ocrx_word' id='word_1_494' title='bbox 1387 2745 1514 2777; x_wconf 72' lang='lat' dir='ltr'>discendo</span> <span class='ocrx_word' id='word_1_495' title='bbox 1526 2757 1535 2774; x_wconf 65' lang='grc' dir='ltr'><em>ε</em></span> 
     </span>
     <span class='ocr_line' id='line_1_50' title="bbox 107 2790 1451 2834; baseline -0.001 -12"><span class='ocrx_word' id='word_1_496' title='bbox 107 2792 243 2822; x_wconf 83' lang='lat' dir='ltr'>rendum</span> <span class='ocrx_word' id='word_1_497' title='bbox 257 2799 303 2823; x_wconf 87' lang='lat' dir='ltr'>est</span> <span class='ocrx_word' id='word_1_498' title='bbox 317 2793 355 2822; x_wconf 87' lang='lat' dir='ltr'>ad</span> <span class='ocrx_word' id='word_1_499' title='bbox 371 2791 498 2821; x_wconf 82' lang='lat' dir='ltr'>incitati.</span> <span class='ocrx_word' id='word_1_500' title='bbox 518 2791 651 2822; x_wconf 86' lang='lat' dir='ltr'>alterurn</span> <span class='ocrx_word' id='word_1_501' title='bbox 667 2792 719 2821; x_wconf 85' lang='lat' dir='ltr'>vel</span> <span class='ocrx_word' id='word_1_502' title='bbox 733 2803 799 2824; x_wconf 92' lang='lat' dir='ltr'>non</span> <span class='ocrx_word' id='word_1_503' title='bbox 843 2803 916 2834; x_wconf 84' lang='lat' dir='ltr'>quae</span> <span class='ocrx_word' id='word_1_504' title='bbox 930 2794 988 2824; x_wconf 78' lang='lat' dir='ltr'>sibi</span> <span class='ocrx_word' id='word_1_505' title='bbox 1006 2794 1206 2833; x_wconf 81' lang='lat' dir='ltr'>respondent,</span> <span class='ocrx_word' id='word_1_506' title='bbox 1220 2798 1255 2822; x_wconf 80' lang='lat' dir='ltr'>ut</span> <span class='ocrx_word' id='word_1_507' title='bbox 1269 2798 1370 2821; x_wconf 82' lang='lat' dir='ltr'>cetera</span> <span class='ocrx_word' id='word_1_508' title='bbox 1385 2790 1451 2820; x_wconf 58' lang='lat' dir='ltr'>tria=</span> 
     </span>
     <span class='ocr_line' id='line_1_51' title="bbox 107 2834 800 2876; baseline 0.004 -12"><span class='ocrx_word' id='word_1_509' title='bbox 107 2835 217 2874; x_wconf 84' lang='lat' dir='ltr'>reperit</span> <span class='ocrx_word' id='word_1_510' title='bbox 238 2835 271 2866; x_wconf 88' lang='lat' dir='ltr'>in</span> <span class='ocrx_word' id='word_1_511' title='bbox 295 2835 356 2866; x_wconf 67' lang='grc' dir='ltr'>ΜΞ.</span> <span class='ocrx_word' id='word_1_512' title='bbox 378 2834 526 2867; x_wconf 84' lang='lat' dir='ltr'>Cantabr.</span> <span class='ocrx_word' id='word_1_513' title='bbox 545 2834 698 2872; x_wconf 81' lang='lat' dir='ltr'>Pearcius,</span> <span class='ocrx_word' id='word_1_514' title='bbox 715 2837 800 2876; x_wconf 84' lang='lat' dir='ltr'>quod</span> 
     </span>
    </p>
   </div>
  </div>
 </body>
</html>
