<?xml version="1.0" encoding="UTF-8"?>
<!DOCTYPE html PUBLIC "-//W3C//DTD XHTML 1.0 Transitional//EN"
    "http://www.w3.org/TR/xhtml1/DTD/xhtml1-transitional.dtd">
<html xmlns="http://www.w3.org/1999/xhtml" xml:lang="en" lang="en">
 <head>
  <title>
</title>
<meta http-equiv="Content-Type" content="text/html;charset=utf-8" />
  <meta name='ocr-system' content='tesseract 3.04.00' />
  <meta name='ocr-capabilities' content='ocr_page ocr_carea ocr_par ocr_line ocrx_word'/>
</head>
<body>
  <div class='ocr_page' id='page_1' title='image "./p2operaomnia04ciceuoft_0179.png"; bbox 0 0 1844 3202; ppageno 0'>
   <div class='ocr_carea' id='block_1_1' title="bbox 610 102 1580 154">
    <p class='ocr_par' dir='ltr' id='par_1_1' title="bbox 610 102 1580 154">
     <span class='ocr_line' id='line_1_1' title="bbox 610 102 1580 154; baseline 0.006 -11"><span class='ocrx_word' id='word_1_1' title='bbox 610 104 792 144; x_wconf 90' lang='lat' dir='ltr'>LIBER</span> <span class='ocrx_word' id='word_1_2' title='bbox 826 102 1105 145; x_wconf 83' lang='lat' dir='ltr'><strong>TERTIUS.</strong></span> <span class='ocrx_word' id='word_1_3' title='bbox 1498 114 1580 154; x_wconf 80' lang='lat'>78⁵</span> 
     </span>
    </p>
   </div>
   <div class='ocr_carea' id='block_1_2' title="bbox 109 211 1655 1008">
    <p class='ocr_par' dir='ltr' id='par_1_2' title="bbox 109 211 1655 1008">
     <span class='ocr_line' id='line_1_2' title="bbox 128 211 1572 271; baseline 0.001 -14"><span class='ocrx_word' id='word_1_4' title='bbox 128 214 369 258; x_wconf 79' lang='lat' dir='ltr'>excellentis</span> <span class='ocrx_word' id='word_1_5' title='bbox 386 211 675 271; x_wconf 77' lang='lat' dir='ltr'>magnitudine</span> <span class='ocrx_word' id='word_1_6' title='bbox 685 220 727 254; x_wconf 92' lang='lat' dir='ltr'>et</span> <span class='ocrx_word' id='word_1_7' title='bbox 739 211 981 269; x_wconf 90' lang='lat' dir='ltr'>praestantia</span> <span class='ocrx_word' id='word_1_8' title='bbox 996 212 1200 255; x_wconf 85' lang='lat' dir='ltr'>cernitur:</span> <span class='ocrx_word' id='word_1_9' title='bbox 1221 213 1352 256; x_wconf 85' lang='lat' dir='ltr'>altera</span> <span class='ocrx_word' id='word_1_10' title='bbox 1367 214 1456 258; x_wconf 74' lang='lat' dir='ltr'>29in</span> <span class='ocrx_word' id='word_1_11' title='bbox 1470 230 1572 258; x_wconf 90' lang='lat' dir='ltr'>con-</span> 
     </span>
     <span class='ocr_line' id='line_1_3' title="bbox 129 267 1655 326; baseline 0.001 -12"><span class='ocrx_word' id='word_1_12' title='bbox 129 273 397 324; x_wconf 82' lang='lat' dir='ltr'>formatione,</span> <span class='ocrx_word' id='word_1_13' title='bbox 412 282 455 314; x_wconf 89' lang='lat' dir='ltr'>et</span> <span class='ocrx_word' id='word_1_14' title='bbox 466 269 756 312; x_wconf 84' lang='lat' dir='ltr'>moderatione</span> <span class='ocrx_word' id='word_1_15' title='bbox 771 268 1057 320; x_wconf 87' lang='lat' dir='ltr'>continentiae,</span> <span class='ocrx_word' id='word_1_16' title='bbox 1072 279 1116 311; x_wconf 90' lang='lat' dir='ltr'>et</span> <span class='ocrx_word' id='word_1_17' title='bbox 1131 272 1433 326; x_wconf 65' lang='lat' dir='ltr'>temperantiae.</span> <span class='ocrx_word' id='word_1_18' title='bbox 1452 273 1569 315; x_wconf 86' lang='lat' dir='ltr'><strong>Utile</strong></span> <span class='ocrx_word' id='word_1_19' title='bbox 1580 267 1655 324; x_wconf 75' lang='lat'>26</span> 
     </span>
     <span class='ocr_line' id='line_1_4' title="bbox 127 326 1630 395; baseline 0.002 -26"><span class='ocrx_word' id='word_1_20' title='bbox 127 328 346 371; x_wconf 80' lang='lat' dir='ltr'>videbatur</span> <span class='ocrx_word' id='word_1_21' title='bbox 363 327 522 384; x_wconf 91' lang='lat' dir='ltr'>Ulyssi,</span> <span class='ocrx_word' id='word_1_22' title='bbox 542 336 590 368; x_wconf 92' lang='lat' dir='ltr'>ut</span> <span class='ocrx_word' id='word_1_23' title='bbox 610 326 783 383; x_wconf 89' lang='lat' dir='ltr'>quidem</span> <span class='ocrx_word' id='word_1_24' title='bbox 803 331 943 382; x_wconf 76' lang='lat' dir='ltr'>poetae</span> <span class='ocrx_word' id='word_1_25' title='bbox 965 326 1116 382; x_wconf 86' lang='lat' dir='ltr'>tragici</span> <span class='ocrx_word' id='word_1_26' title='bbox 1135 326 1411 382; x_wconf 85' lang='lat' dir='ltr'>prodiderunt</span> <span class='ocrx_word' id='word_1_27' title='bbox 1429 346 1438 370; x_wconf 88' lang='lat'><strong>:</strong></span> <span class='ocrx_word' id='word_1_28' title='bbox 1470 345 1566 373; x_wconf 89' lang='lat' dir='ltr'>nam</span> <span class='ocrx_word' id='word_1_29' title='bbox 1580 346 1630 395; x_wconf 80' lang='lat'>97</span> 
     </span>
     <span class='ocr_line' id='line_1_5' title="bbox 127 383 1615 441; baseline 0.002 -16"><span class='ocrx_word' id='word_1_30' title='bbox 127 385 243 441; x_wconf 88' lang='lat' dir='ltr'>apud</span> <span class='ocrx_word' id='word_1_31' title='bbox 277 388 531 435; x_wconf 86' lang='lat' dir='ltr'>Homerum,</span> <span class='ocrx_word' id='word_1_32' title='bbox 557 384 767 439; x_wconf 91' lang='lat' dir='ltr'>optimum</span> <span class='ocrx_word' id='word_1_33' title='bbox 798 392 1030 434; x_wconf 85' lang='lat' dir='ltr'>auctorem,</span> <span class='ocrx_word' id='word_1_34' title='bbox 1059 383 1154 424; x_wconf 87' lang='lat' dir='ltr'>talis</span> <span class='ocrx_word' id='word_1_35' title='bbox 1184 384 1239 425; x_wconf 90' lang='lat' dir='ltr'>de</span> <span class='ocrx_word' id='word_1_36' title='bbox 1267 384 1423 439; x_wconf 85' lang='lat' dir='ltr'>Ulysse</span> <span class='ocrx_word' id='word_1_37' title='bbox 1454 387 1568 428; x_wconf 90' lang='lat' dir='ltr'>nulla</span> <span class='ocrx_word' id='word_1_38' title='bbox 1612 399 1615 405; x_wconf 73' lang='lat'><em>&#39;</em></span> 
     </span>
     <span class='ocr_line' id='line_1_6' title="bbox 123 439 1564 496; baseline 0 -13"><span class='ocrx_word' id='word_1_39' title='bbox 123 442 309 496; x_wconf 87' lang='lat' dir='ltr'>suspicio</span> <span class='ocrx_word' id='word_1_40' title='bbox 330 450 418 482; x_wconf 81' lang='lat' dir='ltr'>est:</span> <span class='ocrx_word' id='word_1_41' title='bbox 450 440 523 481; x_wconf 92' lang='lat' dir='ltr'>sed</span> <span class='ocrx_word' id='word_1_42' title='bbox 553 440 799 481; x_wconf 80' lang='lat' dir='ltr'>insimulant</span> <span class='ocrx_word' id='word_1_43' title='bbox 822 453 920 481; x_wconf 88' lang='lat' dir='ltr'>eum</span> <span class='ocrx_word' id='word_1_44' title='bbox 953 439 1188 495; x_wconf 81' lang='lat' dir='ltr'>tragoediae,</span> <span class='ocrx_word' id='word_1_45' title='bbox 1210 440 1479 482; x_wconf 82' lang='lat' dir='ltr'>simulatione</span> <span class='ocrx_word' id='word_1_46' title='bbox 1500 444 1564 483; x_wconf 86' lang='lat' dir='ltr'>in-</span> 
     </span>
     <span class='ocr_line' id='line_1_7' title="bbox 123 495 1567 552; baseline 0.001 -14"><span class='ocrx_word' id='word_1_47' title='bbox 123 498 252 538; x_wconf 85' lang='lat' dir='ltr'>saniae</span> <span class='ocrx_word' id='word_1_48' title='bbox 288 497 481 539; x_wconf 90' lang='lat' dir='ltr'>militiam</span> <span class='ocrx_word' id='word_1_49' title='bbox 517 498 812 552; x_wconf 82' lang='lat' dir='ltr'>subterfugere</span> <span class='ocrx_word' id='word_1_50' title='bbox 842 495 1037 537; x_wconf 82' lang='lat' dir='ltr'>voluisse.</span> <span class='ocrx_word' id='word_1_51' title='bbox 1072 510 1156 537; x_wconf 89' lang='lat' dir='ltr'>non</span> <span class='ocrx_word' id='word_1_52' title='bbox 1196 496 1420 538; x_wconf 88' lang='lat' dir='ltr'>honesturn</span> <span class='ocrx_word' id='word_1_53' title='bbox 1465 512 1567 540; x_wconf 84' lang='lat' dir='ltr'>con-</span> 
     </span>
     <span class='ocr_line' id='line_1_8' title="bbox 122 553 1566 610; baseline 0.002 -15"><span class='ocrx_word' id='word_1_54' title='bbox 122 553 279 596; x_wconf 83' lang='lat' dir='ltr'>silium.</span> <span class='ocrx_word' id='word_1_55' title='bbox 315 562 356 587; x_wconf 78' lang='lat'>80</span> <span class='ocrx_word' id='word_1_56' title='bbox 373 563 416 595; x_wconf 91' lang='lat' dir='ltr'>at</span> <span class='ocrx_word' id='word_1_57' title='bbox 447 554 552 595; x_wconf 90' lang='lat' dir='ltr'>utile</span> <span class='ocrx_word' id='word_1_58' title='bbox 593 559 658 608; x_wconf 89' lang='lat' dir='ltr'>(ut</span> <span class='ocrx_word' id='word_1_59' title='bbox 689 553 841 610; x_wconf 90' lang='lat' dir='ltr'>aliquis</span> <span class='ocrx_word' id='word_1_60' title='bbox 878 554 1053 594; x_wconf 86' lang='lat' dir='ltr'>fortasse</span> <span class='ocrx_word' id='word_1_61' title='bbox 1088 553 1256 607; x_wconf 82' lang='lat' dir='ltr'>dixerit)</span> <span class='ocrx_word' id='word_1_62' title='bbox 1297 568 1488 610; x_wconf 89' lang='lat' dir='ltr'>regnare,</span> <span class='ocrx_word' id='word_1_63' title='bbox 1523 567 1566 598; x_wconf 85' lang='lat' dir='ltr'>ct</span> 
     </span>
     <span class='ocr_line' id='line_1_9' title="bbox 120 609 1563 666; baseline 0.003 -16"><span class='ocrx_word' id='word_1_64' title='bbox 120 609 281 652; x_wconf 87' lang='lat' dir='ltr'>Ithacae</span> <span class='ocrx_word' id='word_1_65' title='bbox 303 611 436 652; x_wconf 91' lang='lat' dir='ltr'>vivere</span> <span class='ocrx_word' id='word_1_66' title='bbox 464 611 600 653; x_wconf 90' lang='lat' dir='ltr'>otiose</span> <span class='ocrx_word' id='word_1_67' title='bbox 629 625 727 652; x_wconf 89' lang='lat' dir='ltr'>cum</span> <span class='ocrx_word' id='word_1_68' title='bbox 758 610 1019 666; x_wconf 87' lang='lat' dir='ltr'>parentibus,</span> <span class='ocrx_word' id='word_1_69' title='bbox 1039 625 1140 651; x_wconf 91' lang='lat' dir='ltr'>cum</span> <span class='ocrx_word' id='word_1_70' title='bbox 1170 625 1313 662; x_wconf 89' lang='lat' dir='ltr'>uxore,</span> <span class='ocrx_word' id='word_1_71' title='bbox 1333 626 1432 652; x_wconf 90' lang='lat' dir='ltr'>cum</span> <span class='ocrx_word' id='word_1_72' title='bbox 1459 611 1563 655; x_wconf 89' lang='lat' dir='ltr'>filio.</span> 
     </span>
     <span class='ocr_line' id='line_1_10' title="bbox 119 666 1562 724; baseline 0.002 -16"><span class='ocrx_word' id='word_1_73' title='bbox 119 666 269 714; x_wconf 85' lang='lat' dir='ltr'>Ullum</span> <span class='ocrx_word' id='word_1_74' title='bbox 292 675 339 709; x_wconf 90' lang='lat' dir='ltr'>tu</span> <span class='ocrx_word' id='word_1_75' title='bbox 357 667 487 710; x_wconf 90' lang='lat' dir='ltr'>decus</span> <span class='ocrx_word' id='word_1_76' title='bbox 509 668 551 709; x_wconf 91' lang='lat' dir='ltr'>in</span> <span class='ocrx_word' id='word_1_77' title='bbox 573 667 827 724; x_wconf 87' lang='lat' dir='ltr'>quotidianis</span> <span class='ocrx_word' id='word_1_78' title='bbox 848 666 1043 722; x_wconf 89' lang='lat' dir='ltr'>periculis</span> <span class='ocrx_word' id='word_1_79' title='bbox 1065 676 1106 708; x_wconf 91' lang='lat' dir='ltr'>et</span> <span class='ocrx_word' id='word_1_80' title='bbox 1126 667 1342 708; x_wconf 88' lang='lat' dir='ltr'>laboribus</span> <span class='ocrx_word' id='word_1_81' title='bbox 1361 682 1458 709; x_wconf 88' lang='lat' dir='ltr'>cum</span> <span class='ocrx_word' id='word_1_82' title='bbox 1483 669 1562 711; x_wconf 90' lang='lat' dir='ltr'>hac</span> 
     </span>
     <span class='ocr_line' id='line_1_11' title="bbox 115 724 1558 780; baseline 0.002 -15"><span class='ocrx_word' id='word_1_83' title='bbox 115 724 418 780; x_wconf 86' lang='lat' dir='ltr'>tranquillitate</span> <span class='ocrx_word' id='word_1_84' title='bbox 436 724 737 766; x_wconf 85' lang='lat' dir='ltr'>conferendum</span> <span class='ocrx_word' id='word_1_85' title='bbox 759 734 881 779; x_wconf 87' lang='lat' dir='ltr'>putas</span> <span class='ocrx_word' id='word_1_86' title='bbox 898 725 910 764; x_wconf 87' lang='lat'>?</span> <span class='ocrx_word' id='word_1_87' title='bbox 936 731 973 755; x_wconf 62' lang='grc' dir='ltr'>ὀὶ</span> <span class='ocrx_word' id='word_1_88' title='bbox 993 725 1089 779; x_wconf 87' lang='lat' dir='ltr'>Ego</span> <span class='ocrx_word' id='word_1_89' title='bbox 1104 738 1200 765; x_wconf 83' lang='lat' dir='ltr'>vero</span> <span class='ocrx_word' id='word_1_90' title='bbox 1221 724 1342 765; x_wconf 88' lang='lat' dir='ltr'>istam</span> <span class='ocrx_word' id='word_1_91' title='bbox 1367 735 1558 767; x_wconf 83' lang='lat' dir='ltr'>contem-</span> 
     </span>
     <span class='ocr_line' id='line_1_12' title="bbox 116 780 1557 837; baseline 0.001 -15"><span class='ocrx_word' id='word_1_92' title='bbox 116 780 296 822; x_wconf 88' lang='lat' dir='ltr'>nendam</span> <span class='ocrx_word' id='word_1_93' title='bbox 333 791 377 823; x_wconf 89' lang='lat' dir='ltr'>et</span> <span class='ocrx_word' id='word_1_94' title='bbox 412 781 720 837; x_wconf 87' lang='lat' dir='ltr'>abjiciendam:</span> <span class='ocrx_word' id='word_1_95' title='bbox 760 780 977 836; x_wconf 87' lang='lat' dir='ltr'>quoniam,</span> <span class='ocrx_word' id='word_1_96' title='bbox 1009 796 1104 836; x_wconf 86' lang='lat' dir='ltr'>quae</span> <span class='ocrx_word' id='word_1_97' title='bbox 1147 780 1327 822; x_wconf 83' lang='lat' dir='ltr'>honesta</span> <span class='ocrx_word' id='word_1_98' title='bbox 1365 797 1449 823; x_wconf 86' lang='lat' dir='ltr'>non</span> <span class='ocrx_word' id='word_1_99' title='bbox 1489 784 1557 835; x_wconf 88' lang='lat' dir='ltr'>sit,</span> 
     </span>
     <span class='ocr_line' id='line_1_13' title="bbox 114 837 1620 934; baseline 0.002 -56"><span class='ocrx_word' id='word_1_100' title='bbox 114 851 167 878; x_wconf 91' lang='lat' dir='ltr'>ne</span> <span class='ocrx_word' id='word_1_101' title='bbox 186 837 333 878; x_wconf 90' lang='lat' dir='ltr'>utilem</span> <span class='ocrx_word' id='word_1_102' title='bbox 355 838 524 893; x_wconf 90' lang='lat' dir='ltr'>quidem</span> <span class='ocrx_word' id='word_1_103' title='bbox 549 852 640 879; x_wconf 87' lang='lat' dir='ltr'>esse</span> <span class='ocrx_word' id='word_1_104' title='bbox 662 837 855 880; x_wconf 87' lang='lat' dir='ltr'>arbitror.</span> <span class='ocrx_word' id='word_1_105' title='bbox 915 837 1033 934; x_wconf 39' lang='lat' dir='ltr'>{uid</span> <span class='ocrx_word' id='word_1_106' title='bbox 1063 837 1175 879; x_wconf 91' lang='lat' dir='ltr'>enim</span> <span class='ocrx_word' id='word_1_107' title='bbox 1203 837 1446 880; x_wconf 82' lang='lat' dir='ltr'>auditurum</span> <span class='ocrx_word' id='word_1_108' title='bbox 1480 854 1557 895; x_wconf 90' lang='lat' dir='ltr'>pu-</span> <span class='ocrx_word' id='word_1_109' title='bbox 1569 843 1620 885; x_wconf 74' lang='lat'>98</span> 
     </span>
     <span class='ocr_line' id='line_1_14' title="bbox 111 894 1554 953; baseline 0.001 -17"><span class='ocrx_word' id='word_1_110' title='bbox 111 903 177 937; x_wconf 88' lang='lat' dir='ltr'>tas</span> <span class='ocrx_word' id='word_1_111' title='bbox 199 894 328 936; x_wconf 83' lang='lat' dir='ltr'>fuisse</span> <span class='ocrx_word' id='word_1_112' title='bbox 349 894 565 952; x_wconf 86' lang='lat' dir='ltr'>Ulyssem,</span> <span class='ocrx_word' id='word_1_113' title='bbox 589 895 622 936; x_wconf 90' lang='lat' dir='ltr'>si</span> <span class='ocrx_word' id='word_1_114' title='bbox 643 895 687 936; x_wconf 88' lang='lat' dir='ltr'>in</span> <span class='ocrx_word' id='word_1_115' title='bbox 714 894 786 936; x_wconf 89' lang='lat' dir='ltr'>illa</span> <span class='ocrx_word' id='word_1_116' title='bbox 817 895 927 935; x_wconf 90' lang='lat' dir='ltr'>simu</span> <span class='ocrx_word' id='word_1_117' title='bbox 946 895 1086 936; x_wconf 89' lang='lat' dir='ltr'>atione</span> <span class='ocrx_word' id='word_1_118' title='bbox 1118 898 1448 950; x_wconf 86' lang='lat' dir='ltr'>perseverasset?</span> <span class='ocrx_word' id='word_1_119' title='bbox 1482 897 1554 953; x_wconf 87' lang='lat' dir='ltr'>qui</span> 
     </span>
     <span class='ocr_line' id='line_1_15' title="bbox 109 951 1553 1008; baseline 0.002 -16"><span class='ocrx_word' id='word_1_120' title='bbox 109 964 207 992; x_wconf 79' lang='lat' dir='ltr'>cuni</span> <span class='ocrx_word' id='word_1_121' title='bbox 245 951 448 993; x_wconf 80' lang='lat' dir='ltr'>maximas</span> <span class='ocrx_word' id='word_1_122' title='bbox 483 966 548 994; x_wconf 89' lang='lat' dir='ltr'>res</span> <span class='ocrx_word' id='word_1_123' title='bbox 584 951 764 1007; x_wconf 87' lang='lat' dir='ltr'>gesserit</span> <span class='ocrx_word' id='word_1_124' title='bbox 794 951 837 992; x_wconf 92' lang='lat' dir='ltr'>in</span> <span class='ocrx_word' id='word_1_125' title='bbox 872 951 1003 1004; x_wconf 91' lang='lat' dir='ltr'>bello,</span> <span class='ocrx_word' id='word_1_126' title='bbox 1030 960 1172 993; x_wconf 80' lang='lat' dir='ltr'>tamen</span> <span class='ocrx_word' id='word_1_127' title='bbox 1203 951 1295 993; x_wconf 85' lang='lat' dir='ltr'>haec</span> <span class='ocrx_word' id='word_1_128' title='bbox 1326 951 1471 995; x_wconf 87' lang='lat' dir='ltr'>audiat</span> <span class='ocrx_word' id='word_1_129' title='bbox 1498 954 1553 1008; x_wconf 85' lang='lat' dir='ltr'>ab</span> 
     </span>
    </p>
   </div>
   <div class='ocr_carea' id='block_1_3' title="bbox 109 1007 271 1064">
    <p class='ocr_par' dir='ltr' id='par_1_3' title="bbox 109 1007 271 1064">
     <span class='ocr_line' id='line_1_16' title="bbox 109 1007 271 1064; baseline -0.019 -12"><span class='ocrx_word' id='word_1_130' title='bbox 109 1007 243 1064; x_wconf 80' lang='lat' dir='ltr'>Ajace</span> <span class='ocrx_word' id='word_1_131' title='bbox 262 1025 271 1049; x_wconf 90' lang='lat'><strong>:</strong></span> 
     </span>
    </p>
   </div>
   <div class='ocr_carea' id='block_1_4' title="bbox 208 1097 979 1418">
    <p class='ocr_par' dir='ltr' id='par_1_4' title="bbox 208 1097 979 1418">
     <span class='ocr_line' id='line_1_17' title="bbox 218 1097 924 1150; baseline -0.001 -14"><span class='ocrx_word' id='word_1_132' title='bbox 218 1099 319 1147; x_wconf 79' lang='lat' dir='ltr'><em>Cuju&#39;</em></span> <span class='ocrx_word' id='word_1_133' title='bbox 337 1099 405 1150; x_wconf 76' lang='lat' dir='ltr'>ipse</span> <span class='ocrx_word' id='word_1_134' title='bbox 416 1098 668 1150; x_wconf 67' lang='lat' dir='ltr'>princepsjuris</span> <span class='ocrx_word' id='word_1_135' title='bbox 676 1097 828 1146; x_wconf 79' lang='lat' dir='ltr'>jurandi</span> <span class='ocrx_word' id='word_1_136' title='bbox 828 1099 924 1148; x_wconf 81' lang='lat' dir='ltr'>ficit,</span> 
     </span>
     <span class='ocr_line' id='line_1_18' title="bbox 211 1151 963 1202; baseline 0 -14"><span class='ocrx_word' id='word_1_137' title='bbox 211 1152 322 1201; x_wconf 56' lang='lat' dir='ltr'>..Quod</span> <span class='ocrx_word' id='word_1_138' title='bbox 335 1167 440 1190; x_wconf 80' lang='lat' dir='ltr'>omnes</span> <span class='ocrx_word' id='word_1_139' title='bbox 461 1154 564 1196; x_wconf 84' lang='lat' dir='ltr'>scitis,</span> <span class='ocrx_word' id='word_1_140' title='bbox 580 1153 666 1190; x_wconf 80' lang='lat' dir='ltr'><em>solus</em></span> <span class='ocrx_word' id='word_1_141' title='bbox 685 1151 963 1202; x_wconf 55' lang='lat' dir='ltr'>ncglcxitfidcm.</span> 
     </span>
     <span class='ocr_line' id='line_1_19' title="bbox 213 1205 929 1249; baseline 0.001 -6"><span class='ocrx_word' id='word_1_142' title='bbox 213 1206 338 1243; x_wconf 75' lang='lat' dir='ltr'>Furere</span> <span class='ocrx_word' id='word_1_143' title='bbox 355 1206 587 1248; x_wconf 81' lang='lat' dir='ltr'>assimulavit,</span> <span class='ocrx_word' id='word_1_144' title='bbox 606 1219 646 1242; x_wconf 71' lang='lat' dir='ltr'>nc</span> <span class='ocrx_word' id='word_1_145' title='bbox 659 1207 770 1249; x_wconf 77' lang='lat' dir='ltr'>coiret,</span> <span class='ocrx_word' id='word_1_146' title='bbox 791 1205 929 1244; x_wconf 79' lang='lat' dir='ltr'>institit.</span> 
     </span>
     <span class='ocr_line' id='line_1_20' title="bbox 213 1258 979 1310; baseline -0.001 -14"><span class='ocrx_word' id='word_1_147' title='bbox 213 1259 325 1307; x_wconf 57' lang='lat' dir='ltr'>,Quod</span> <span class='ocrx_word' id='word_1_148' title='bbox 340 1260 375 1296; x_wconf 88' lang='lat' dir='ltr'>ni</span> <span class='ocrx_word' id='word_1_149' title='bbox 395 1259 590 1297; x_wconf 81' lang='lat' dir='ltr'>Palamedis</span> <span class='ocrx_word' id='word_1_150' title='bbox 605 1260 780 1310; x_wconf 81' lang='lat' dir='ltr'>perspicax</span> <span class='ocrx_word' id='word_1_151' title='bbox 793 1258 979 1309; x_wconf 74' lang='lat' dir='ltr'>prudentia</span> 
     </span>
     <span class='ocr_line' id='line_1_21' title="bbox 208 1312 928 1364; baseline -0.001 -14"><span class='ocrx_word' id='word_1_152' title='bbox 208 1313 314 1350; x_wconf 83' lang='lat' dir='ltr'>Istius</span> <span class='ocrx_word' id='word_1_153' title='bbox 328 1320 493 1364; x_wconf 79' lang='lat' dir='ltr'>percepset</span> <span class='ocrx_word' id='word_1_154' title='bbox 512 1314 713 1350; x_wconf 80' lang='lat' dir='ltr'>malitiosam</span> <span class='ocrx_word' id='word_1_155' title='bbox 730 1312 928 1358; x_wconf 78' lang='lat' dir='ltr'>audaciam,</span> 
     </span>
     <span class='ocr_line' id='line_1_22' title="bbox 209 1366 881 1418; baseline 0.001 -14"><span class='ocrx_word' id='word_1_156' title='bbox 209 1366 292 1404; x_wconf 69' lang='lat' dir='ltr'>Fide</span> <span class='ocrx_word' id='word_1_157' title='bbox 304 1376 476 1404; x_wconf 79' lang='lat' dir='ltr'>sacratum</span> <span class='ocrx_word' id='word_1_158' title='bbox 485 1366 548 1414; x_wconf 82' lang='lat' dir='ltr'>jus</span> <span class='ocrx_word' id='word_1_159' title='bbox 562 1376 716 1418; x_wconf 74' lang='lat' dir='ltr'>perpetuo</span> <span class='ocrx_word' id='word_1_160' title='bbox 722 1366 881 1416; x_wconf 66' lang='lat' dir='ltr'>falleret.</span> 
     </span>
    </p>
   </div>
   <div class='ocr_carea' id='block_1_5' title="bbox 88 1434 1652 2179">
    <p class='ocr_par' dir='ltr' id='par_1_5' title="bbox 95 1434 1652 1724">
     <span class='ocr_line' id='line_1_23' title="bbox 102 1434 1611 1490; baseline 0.003 -8"><span class='ocrx_word' id='word_1_161' title='bbox 102 1434 287 1482; x_wconf 45' lang='lat' dir='ltr'>Illi&#39;vero</span> <span class='ocrx_word' id='word_1_162' title='bbox 308 1455 393 1482; x_wconf 91' lang='lat' dir='ltr'>non</span> <span class='ocrx_word' id='word_1_163' title='bbox 423 1439 554 1481; x_wconf 90' lang='lat' dir='ltr'>modo</span> <span class='ocrx_word' id='word_1_164' title='bbox 582 1454 680 1481; x_wconf 90' lang='lat' dir='ltr'>cum</span> <span class='ocrx_word' id='word_1_165' title='bbox 713 1439 924 1490; x_wconf 79' lang='lat' dir='ltr'>hostibus,</span> <span class='ocrx_word' id='word_1_166' title='bbox 946 1452 1091 1480; x_wconf 87' lang='lat' dir='ltr'>verum</span> <span class='ocrx_word' id='word_1_167' title='bbox 1120 1438 1247 1481; x_wconf 86' lang='lat' dir='ltr'>etiam</span> <span class='ocrx_word' id='word_1_168' title='bbox 1278 1454 1378 1483; x_wconf 91' lang='lat' dir='ltr'>cum</span> <span class='ocrx_word' id='word_1_169' title='bbox 1406 1443 1611 1489; x_wconf 84' lang='lat' dir='ltr'>flucti-99</span> 
     </span>
     <span class='ocr_line' id='line_1_24' title="bbox 98 1496 1652 1553; baseline 0.002 -14"><span class='ocrx_word' id='word_1_170' title='bbox 98 1497 195 1548; x_wconf 84' lang='lat' dir='ltr'>buS,</span> <span class='ocrx_word' id='word_1_171' title='bbox 216 1497 258 1538; x_wconf 89' lang='lat' dir='ltr'>id</span> <span class='ocrx_word' id='word_1_172' title='bbox 279 1497 394 1553; x_wconf 90' lang='lat' dir='ltr'>quod</span> <span class='ocrx_word' id='word_1_173' title='bbox 415 1496 528 1547; x_wconf 85' lang='lat' dir='ltr'>fecit,</span> <span class='ocrx_word' id='word_1_174' title='bbox 550 1496 751 1538; x_wconf 86' lang='lat' dir='ltr'>dimicare</span> <span class='ocrx_word' id='word_1_175' title='bbox 777 1496 926 1537; x_wconf 80' lang='lat' dir='ltr'>melius</span> <span class='ocrx_word' id='word_1_176' title='bbox 948 1496 1042 1547; x_wconf 84' lang='lat' dir='ltr'>fuit,</span> <span class='ocrx_word' id='word_1_177' title='bbox 1064 1512 1191 1553; x_wconf 89' lang='lat' dir='ltr'>quam</span> <span class='ocrx_word' id='word_1_178' title='bbox 1224 1497 1415 1540; x_wconf 88' lang='lat' dir='ltr'>deserere</span> <span class='ocrx_word' id='word_1_179' title='bbox 1442 1515 1543 1542; x_wconf 87' lang='lat' dir='ltr'>con·</span> <span class='ocrx_word' id='word_1_180' title='bbox 1555 1504 1585 1533; x_wconf 82' lang='grc' dir='ltr'>Ρ·</span> <span class='ocrx_word' id='word_1_181' title='bbox 1601 1501 1652 1530; x_wconf 64' lang='lat'>72·</span> 
     </span>
     <span class='ocr_line' id='line_1_25' title="bbox 98 1547 1584 1600; baseline 0.003 -5"><span class='ocrx_word' id='word_1_182' title='bbox 98 1554 350 1595; x_wconf 84' lang='lat' dir='ltr'>sentientem</span> <span class='ocrx_word' id='word_1_183' title='bbox 380 1554 591 1595; x_wconf 86' lang='lat' dir='ltr'>Graeciam</span> <span class='ocrx_word' id='word_1_184' title='bbox 625 1553 680 1594; x_wconf 90' lang='lat' dir='ltr'>ad</span> <span class='ocrx_word' id='word_1_185' title='bbox 712 1553 873 1594; x_wconf 89' lang='lat' dir='ltr'>bellum</span> <span class='ocrx_word' id='word_1_186' title='bbox 903 1552 1089 1594; x_wconf 88' lang='lat' dir='ltr'>barbaris</span> <span class='ocrx_word' id='word_1_187' title='bbox 1117 1554 1397 1597; x_wconf 88' lang='lat' dir='ltr'>inferendum.</span> <span class='ocrx_word' id='word_1_188' title='bbox 1459 1547 1584 1600; x_wconf 72' lang='lat' dir='ltr'>Seda.</span> 
     </span>
     <span class='ocr_line' id='line_1_26' title="bbox 95 1609 1544 1664; baseline 0.003 -12"><span class='ocrx_word' id='word_1_189' title='bbox 95 1610 360 1652; x_wconf 90' lang='lat' dir='ltr'>dimittamus</span> <span class='ocrx_word' id='word_1_190' title='bbox 391 1619 435 1652; x_wconf 89' lang='lat' dir='ltr'>et</span> <span class='ocrx_word' id='word_1_191' title='bbox 472 1609 652 1661; x_wconf 83' lang='lat' dir='ltr'>fabulas,</span> <span class='ocrx_word' id='word_1_192' title='bbox 681 1620 725 1652; x_wconf 87' lang='lat' dir='ltr'>et</span> <span class='ocrx_word' id='word_1_193' title='bbox 757 1619 951 1651; x_wconf 84' lang='lat' dir='ltr'>externa:</span> <span class='ocrx_word' id='word_1_194' title='bbox 983 1617 1022 1642; x_wconf 77' lang='lat'>32</span> <span class='ocrx_word' id='word_1_195' title='bbox 1040 1610 1094 1651; x_wconf 91' lang='lat' dir='ltr'>ad</span> <span class='ocrx_word' id='word_1_196' title='bbox 1131 1625 1219 1652; x_wconf 90' lang='lat' dir='ltr'>rem</span> <span class='ocrx_word' id='word_1_197' title='bbox 1261 1611 1433 1664; x_wconf 86' lang='lat' dir='ltr'>factam,</span> <span class='ocrx_word' id='word_1_198' title='bbox 1465 1629 1544 1656; x_wconf 86' lang='lat' dir='ltr'>no-</span> 
     </span>
     <span class='ocr_line' id='line_1_27' title="bbox 96 1667 1541 1724; baseline 0.003 -15"><span class='ocrx_word' id='word_1_199' title='bbox 96 1676 268 1724; x_wconf 83' lang='lat' dir='ltr'>straque</span> <span class='ocrx_word' id='word_1_200' title='bbox 288 1667 517 1709; x_wconf 85' lang='lat' dir='ltr'>veniamus.</span> <span class='ocrx_word' id='word_1_201' title='bbox 578 1667 645 1708; x_wconf 92' lang='lat' dir='ltr'>M.</span> <span class='ocrx_word' id='word_1_202' title='bbox 666 1667 843 1708; x_wconf 88' lang='lat' dir='ltr'>Attilius</span> <span class='ocrx_word' id='word_1_203' title='bbox 870 1667 1075 1722; x_wconf 83' lang='lat' dir='ltr'>Regulus,</span> <span class='ocrx_word' id='word_1_204' title='bbox 1095 1681 1193 1708; x_wconf 89' lang='lat' dir='ltr'>cum</span> <span class='ocrx_word' id='word_1_205' title='bbox 1215 1669 1365 1709; x_wconf 89' lang='lat' dir='ltr'>consul</span> <span class='ocrx_word' id='word_1_206' title='bbox 1385 1669 1541 1714; x_wconf 89' lang='lat' dir='ltr'>iterum</span> 
     </span>
    </p>

    <p class='ocr_par' dir='ltr' id='par_1_6' title="bbox 88 1723 1542 2179">
     <span class='ocr_line' id='line_1_28' title="bbox 93 1723 1542 1780; baseline 0.002 -14"><span class='ocrx_word' id='word_1_207' title='bbox 93 1723 137 1767; x_wconf 86' lang='lat' dir='ltr'>in</span> <span class='ocrx_word' id='word_1_208' title='bbox 158 1724 308 1765; x_wconf 84' lang='lat' dir='ltr'>Africa</span> <span class='ocrx_word' id='word_1_209' title='bbox 327 1738 377 1765; x_wconf 82' lang='lat' dir='ltr'>ex</span> <span class='ocrx_word' id='word_1_210' title='bbox 404 1723 564 1764; x_wconf 89' lang='lat' dir='ltr'>insidiis</span> <span class='ocrx_word' id='word_1_211' title='bbox 591 1732 742 1779; x_wconf 89' lang='lat' dir='ltr'>captus</span> <span class='ocrx_word' id='word_1_212' title='bbox 770 1731 897 1773; x_wconf 88' lang='lat' dir='ltr'>esset,</span> <span class='ocrx_word' id='word_1_213' title='bbox 918 1724 1028 1764; x_wconf 86' lang='lat' dir='ltr'>duce</span> <span class='ocrx_word' id='word_1_214' title='bbox 1053 1723 1306 1780; x_wconf 87' lang='lat' dir='ltr'>Xanthippo</span> <span class='ocrx_word' id='word_1_215' title='bbox 1339 1727 1542 1769; x_wconf 85' lang='lat' dir='ltr'>Lacedae-</span> 
     </span>
     <span class='ocr_line' id='line_1_29' title="bbox 95 1779 1540 1840; baseline 0.003 -18"><span class='ocrx_word' id='word_1_216' title='bbox 95 1781 257 1830; x_wconf 85' lang='lat' dir='ltr'>monio,</span> <span class='ocrx_word' id='word_1_217' title='bbox 277 1781 531 1836; x_wconf 81' lang='lat' dir='ltr'>imperatore</span> <span class='ocrx_word' id='word_1_218' title='bbox 550 1789 692 1822; x_wconf 86' lang='lat' dir='ltr'>autem</span> <span class='ocrx_word' id='word_1_219' title='bbox 723 1789 843 1835; x_wconf 88' lang='lat' dir='ltr'>patre</span> <span class='ocrx_word' id='word_1_220' title='bbox 875 1779 1142 1833; x_wconf 85' lang='lat' dir='ltr'>Hannibalis,</span> <span class='ocrx_word' id='word_1_221' title='bbox 1166 1781 1411 1824; x_wconf 91' lang='lat' dir='ltr'>Hamilcare</span> <span class='ocrx_word' id='word_1_222' title='bbox 1431 1801 1440 1825; x_wconf 91' lang='lat'>:</span> <span class='ocrx_word' id='word_1_223' title='bbox 1464 1785 1540 1840; x_wconf 83' lang='lat' dir='ltr'>ju-</span> 
     </span>
     <span class='ocr_line' id='line_1_30' title="bbox 93 1836 1542 1887; baseline 0.003 -8"><span class='ocrx_word' id='word_1_224' title='bbox 93 1846 210 1880; x_wconf 91' lang='lat' dir='ltr'>ratus</span> <span class='ocrx_word' id='word_1_225' title='bbox 241 1837 395 1878; x_wconf 85' lang='lat' dir='ltr'>missus</span> <span class='ocrx_word' id='word_1_226' title='bbox 426 1846 491 1878; x_wconf 89' lang='lat' dir='ltr'>est</span> <span class='ocrx_word' id='word_1_227' title='bbox 524 1836 580 1878; x_wconf 90' lang='lat' dir='ltr'>ad</span> <span class='ocrx_word' id='word_1_228' title='bbox 611 1845 819 1887; x_wconf 87' lang='lat' dir='ltr'>senatum,</span> <span class='ocrx_word' id='word_1_229' title='bbox 845 1845 908 1887; x_wconf 85' lang='lat' dir='ltr'>ut,</span> <span class='ocrx_word' id='word_1_230' title='bbox 935 1836 1012 1878; x_wconf 90' lang='lat' dir='ltr'>nisi</span> <span class='ocrx_word' id='word_1_231' title='bbox 1042 1836 1197 1878; x_wconf 90' lang='lat' dir='ltr'>redditi</span> <span class='ocrx_word' id='word_1_232' title='bbox 1227 1849 1368 1880; x_wconf 88' lang='lat' dir='ltr'>essent</span> <span class='ocrx_word' id='word_1_233' title='bbox 1400 1841 1542 1884; x_wconf 80' lang='lat' dir='ltr'>Poenis</span> 
     </span>
     <span class='ocr_line' id='line_1_31' title="bbox 92 1893 1538 1950; baseline 0.003 -15"><span class='ocrx_word' id='word_1_234' title='bbox 92 1894 248 1950; x_wconf 86' lang='lat' dir='ltr'>captivi</span> <span class='ocrx_word' id='word_1_235' title='bbox 281 1893 445 1936; x_wconf 90' lang='lat' dir='ltr'>nobiles</span> <span class='ocrx_word' id='word_1_236' title='bbox 476 1893 664 1950; x_wconf 87' lang='lat' dir='ltr'>quidam,</span> <span class='ocrx_word' id='word_1_237' title='bbox 695 1893 852 1935; x_wconf 89' lang='lat' dir='ltr'>rediret</span> <span class='ocrx_word' id='word_1_238' title='bbox 887 1894 977 1949; x_wconf 89' lang='lat' dir='ltr'>ipse</span> <span class='ocrx_word' id='word_1_239' title='bbox 1011 1893 1334 1950; x_wconf 87' lang='lat' dir='ltr'>Karthaginem.</span> <span class='ocrx_word' id='word_1_240' title='bbox 1372 1896 1408 1938; x_wconf 91' lang='lat' dir='ltr'>is</span> <span class='ocrx_word' id='word_1_241' title='bbox 1437 1913 1538 1940; x_wconf 88' lang='lat' dir='ltr'>cum</span> 
     </span>
     <span class='ocr_line' id='line_1_32' title="bbox 91 1949 1539 2006; baseline 0.003 -14"><span class='ocrx_word' id='word_1_242' title='bbox 91 1950 274 1992; x_wconf 88' lang='lat' dir='ltr'>Romam</span> <span class='ocrx_word' id='word_1_243' title='bbox 295 1950 489 2002; x_wconf 84' lang='lat' dir='ltr'>venisset,</span> <span class='ocrx_word' id='word_1_244' title='bbox 519 1950 714 1992; x_wconf 88' lang='lat' dir='ltr'>utilitatis</span> <span class='ocrx_word' id='word_1_245' title='bbox 743 1950 928 2006; x_wconf 90' lang='lat' dir='ltr'>speciem</span> <span class='ocrx_word' id='word_1_246' title='bbox 948 1949 1129 2002; x_wconf 90' lang='lat' dir='ltr'>videbat,</span> <span class='ocrx_word' id='word_1_247' title='bbox 1155 1950 1230 1992; x_wconf 92' lang='lat' dir='ltr'>sed</span> <span class='ocrx_word' id='word_1_248' title='bbox 1259 1966 1368 2003; x_wconf 89' lang='lat' dir='ltr'>eam,</span> <span class='ocrx_word' id='word_1_249' title='bbox 1394 1962 1444 1995; x_wconf 90' lang='lat' dir='ltr'>ut</span> <span class='ocrx_word' id='word_1_250' title='bbox 1470 1968 1539 1998; x_wconf 85' lang='lat' dir='ltr'>res</span> 
     </span>
     <span class='ocr_line' id='line_1_33' title="bbox 89 2006 1536 2065; baseline 0.003 -17"><span class='ocrx_word' id='word_1_251' title='bbox 89 2007 290 2058; x_wconf 84' lang='lat' dir='ltr'>declarat,</span> <span class='ocrx_word' id='word_1_252' title='bbox 310 2007 459 2048; x_wconf 89' lang='lat' dir='ltr'>falsam</span> <span class='ocrx_word' id='word_1_253' title='bbox 484 2006 714 2064; x_wconf 74' lang='lat' dir='ltr'>judicavit:</span> <span class='ocrx_word' id='word_1_254' title='bbox 748 2022 842 2064; x_wconf 85' lang='lat' dir='ltr'>quae</span> <span class='ocrx_word' id='word_1_255' title='bbox 864 2015 954 2048; x_wconf 90' lang='lat' dir='ltr'>erat</span> <span class='ocrx_word' id='word_1_256' title='bbox 977 2007 1085 2048; x_wconf 88' lang='lat' dir='ltr'>talis.</span> <span class='ocrx_word' id='word_1_257' title='bbox 1117 2022 1288 2050; x_wconf 90' lang='lat' dir='ltr'>manere</span> <span class='ocrx_word' id='word_1_258' title='bbox 1316 2009 1358 2050; x_wconf 90' lang='lat' dir='ltr'>in</span> <span class='ocrx_word' id='word_1_259' title='bbox 1386 2011 1536 2065; x_wconf 87' lang='lat' dir='ltr'>patria,</span> 
     </span>
     <span class='ocr_line' id='line_1_34' title="bbox 89 2063 1533 2120; baseline 0.003 -15"><span class='ocrx_word' id='word_1_260' title='bbox 89 2077 182 2106; x_wconf 85' lang='lat' dir='ltr'>esse</span> <span class='ocrx_word' id='word_1_261' title='bbox 211 2063 328 2105; x_wconf 87' lang='lat' dir='ltr'>domi</span> <span class='ocrx_word' id='word_1_262' title='bbox 356 2079 444 2105; x_wconf 88' lang='lat' dir='ltr'>suae</span> <span class='ocrx_word' id='word_1_263' title='bbox 474 2078 573 2106; x_wconf 90' lang='lat' dir='ltr'>cum</span> <span class='ocrx_word' id='word_1_264' title='bbox 595 2078 740 2116; x_wconf 87' lang='lat' dir='ltr'>uxore,</span> <span class='ocrx_word' id='word_1_265' title='bbox 762 2078 861 2106; x_wconf 89' lang='lat' dir='ltr'>cum</span> <span class='ocrx_word' id='word_1_266' title='bbox 890 2063 1061 2114; x_wconf 89' lang='lat' dir='ltr'>liberis;</span> <span class='ocrx_word' id='word_1_267' title='bbox 1093 2079 1221 2120; x_wconf 88' lang='lat' dir='ltr'>quam</span> <span class='ocrx_word' id='word_1_268' title='bbox 1249 2065 1533 2110; x_wconf 87' lang='lat' dir='ltr'>calamitatem</span> 
     </span>
     <span class='ocr_line' id='line_1_35' title="bbox 88 2119 1536 2179; baseline 0.003 -17"><span class='ocrx_word' id='word_1_269' title='bbox 88 2119 320 2177; x_wconf 91' lang='lat' dir='ltr'>accepisset</span> <span class='ocrx_word' id='word_1_270' title='bbox 350 2120 392 2162; x_wconf 90' lang='lat' dir='ltr'>in</span> <span class='ocrx_word' id='word_1_271' title='bbox 422 2119 551 2171; x_wconf 88' lang='lat' dir='ltr'>bello,</span> <span class='ocrx_word' id='word_1_272' title='bbox 573 2127 612 2152; x_wconf 77' lang='grc'>33</span> <span class='ocrx_word' id='word_1_273' title='bbox 631 2135 906 2162; x_wconf 90' lang='lat' dir='ltr'>communem</span> <span class='ocrx_word' id='word_1_274' title='bbox 934 2120 1116 2163; x_wconf 64' lang='lat' dir='ltr'>fortunae</span> <span class='ocrx_word' id='word_1_275' title='bbox 1146 2121 1310 2163; x_wconf 84' lang='lat' dir='ltr'>bellicae</span> <span class='ocrx_word' id='word_1_276' title='bbox 1335 2121 1536 2179; x_wconf 88' lang='lat' dir='ltr'>judican-</span> 
     </span>
    </p>
   </div>
   <div class='ocr_carea' id='block_1_6' title="bbox 90 2176 1535 2238">
    <p class='ocr_par' dir='ltr' id='par_1_7' title="bbox 90 2176 1535 2238">
     <span class='ocr_line' id='line_1_36' title="bbox 90 2176 1535 2238; baseline 0.003 -19"><span class='ocrx_word' id='word_1_277' title='bbox 90 2179 212 2230; x_wconf 56' lang='lat' dir='ltr'>tems</span> <span class='ocrx_word' id='word_1_278' title='bbox 224 2186 367 2219; x_wconf 90' lang='lat' dir='ltr'>tenere</span> <span class='ocrx_word' id='word_1_279' title='bbox 398 2177 631 2220; x_wconf 88' lang='lat' dir='ltr'>consularis</span> <span class='ocrx_word' id='word_1_280' title='bbox 667 2177 887 2236; x_wconf 86' lang='lat' dir='ltr'>dignitatis</span> <span class='ocrx_word' id='word_1_281' title='bbox 915 2176 1113 2236; x_wconf 85' lang='lat' dir='ltr'>gradum.</span> <span class='ocrx_word' id='word_1_282' title='bbox 1142 2178 1238 2236; x_wconf 89' lang='lat' dir='ltr'>quis</span> <span class='ocrx_word' id='word_1_283' title='bbox 1273 2178 1366 2221; x_wconf 84' lang='lat' dir='ltr'>haec</span> <span class='ocrx_word' id='word_1_284' title='bbox 1407 2189 1535 2238; x_wconf 85' lang='lat' dir='ltr'>neget</span> 
     </span>
    </p>
   </div>
   <div class='ocr_carea' id='block_1_7' title="bbox 84 2323 1531 2882">
    <p class='ocr_par' dir='ltr' id='par_1_8' title="bbox 84 2323 1531 2882">
     <span class='ocr_line' id='line_1_37' title="bbox 129 2323 1531 2366; baseline 0.004 -12"><span class='ocrx_word' id='word_1_285' title='bbox 129 2333 171 2358; x_wconf 76' lang='lat'>29</span> <span class='ocrx_word' id='word_1_286' title='bbox 194 2323 225 2354; x_wconf 81' lang='lat' dir='ltr'>in</span> <span class='ocrx_word' id='word_1_287' title='bbox 236 2324 456 2366; x_wconf 60' lang='lat' dir='ltr'>conformatione</span> <span class='ocrx_word' id='word_1_288' title='bbox 467 2332 495 2355; x_wconf 82' lang='lat' dir='ltr'>et</span> <span class='ocrx_word' id='word_1_289' title='bbox 507 2324 696 2355; x_wconf 75' lang='lat' dir='ltr'>moderatione</span> <span class='ocrx_word' id='word_1_290' title='bbox 707 2323 783 2364; x_wconf 66' lang='grc' dir='ltr'>δια]</span> <span class='ocrx_word' id='word_1_291' title='bbox 830 2325 931 2357; x_wconf 79' lang='lat' dir='ltr'>ternis.</span> <span class='ocrx_word' id='word_1_292' title='bbox 960 2326 1045 2357; x_wconf 86' lang='lat' dir='ltr'>hanc</span> <span class='ocrx_word' id='word_1_293' title='bbox 1079 2325 1264 2357; x_wconf 53' lang='lat' dir='ltr'>lectionem*</span> <span class='ocrx_word' id='word_1_294' title='bbox 1282 2328 1379 2359; x_wconf 85' lang='lat' dir='ltr'>habet</span> <span class='ocrx_word' id='word_1_295' title='bbox 1406 2338 1439 2362; x_wconf 84' lang='lat' dir='ltr'>et</span> <span class='ocrx_word' id='word_1_296' title='bbox 1466 2330 1531 2364; x_wconf 78' lang='lat' dir='ltr'>Ms,</span> 
     </span>
     <span class='ocr_line' id='line_1_38' title="bbox 86 2368 1331 2410; baseline -0.001 -9"><span class='ocrx_word' id='word_1_297' title='bbox 86 2369 124 2401; x_wconf 80' lang='lat' dir='ltr'>In</span> <span class='ocrx_word' id='word_1_298' title='bbox 155 2369 406 2400; x_wconf 75' lang='lat' dir='ltr'>conformatione</span> <span class='ocrx_word' id='word_1_299' title='bbox 433 2368 577 2399; x_wconf 84' lang='lat' dir='ltr'>absolute</span> <span class='ocrx_word' id='word_1_300' title='bbox 606 2369 691 2398; x_wconf 82' lang='lat' dir='ltr'>dicta</span> <span class='ocrx_word' id='word_1_301' title='bbox 721 2378 787 2398; x_wconf 87' lang='lat' dir='ltr'>non</span> <span class='ocrx_word' id='word_1_302' title='bbox 829 2369 947 2400; x_wconf 86' lang='lat' dir='ltr'>Duisb.</span> <span class='ocrx_word' id='word_1_303' title='bbox 1328 2407 1331 2410; x_wconf 22' lang='grc' dir='ltr'>η</span> 
     </span>
     <span class='ocr_line' id='line_1_39' title="bbox 84 2411 1530 2455; baseline -0.002 -12"><span class='ocrx_word' id='word_1_304' title='bbox 84 2419 132 2443; x_wconf 84' lang='lat' dir='ltr'>est</span> <span class='ocrx_word' id='word_1_305' title='bbox 154 2411 251 2441; x_wconf 88' lang='lat' dir='ltr'>altera</span> <span class='ocrx_word' id='word_1_306' title='bbox 274 2411 328 2442; x_wconf 87' lang='lat' dir='ltr'>illa</span> <span class='ocrx_word' id='word_1_307' title='bbox 347 2412 457 2443; x_wconf 89' lang='lat' dir='ltr'>virtus.</span> <span class='ocrx_word' id='word_1_308' title='bbox 501 2412 613 2452; x_wconf 89' lang='lat' dir='ltr'>Itaque</span> <span class='ocrx_word' id='word_1_309' title='bbox 640 2411 787 2441; x_wconf 84' lang='lat' dir='ltr'>Pearcius</span> <span class='ocrx_word' id='word_1_310' title='bbox 873 2418 912 2445; x_wconf 76' lang='lat'>33</span> <span class='ocrx_word' id='word_1_311' title='bbox 937 2422 1108 2442; x_wconf 76' lang='lat' dir='ltr'>communem</span> <span class='ocrx_word' id='word_1_312' title='bbox 1119 2412 1255 2453; x_wconf 77' lang='lat' dir='ltr'>firtunae</span> <span class='ocrx_word' id='word_1_313' title='bbox 1270 2412 1530 2455; x_wconf 62' lang='lat' dir='ltr'>bellicaejudimn.</span> 
     </span>
     <span class='ocr_line' id='line_1_40' title="bbox 85 2453 1528 2498; baseline 0.003 -12"><span class='ocrx_word' id='word_1_314' title='bbox 85 2455 214 2494; x_wconf 71' lang='lat' dir='ltr'>corrigit</span> <span class='ocrx_word' id='word_1_315' title='bbox 233 2454 263 2483; x_wconf 82' lang='lat' dir='ltr'>in</span> <span class='ocrx_word' id='word_1_316' title='bbox 283 2455 389 2496; x_wconf 59' lang='lat' dir='ltr'>corifor.</span> <span class='ocrx_word' id='word_1_317' title='bbox 407 2454 620 2492; x_wconf 76' lang='lat' dir='ltr'>moderationis,</span> <span class='ocrx_word' id='word_1_318' title='bbox 637 2454 742 2486; x_wconf 78' lang='lat' dir='ltr'>contin.</span> <span class='ocrx_word' id='word_1_319' title='bbox 759 2461 787 2484; x_wconf 80' lang='lat' dir='ltr'>et</span> <span class='ocrx_word' id='word_1_320' title='bbox 830 2453 903 2495; x_wconf 81' lang='lat' dir='ltr'>tem]</span> <span class='ocrx_word' id='word_1_321' title='bbox 929 2455 999 2486; x_wconf 87' lang='lat' dir='ltr'>Hoc</span> <span class='ocrx_word' id='word_1_322' title='bbox 1023 2463 1146 2486; x_wconf 84' lang='lat' dir='ltr'>rectum</span> <span class='ocrx_word' id='word_1_323' title='bbox 1169 2466 1237 2486; x_wconf 84' lang='lat' dir='ltr'>esse</span> <span class='ocrx_word' id='word_1_324' title='bbox 1259 2466 1324 2487; x_wconf 90' lang='lat' dir='ltr'>non</span> <span class='ocrx_word' id='word_1_325' title='bbox 1348 2466 1444 2498; x_wconf 88' lang='lat' dir='ltr'>puto:</span> <span class='ocrx_word' id='word_1_326' title='bbox 1469 2469 1528 2490; x_wconf 88' lang='lat' dir='ltr'>nec</span> 
     </span>
     <span class='ocr_line' id='line_1_41' title="bbox 85 2497 1528 2539; baseline 0.003 -12"><span class='ocrx_word' id='word_1_327' title='bbox 85 2497 296 2537; x_wconf 76' lang='lat' dir='ltr'>temperantiae.</span> <span class='ocrx_word' id='word_1_328' title='bbox 829 2498 985 2539; x_wconf 83' lang='lat' dir='ltr'>intelligo,</span> <span class='ocrx_word' id='word_1_329' title='bbox 1015 2499 1093 2538; x_wconf 88' lang='lat' dir='ltr'>quid</span> <span class='ocrx_word' id='word_1_330' title='bbox 1122 2499 1164 2529; x_wconf 82' lang='lat' dir='ltr'>sit</span> <span class='ocrx_word' id='word_1_331' title='bbox 1191 2499 1346 2529; x_wconf 81' lang='lat' dir='ltr'>calamitas</span> <span class='ocrx_word' id='word_1_332' title='bbox 1375 2503 1528 2532; x_wconf 82' lang='lat' dir='ltr'>communis</span> 
     </span>
     <span class='ocr_line' id='line_1_42' title="bbox 128 2538 1528 2583; baseline 0.004 -14"><span class='ocrx_word' id='word_1_333' title='bbox 128 2547 170 2572; x_wconf 76' lang='lat'>30</span> <span class='ocrx_word' id='word_1_334' title='bbox 193 2547 226 2569; x_wconf 83' lang='lat' dir='ltr'>a!</span> <span class='ocrx_word' id='word_1_335' title='bbox 247 2539 319 2570; x_wconf 73' lang='lat' dir='ltr'>utile</span> <span class='ocrx_word' id='word_1_336' title='bbox 339 2538 384 2578; x_wconf 84' lang='lat' dir='ltr'>(ut</span> <span class='ocrx_word' id='word_1_337' title='bbox 406 2538 515 2582; x_wconf 78' lang='lat' dir='ltr'>aliquis</span> <span class='ocrx_word' id='word_1_338' title='bbox 525 2541 562 2583; x_wconf 89' lang='lat' dir='ltr'>f.</span> <span class='ocrx_word' id='word_1_339' title='bbox 585 2538 728 2581; x_wconf 71' lang='lat' dir='ltr'>dixerit)]</span> <span class='ocrx_word' id='word_1_340' title='bbox 752 2547 786 2570; x_wconf 82' lang='lat' dir='ltr'>ut</span> <span class='ocrx_word' id='word_1_341' title='bbox 816 2540 954 2581; x_wconf 77' lang='lat' dir='ltr'>fbrtunae</span> <span class='ocrx_word' id='word_1_342' title='bbox 970 2540 1091 2572; x_wconf 81' lang='lat' dir='ltr'>bellicae.</span> <span class='ocrx_word' id='word_1_343' title='bbox 1137 2542 1217 2572; x_wconf 83' lang='lat' dir='ltr'>Puto</span> <span class='ocrx_word' id='word_1_344' title='bbox 1236 2552 1302 2572; x_wconf 83' lang='lat' dir='ltr'>esse</span> <span class='ocrx_word' id='word_1_345' title='bbox 1318 2543 1431 2574; x_wconf 84' lang='lat' dir='ltr'>debere</span> <span class='ocrx_word' id='word_1_346' title='bbox 1448 2544 1528 2574; x_wconf 80' lang='lat' dir='ltr'>cala-</span> 
     </span>
     <span class='ocr_line' id='line_1_43' title="bbox 85 2582 1530 2626; baseline 0.002 -11"><span class='ocrx_word' id='word_1_347' title='bbox 85 2590 163 2624; x_wconf 86' lang='lat' dir='ltr'>puto</span> <span class='ocrx_word' id='word_1_348' title='bbox 178 2593 244 2614; x_wconf 89' lang='lat' dir='ltr'>esse</span> <span class='ocrx_word' id='word_1_349' title='bbox 260 2582 445 2613; x_wconf 88' lang='lat' dir='ltr'>delendum.</span> <span class='ocrx_word' id='word_1_350' title='bbox 827 2584 959 2614; x_wconf 79' lang='lat' dir='ltr'>mitatem</span> <span class='ocrx_word' id='word_1_351' title='bbox 976 2584 1271 2626; x_wconf 82' lang='lat' dir='ltr'>communisfhrtunae</span> <span class='ocrx_word' id='word_1_352' title='bbox 1287 2585 1411 2624; x_wconf 63' lang='lat' dir='ltr'>bellic—ct,</span> <span class='ocrx_word' id='word_1_353' title='bbox 1428 2587 1530 2618; x_wconf 79' lang='lat' dir='ltr'>fortu-</span> 
     </span>
     <span class='ocr_line' id='line_1_44' title="bbox 130 2624 1529 2668; baseline 0.001 -11"><span class='ocrx_word' id='word_1_354' title='bbox 130 2633 168 2657; x_wconf 85' lang='lat'>31</span> <span class='ocrx_word' id='word_1_355' title='bbox 195 2627 259 2666; x_wconf 86' lang='lat' dir='ltr'>Ego</span> <span class='ocrx_word' id='word_1_356' title='bbox 278 2637 348 2655; x_wconf 72' lang='lat' dir='ltr'>vero</span> <span class='ocrx_word' id='word_1_357' title='bbox 366 2624 465 2664; x_wconf 83' lang='lat' dir='ltr'>istam]</span> <span class='ocrx_word' id='word_1_358' title='bbox 491 2626 554 2657; x_wconf 80' lang='lat' dir='ltr'>lnt.</span> <span class='ocrx_word' id='word_1_359' title='bbox 576 2625 785 2668; x_wconf 87' lang='lat' dir='ltr'>tranquillita-</span> <span class='ocrx_word' id='word_1_360' title='bbox 828 2637 870 2657; x_wconf 88' lang='lat' dir='ltr'>na</span> <span class='ocrx_word' id='word_1_361' title='bbox 907 2627 1023 2658; x_wconf 86' lang='lat' dir='ltr'>bellica</span> <span class='ocrx_word' id='word_1_362' title='bbox 1051 2629 1236 2659; x_wconf 82' lang='lat' dir='ltr'>communis</span> <span class='ocrx_word' id='word_1_363' title='bbox 1266 2635 1313 2659; x_wconf 87' lang='lat' dir='ltr'>est</span> <span class='ocrx_word' id='word_1_364' title='bbox 1341 2638 1381 2658; x_wconf 86' lang='lat' dir='ltr'>ex</span> <span class='ocrx_word' id='word_1_365' title='bbox 1416 2630 1529 2660; x_wconf 76' lang='lat' dir='ltr'>Graeco</span> 
     </span>
     <span class='ocr_line' id='line_1_45' title="bbox 86 2668 1529 2711; baseline 0.001 -11"><span class='ocrx_word' id='word_1_366' title='bbox 86 2676 164 2701; x_wconf 79' lang='lat' dir='ltr'>tem.</span> <span class='ocrx_word' id='word_1_367' title='bbox 203 2669 241 2700; x_wconf 80' lang='lat' dir='ltr'>ln</span> <span class='ocrx_word' id='word_1_368' title='bbox 258 2669 321 2700; x_wconf 90' lang='lat' dir='ltr'>Ms.</span> <span class='ocrx_word' id='word_1_369' title='bbox 339 2668 414 2698; x_wconf 94' lang='lat' dir='ltr'>Cur.</span> <span class='ocrx_word' id='word_1_370' title='bbox 431 2669 554 2699; x_wconf 87' lang='lat' dir='ltr'>additur</span> <span class='ocrx_word' id='word_1_371' title='bbox 568 2670 739 2700; x_wconf 80' lang='lat' dir='ltr'>utilitatem.</span> <span class='ocrx_word' id='word_1_372' title='bbox 821 2669 909 2711; x_wconf 65' lang='grc' dir='ltr'>Ἂξκς</span> <span class='ocrx_word' id='word_1_373' title='bbox 927 2670 1023 2704; x_wconf 74' lang='grc' dir='ltr'>καινός.</span> <span class='ocrx_word' id='word_1_374' title='bbox 1041 2671 1084 2702; x_wconf 87' lang='lat' dir='ltr'>ita</span> <span class='ocrx_word' id='word_1_375' title='bbox 1098 2681 1209 2702; x_wconf 83' lang='lat' dir='ltr'>sensus</span> <span class='ocrx_word' id='word_1_376' title='bbox 1227 2672 1304 2701; x_wconf 87' lang='lat' dir='ltr'>erit:</span> <span class='ocrx_word' id='word_1_377' title='bbox 1330 2672 1422 2702; x_wconf 86' lang='lat' dir='ltr'>istam</span> <span class='ocrx_word' id='word_1_378' title='bbox 1445 2673 1529 2703; x_wconf 83' lang='lat' dir='ltr'>cala-</span> 
     </span>
     <span class='ocr_line' id='line_1_46' title="bbox 127 2710 1528 2754; baseline 0.004 -14"><span class='ocrx_word' id='word_1_379' title='bbox 127 2719 168 2744; x_wconf 67' lang='grc'>32</span> <span class='ocrx_word' id='word_1_380' title='bbox 191 2712 233 2741; x_wconf 84' lang='lat' dir='ltr'>ad</span> <span class='ocrx_word' id='word_1_381' title='bbox 245 2722 303 2741; x_wconf 81' lang='lat' dir='ltr'>rem</span> <span class='ocrx_word' id='word_1_382' title='bbox 312 2712 435 2752; x_wconf 79' lang='lat' dir='ltr'>factam</span> <span class='ocrx_word' id='word_1_383' title='bbox 450 2718 601 2752; x_wconf 72' lang='lat' dir='ltr'>nostraque</span> <span class='ocrx_word' id='word_1_384' title='bbox 615 2710 780 2752; x_wconf 82' lang='lat' dir='ltr'>veniamus]</span> <span class='ocrx_word' id='word_1_385' title='bbox 828 2714 975 2744; x_wconf 86' lang='lat' dir='ltr'>mitatem</span> <span class='ocrx_word' id='word_1_386' title='bbox 996 2723 1064 2744; x_wconf 81' lang='lat' dir='ltr'>esse</span> <span class='ocrx_word' id='word_1_387' title='bbox 1088 2724 1161 2754; x_wconf 80' lang='lat' dir='ltr'>quae</span> <span class='ocrx_word' id='word_1_388' title='bbox 1186 2714 1362 2753; x_wconf 87' lang='lat' dir='ltr'>unicuique</span> <span class='ocrx_word' id='word_1_389' title='bbox 1387 2715 1420 2744; x_wconf 86' lang='lat' dir='ltr'>in</span> <span class='ocrx_word' id='word_1_390' title='bbox 1443 2715 1528 2746; x_wconf 83' lang='lat' dir='ltr'>bello</span> 
     </span>
     <span class='ocr_line' id='line_1_47' title="bbox 87 2754 1529 2796; baseline 0.002 -11"><span class='ocrx_word' id='word_1_391' title='bbox 87 2754 183 2786; x_wconf 86' lang='lat' dir='ltr'>Hanc</span> <span class='ocrx_word' id='word_1_392' title='bbox 208 2755 380 2785; x_wconf 85' lang='lat' dir='ltr'>lectionem</span> <span class='ocrx_word' id='word_1_393' title='bbox 403 2755 512 2785; x_wconf 85' lang='lat' dir='ltr'>ceteris</span> <span class='ocrx_word' id='word_1_394' title='bbox 539 2754 685 2794; x_wconf 81' lang='lat' dir='ltr'>praetuli:</span> <span class='ocrx_word' id='word_1_395' title='bbox 708 2756 786 2795; x_wconf 87' lang='lat' dir='ltr'>quia</span> <span class='ocrx_word' id='word_1_396' title='bbox 827 2757 970 2786; x_wconf 87' lang='lat' dir='ltr'>accidere</span> <span class='ocrx_word' id='word_1_397' title='bbox 991 2757 1108 2796; x_wconf 82' lang='lat' dir='ltr'>possit:</span> <span class='ocrx_word' id='word_1_398' title='bbox 1133 2767 1205 2796; x_wconf 80' lang='lat' dir='ltr'>quae</span> <span class='ocrx_word' id='word_1_399' title='bbox 1227 2763 1336 2786; x_wconf 84' lang='lat' dir='ltr'>autem</span> <span class='ocrx_word' id='word_1_400' title='bbox 1360 2757 1422 2788; x_wconf 89' lang='lat' dir='ltr'>sint</span> <span class='ocrx_word' id='word_1_401' title='bbox 1444 2759 1529 2796; x_wconf 84' lang='lat' dir='ltr'>ejus-</span> 
     </span>
     <span class='ocr_line' id='line_1_48' title="bbox 85 2797 1527 2840; baseline 0.002 -11"><span class='ocrx_word' id='word_1_402' title='bbox 85 2799 129 2830; x_wconf 72' lang='lat' dir='ltr'>ita</span> <span class='ocrx_word' id='word_1_403' title='bbox 152 2797 268 2829; x_wconf 86' lang='lat' dir='ltr'>melius</span> <span class='ocrx_word' id='word_1_404' title='bbox 297 2798 448 2838; x_wconf 85' lang='lat' dir='ltr'>superiori</span> <span class='ocrx_word' id='word_1_405' title='bbox 478 2799 644 2837; x_wconf 80' lang='lat' dir='ltr'>respondet</span> <span class='ocrx_word' id='word_1_406' title='bbox 671 2800 783 2836; x_wconf 85' lang='lat' dir='ltr'>oratio,</span> <span class='ocrx_word' id='word_1_407' title='bbox 829 2799 930 2836; x_wconf 84' lang='lat' dir='ltr'>modi,</span> <span class='ocrx_word' id='word_1_408' title='bbox 945 2806 983 2830; x_wconf 88' lang='lat' dir='ltr'>ut</span> <span class='ocrx_word' id='word_1_409' title='bbox 1006 2800 1046 2830; x_wconf 88' lang='lat' dir='ltr'>ab</span> <span class='ocrx_word' id='word_1_410' title='bbox 1069 2800 1106 2831; x_wconf 90' lang='lat' dir='ltr'>iis</span> <span class='ocrx_word' id='word_1_411' title='bbox 1131 2799 1253 2830; x_wconf 86' lang='lat' dir='ltr'>nemini</span> <span class='ocrx_word' id='word_1_412' title='bbox 1269 2806 1402 2832; x_wconf 86' lang='lat' dir='ltr'>cautum</span> <span class='ocrx_word' id='word_1_413' title='bbox 1422 2801 1474 2840; x_wconf 83' lang='lat' dir='ltr'>sit,</span> <span class='ocrx_word' id='word_1_414' title='bbox 1491 2810 1527 2832; x_wconf 81' lang='lat' dir='ltr'>ea</span> 
     </span>
     <span class='ocr_line' id='line_1_49' title="bbox 85 2840 1281 2882; baseline 0.002 -12"><span class='ocrx_word' id='word_1_415' title='bbox 85 2852 130 2870; x_wconf 71' lang='lat' dir='ltr'>ns</span> <span class='ocrx_word' id='word_1_416' title='bbox 140 2841 233 2882; x_wconf 75' lang='lat' dir='ltr'>facta</span> <span class='ocrx_word' id='word_1_417' title='bbox 263 2842 434 2882; x_wconf 74' lang='lat' dir='ltr'>opponitur</span> <span class='ocrx_word' id='word_1_418' title='bbox 451 2840 586 2882; x_wconf 81' lang='lat' dir='ltr'>fabulis,</span> <span class='ocrx_word' id='word_1_419' title='bbox 615 2848 710 2873; x_wconf 81' lang='lat' dir='ltr'>nostra</span> <span class='ocrx_word' id='word_1_420' title='bbox 733 2853 783 2873; x_wconf 76' lang='lat' dir='ltr'>ex·</span> <span class='ocrx_word' id='word_1_421' title='bbox 827 2851 893 2872; x_wconf 83' lang='lat' dir='ltr'>esse</span> <span class='ocrx_word' id='word_1_422' title='bbox 909 2852 1002 2881; x_wconf 88' lang='lat' dir='ltr'>aequo</span> <span class='ocrx_word' id='word_1_423' title='bbox 1017 2843 1128 2875; x_wconf 85' lang='lat' dir='ltr'>animo</span> <span class='ocrx_word' id='word_1_424' title='bbox 1144 2843 1281 2873; x_wconf 77' lang='lat' dir='ltr'>ferenda.</span> 
     </span>
    </p>
   </div>
   <div class='ocr_carea' id='block_1_8' title="bbox 854 2897 977 2939">
    <p class='ocr_par' dir='ltr' id='par_1_9' title="bbox 854 2897 977 2939">
     <span class='ocr_line' id='line_1_50' title="bbox 854 2897 977 2939; baseline 0 0"><span class='ocrx_word' id='word_1_425' title='bbox 854 2897 977 2939; x_wconf 62' lang='lat'>3¹³3</span> 
     </span>
    </p>
   </div>
  </div>
 </body>
</html>
