1844 3202
148 1477 180 1507 p.
194 1473 267 1498 214.

287 117 364 158 872
609 111 680 150 DE
710 110 994 151 PETITIONE
1023 110 1390 151 CONSULATUS.

285 220 542 271 alliciuntur,
562 229 604 262 et
634 221 687 262 ab
716 221 1000 277 impediendo,
1030 235 1078 262 ac
1107 221 1301 262 laedendo
1328 219 1599 276 repelluntur.
1657 221 1713 262 Et

285 277 486 333 quoniam
516 277 559 318 in
586 278 667 318 hoc
696 278 759 319 vel
789 278 970 318 maxime
998 277 1144 318 vitiosa
1170 287 1232 318 est
1259 277 1414 327 civitas,
1435 276 1564 332 quod,
1586 277 1714 332 largi-

283 334 399 374 tione
414 334 674 389 interposita,
695 334 856 375 virtutis
877 348 925 374 ac
946 333 1162 387 dignitatis
1183 334 1369 374 oblivisci
1385 333 1491 374 solet
1508 349 1518 383 ;
1550 334 1590 373 in
1616 333 1713 383 hoc,

283 390 365 440 fac,
390 400 438 432 ut
466 400 508 431 te
538 391 642 430 bene
673 390 800 440 noris,
820 389 861 430 id
891 398 967 439 est,
993 398 1040 429 ut
1064 389 1287 444 intelligas,
1316 405 1410 430 eum
1442 404 1532 430 esse
1561 399 1618 439 te,
1639 389 1711 445 qui

276 446 428 503 judicii
455 460 504 487 ac
538 446 710 501 periculi
740 454 899 486 metum
931 445 1162 485 maximum
1192 446 1538 500 competitoribus
1568 445 1714 486 afferre

281 503 430 558 possis.
494 503 589 551 Fac,
621 511 668 543 ut
694 517 738 542 se
769 502 843 542 abs
874 513 915 542 te
944 501 1147 542 custodiri
1177 511 1303 556 atque
1329 502 1534 543 observari
1564 502 1711 542 sciant.

281 573 380 600 cum
411 559 674 613 diligentiam
707 567 839 608 tuam,
871 571 969 597 cum
999 557 1308 607 auctoritatem,
1336 558 1505 613 vimque'
1532 558 1712 610 dicendi,

280 624 374 656 tum
396 615 588 670 profecto
609 614 812 669 equestris
831 613 987 654 ordinis
1007 627 1109 668 erga
1130 622 1171 653 te
1195 613 1381 655 studium
1403 616 1712 668 pertimescant.

279 671 424 727 Atque
454 671 544 711 haec
575 671 633 711 ita
661 678 702 710 te
735 670 828 711 volo
856 669 936 710 illis
968 684 1218 724 proponere,
1239 684 1338 720 non,
1358 678 1406 710 ut
1434 671 1595 711 videare
1620 671 1710 726 jam

279 728 593 768 accusationem
614 726 823 777 meditari,
837 726 911 767 sed
931 737 974 766 ut
992 726 1073 766 hoc
1094 734 1253 767 terrore
1272 726 1433 767 facilius
1454 726 1535 767 hoc
1557 728 1712 782 ipsum,

279 783 395 839 quod
415 784 520 838 agis,
543 797 813 838 consequare.
845 793 886 823 et
912 782 1036 838 plane
1057 782 1114 823 sic
1136 782 1341 823 contende
1363 783 1559 823 omnibus
1581 784 1712 825 nervis

277 855 326 881 ac
346 840 630 889 facultatibus,
652 850 700 880 ut
719 839 1014 893 adipiscamur,
1035 838 1147 893 quod
1169 839 1366 894 petimus.
1423 839 1575 889 Video,
1597 839 1712 880 nulla

278 910 370 936 esse
400 896 573 936 comitia
598 904 684 935 tam
711 895 927 951 inquinata
950 895 1189 950 largitione,
1211 895 1363 951 quibus
1384 910 1466 951 non
1487 896 1617 950 gratis
1639 896 1716 937 ali-

279 967 374 1008 quae
407 951 606 992 centuriae
634 952 875 992 renuntient
907 966 1019 1001 suos,
1041 952 1222 991 maxime
1244 951 1512 992 necessarios.
1571 953 1713 1007 Quare

279 1009 313 1049 si
344 1007 620 1063 advigilamus
651 1022 727 1061 pro
758 1008 814 1048 rei
844 1007 1065 1062 dignitate,
1087 1017 1130 1048 et
1160 1008 1194 1048 si
1225 1017 1389 1048 nostros
1418 1007 1470 1048 ad
1498 1022 1711 1048 summum

278 1064 465 1106 studium
489 1064 718 1104 benevolos
746 1064 975 1104 excitamus
992 1079 1003 1113 3
1036 1073 1077 1104 et
1096 1064 1128 1104 si
1147 1063 1390 1104 hominibus
1408 1063 1604 1119 gratiosis
1625 1073 1713 1105 stu-

278 1121 493 1176 diosisque
515 1121 647 1161 nostri
673 1135 797 1161 suum
819 1120 971 1175 cuique
990 1135 1143 1161 munus
1166 1119 1455 1169 describimus,
1478 1129 1519 1161 et
1539 1120 1572 1160 si
1593 1136 1712 1161 com-

277 1177 530 1232 petitoribus
553 1186 588 1209 51
601 1176 763 1232 judicia
788 1177 1062 1232 proponimus
1081 1193 1093 1227 ;
1125 1177 1410 1232 sequestribus
1433 1186 1593 1217 metum
1614 1177 1712 1233 inji-

277 1234 412 1274 cimus
431 1250 442 1284 3
474 1233 672 1274 divisores
694 1234 854 1274 ratione
875 1234 1015 1288 aliqua
1034 1239 1277 1274 coercemus
1295 1250 1302 1273 z
1325 1233 1467 1288 perfici
1488 1242 1642 1288 potest,
1664 1244 1712 1275 ut

277 1290 447 1345 largitio
467 1299 539 1331 aut
559 1289 673 1330 nulla
695 1290 778 1340 fiat,
800 1298 873 1330 aut
904 1289 1008 1330 nihil
1038 1290 1183 1330 valeat.
1244 1291 1351 1330 Haec
1383 1299 1494 1340 sunt,
1515 1305 1608 1343 quae
1632 1305 1711 1345 pu-

278 1347 361 1387 tavi
382 1361 466 1387 non
487 1347 636 1387 melius
658 1346 763 1387 seire
784 1360 868 1397 me,
889 1361 1015 1401 quam
1038 1354 1094 1397 te,
1117 1345 1188 1386 sed
1209 1346 1371 1386 facilius
1394 1346 1458 1386 his
1480 1347 1562 1387 tuis
1583 1361 1711 1387 occu-

277 1402 518 1458 pationibus
537 1403 736 1457 colligere
754 1417 884 1443 unum
907 1403 948 1442 in
969 1402 1109 1443 locum
1132 1416 1269 1458 posse,
1286 1411 1328 1442 et
1349 1402 1402 1442 ad
1423 1411 1463 1443 te
1484 1403 1713 1459 perscripta

278 1459 459 1503 mittere.
489 1474 583 1515 quae
614 1459 836 1501 tamenetsi
866 1459 925 1499 ita
955 1459 1108 1513 scripta
1138 1467 1249 1509 sunt,
1279 1467 1326 1498 ut
1357 1473 1439 1499 non
1469 1458 1522 1499 acl
1553 1473 1714 1510 omnes,

259 1516 352 1571 ·qui
372 1516 553 1556 honores
575 1524 733 1570 petent,
756 1515 828 1556 sed
849 1515 902 1555 ad
923 1524 964 1556 te
984 1515 1164 1569 proprie,
1187 1524 1229 1555 et
1256 1515 1309 1555 ad
1339 1514 1446 1555 hanc
1467 1525 1581 1555 tuam
1604 1516 1713 1570 peti-

275 1572 435 1612 tionem
464 1572 652 1612 valeant:
684 1582 825 1613 tamen
846 1580 906 1622 tu,
929 1571 962 1611 si
982 1571 1084 1626 quid
1105 1571 1354 1612 mutandum
1376 1585 1465 1611 esse
1486 1571 1709 1623 videbitur,

275 1636 348 1668 aut
378 1628 552 1668 omnino
583 1628 834 1677 tollendum,
863 1636 935 1667 aut
966 1628 998 1667 si
1029 1627 1130 1682 quid
1160 1627 1238 1667 erit
1269 1628 1554 1681 praeteritum3
1586 1629 1707 1669 velim

276 1684 358 1725 hoc
380 1684 482 1724 mihi
503 1683 631 1725 dicas.
690 1684 803 1724 Volo
825 1683 935 1723 enim
967 1683 1049 1724 hoc
1077 1683 1470 1724 commentariolum
1493 1684 1709 1739 petitionis

276 1740 421 1783 haberi
441 1740 558 1781 omni
577 1740 738 1782 ratione
757 1739 1006 1795 perfeetum.

490 1861 525 1884 51
541 1853 659 1893 judicia
669 1853 866 1893 proponimus]
886 1855 905 1884 i.
919 1864 947 1884 e.
961 1862 1086 1885 metum
1099 1854 1295 1892 judiciorum
1312 1854 1488 1893 injicimus,
