1844 3202
572 79 751 118 LmER
791 78 1034 117 PRIMUS.
1450 81 1528 129 639

97 187 326 230 sessionem
359 186 604 229 Academiae
636 188 688 228 ab
722 187 803 227 hoc
835 194 960 227 acuto
993 184 1164 226 homine
1195 200 1279 228 non
1312 187 1524 230 sinemus·
1512 220 1526 240 ‚

98 259 174 286 nec
194 244 389 285 Mamilia
414 244 510 299 lege
538 243 706 298 singuli,
738 249 775 279 78
794 242 867 283 sed
896 256 945 282 ex
974 242 1022 282 iis
1051 251 1132 282 tres
1160 243 1303 283 arbitri
1333 244 1431 286 fines
1459 259 1526 286 re-

95 315 262 364 gemus.
293 302 376 363 Q.
416 306 455 336 79
472 300 712 363 Quamnam
755 298 886 354 igitur
925 298 1175 339 sententiam
1216 298 1426 341 dicimus?
1460 303 1525 342 M.
1539 310 1590 348 56

99 356 269 411 Requiri
306 364 471 411 placere
510 356 725 406 terminos,
757 362 796 387 80
807 369 919 419 quos
956 355 1148 395 Socrates
1184 355 1359 409 pegerit,
1395 356 1527 411 iisque

96 426 256 467 parere.
314 414 370 476 Q.
394 412 608 462 Praeclare,
636 412 775 462 frater,
800 410 889 466 jam
920 426 1030 451 nunc
1061 426 1085 450 a
1115 420 1157 452 te
1178 412 1303 451 verba
1322 426 1527 466 usurpan-

97 477 166 509 tur
184 468 342 509 civilis
326 469 434 524 Juris
464 477 506 509 et
535 468 709 523 legum:
735 482 826 532 quo
857 467 908 508 de
937 482 1092 522 genere
1113 476 1311 522 exspecto
1341 467 1529 523 disputa-

96 524 256 565 tionem
289 533 422 566 tuam.
444 540 539 565 nam
576 525 654 566 ista
675 524 844 579 quidem
873 538 1030 579 magna
1049 523 1296 580 dijudicatio
1316 534 1392 574 est,
1413 535 1461 565 ut
1480 539 1529 565 ex

97 587 139 620 te
167 581 259 634 ipso
281 595 391 636 saepe
419 581 612 636 cognovi.
671 580 755 621 Sed
783 589 896 621 certe
927 589 961 612 81
982 595 1046 621 res
1076 582 1134 620 ita
1164 594 1206 620 se
1233 580 1374 630 habet,
1405 589 1452 621 ut
1480 595 1532 621 ex

98 646 246 678 natura
275 638 423 686 vivere,
453 652 668 678 summum
699 637 860 678 bonum
891 637 958 686 sit,
990 636 1032 677 id
1062 646 1140 687 est,
1164 637 1246 677 vita
1276 611 1457 687 modica,
1488 646 1532 678 et

94 702 195 748 apta
223 693 374 734 virtute
403 694 584 750 perfrui:
618 701 691 734 aut
721 703 910 734 naturam
943 693 1076 748 sequi,
1096 703 1140 734 et
1168 693 1259 749 ejus
1289 693 1407 757 quasi
1437 693 1533 748 lege

96 749 246 800 vivere,
266 750 309 790 id
341 759 418 801 est,
442 750 562 799 nihil,
585 758 791 805 quantum
819 750 975 805 inipso
1004 750 1071 799 sit,
1094 749 1424 804 praetermittere,
1447 765 1532 804 quo

97 806 236 847 minus
266 821 328 857 ea,
360 822 453 862 quae
486 815 632 849 natura
662 806 863 861 postulet,
895 814 1192 861 consequatur,
1224 815 1262 838 82
1280 806 1395 862 quod
1425 807 1534 847 inter

97 862 189 903 haec
210 862 307 904 velit
328 863 400 903 vir
390 872 479 904 ute
501 873 716 918 tamquam
741 864 833 918 lege
854 863 1000 903 vivere.
1060 864 1329 919 Quapropter
1360 863 1442 903 hoc
1465 862 1532 903 di-

88 918 273 975 judicari
304 927 340 952 33
360 920 500 960 nescio
534 935 585 959 an
620 934 864 974 numquam,
891 919 962 960 sed
992 920 1072 960 boc
1099 934 1291 960 sermone
1317 929 1429 960 certe
1449 934 1533 960 non

97 985 253 1031 potest,
293 976 327 1017 si
366 976 538 1032 quidem
578 976 635 1026 id,
672 975 785 1031 quod
816 976 1090 1031 suscepimus,
1124 976 1351 1030 perfecturi
1388 976 1531 1016 simus.

97 1032 192 1073 Att.
213 1032 274 1073 At
304 1047 386 1088 ego
415 1033 498 1074 huc
527 1007 791 1073 declinabam
814 1047 890 1072 nec
911 1033 1076 1073 invitus.
1135 1033 1191 1088 Q.
1211 1032 1377 1073 Licebit
1402 1032 1530 1072 alias:
1545 1027 1612 1074 22

99 1102 211 1129 nunc
242 1088 284 1129 id
315 1103 504 1144 agamus,
524 1088 639 1144 quod
668 1089 889 1144 coepimus,
909 1104 1006 1129 cum
1036 1089 1268 1144 praesertim
1291 1088 1344 1129 ad
1365 1088 1408 1129 id
1429 1087 1565 1129 nihil
1545 1100 1595 1140 57

97 1145 303 1199 pertineat
323 1146 414 1186 haec
435 1145 487 1185 de
509 1160 677 1186 summo
698 1145 811 1185 malo
832 1146 1030 1200 bonoque
1062 1145 1280 1186 dissensio.
1339 1145 1405 1185 M.
1431 1145 1532 1185 Pru·

99 1199 357 1251 dentissime,
378 1202 552 1256 Quinte,
574 1201 691 1241 dicis.
714 1216 808 1242 nam
832 1217 926 1256 quae
947 1216 971 1241 a
992 1216 1060 1241 me
1083 1201 1220 1242 adhuc
1241 1201 1354 1242 dicta
1374 1209 1485 1251 sunt,

156 1259 181 1283 *⁵
213 1258 268 1313 Q.
299 1258 391 1298 Nec
425 1257 614 1313 Lycurgi
640 1257 749 1312 lege,
784 1272 859 1298 nec
893 1258 1073 1309 Solonis,
1107 1272 1243 1313 neque
1278 1257 1532 1308 Charondae,

99 1327 235 1368 neque
264 1313 451 1363 Zaleuci,
477 1328 553 1354 nec
579 1324 742 1354 nostras
771 1328 847 1354 ΧΠ
872 1313 1050 1364 tabulas,
1072 1329 1148 1355 nec
1176 1314 1396 1369 plebiscita
1423 1314 1534 1355 desi-

99 1369 231 1410 dero.
263 1369 334 1410 sed
361 1379 404 1411 te
432 1369 626 1411 existimo
653 1385 750 1411 cum
779 1370 962 1426 populis,
993 1380 1083 1411 turn
1111 1371 1238 1411 etiam
1259 1371 1434 1426 singulis
1456 1371 1534 1411 ho·

97 1425 244 1467 dierno
265 1440 458 1467 sermone
478 1426 594 1482 leges
627 1426 801 1477 vivendi,
823 1437 866 1468 et
895 1426 1156 1491 disciplinam
1189 1427 1403 1469 daturum.
1464 1428 1532 1467 M.

98 1483 176 1523 Est
205 1483 332 1538 hujus
356 1497 453 1524 vero
481 1483 791 1548 disputationis,
813 1484 987 1547 Quinte,
1009 1484 1227 1548 proprium
1247 1483 1304 1534 id,
1327 1483 1441 1539 quod
1461 1498 1532 1524 ex·
1545 1501 1596 1533 58

97 1549 290 1594 spectas.
321 1549 449 1596 atque
468 1540 629 1580 utinam
653 1550 764 1581 esset
784 1541 911 1580 etiam
932 1539 1144 1581 facultatis
1165 1554 1296 1580 meae
1288 1540 1295 1569 ¹
1330 1540 1413 1581 Sed
1434 1555 1533 1596 pro-

96 1594 210 1636 fecto
239 1596 298 1637 ita
327 1611 370 1637 se
400 1611 464 1637 res
495 1596 636 1647 babet,
666 1606 727 1647 ut,
748 1597 947 1652 quoniam
977 1597 1173 1637 vitiorum
1204 1596 1530 1638 emendatricem

94 1649 237 1707 legem
259 1666 350 1693 esse
370 1662 550 1708 oportet,
570 1628 1055 1708 coinmendatricemque
1086 1655 1302 1718 virtutum,
1323 1654 1376 1694 ab
1405 1668 1454 1694 ea
1475 1654 1574 1700 vi-p.
1591 1665 1661 1692 168.

98 1708 218 1750 vendi
239 1709 432 1751 doctrina
450 1708 640 1750 ducatur.
702 1711 767 1750 Ita
799 1710 858 1760 fit,
880 1721 928 1750 ut
958 1719 1090 1750 mater
1112 1710 1303 1750 omnium
1326 1711 1572 1752 bonaruma·

98 1765 251 1806 artium
273 1766 476 1821 sapientia
497 1766 575 1807 sit:
598 1781 622 1807 a
641 1766 760 1821 cujus
781 1780 923 1807 amore
946 1767 1099 1807 GlaeCO
1119 1767 1246 1807 verbo
1265 1766 1536 1822 philosophia

100 1835 256 1862 nomen
283 1822 460 1863 invenit:
490 1837 573 1878 qua
600 1822 704 1863 nibil
731 1838 754 1863 a
785 1823 863 1863 diis
890 1822 1200 1864 immortalibus
1223 1824 1409 1874 uberius,
1431 1824 1537 1865 nibil

100 1877 332 1929 florentius,
351 1878 454 1919 nibil
474 1879 752 1934 praestabilius
770 1878 991 1920 hominum
1013 1879 1106 1919 vitae
1125 1879 1270 1920 datum
1289 1889 1365 1921 est.
1389 1889 1427 1912 84
1443 1881 1534 1922 baec

99 1934 211 1974 enim
234 1949 317 1975 una
336 1950 412 1976 nos
432 1950 529 1976 cum
549 1946 707 1976 ceteras
727 1950 789 1976 res
810 1950 971 1984 omneS‚
991 1945 1098 1984 tum,
1121 1935 1234 1991 quod
1256 1945 1319 1976 est
1338 1936 1534 1978 difficilli-

93 2005 233 2042 mum,
256 1991 416 2044 docuit,
445 2001 493 2032 ut
522 2003 689 2033 nosmet
718 1992 831 2047 ipsos
863 2006 1158 2036 nosceremus:
1191 1992 1311 2049 cujus
1333 1993 1535 2057 praecepti

101 2057 217 2088 tanta
245 2048 317 2099 vis,
337 2056 452 2089 tanta
480 2056 685 2088 sentent1a
704 2057 781 2099 est,
805 2058 851 2089 ut
879 2063 927 2089 ea
949 2063 1034 2088 non
1060 2049 1222 2089 homini
1240 2050 1437 2104 cuipiam,
1459 2050 1534 2091 sed

95 2103 313 2160 Delphico
342 2104 422 2145 deo
452 2105 719 2146 tribueretur.
778 2107 893 2147 Nam
926 2106 999 2161 qui
1028 2120 1070 2146 se
1094 2105 1182 2161 ipse
1205 2106 1328 2157 norit,
1348 2107 1531 2162 primum
1544 2119 1596 2161 59

101 2249 290 2280 statuerunt,
307 2243 387 2273 inter
401 2243 516 2283 praedia
531 2253 597 2274 esse
609 2243 688 2273 fines
701 2244 796 2282 quin·
884 2249 919 2273 81
947 2253 990 2272 res
1019 2243 1063 2273 ita
1092 2255 1120 2273 se
1147 2242 1246 2284 habet]
1279 2244 1330 2275 Sic
1360 2252 1444 2276 recte
1471 2245 1536 2276 Ma.

100 2296 163 2325 que
179 2287 310 2326 pedum,
326 2286 382 2326 qui
406 2296 466 2316 usu
490 2287 558 2325 capi
577 2297 641 2316 non
658 2294 795 2326 possent.
840 2285 946 2316 Guelf.
962 2296 1018 2326 pro
1033 2287 1163 2326 vulgato
1178 2286 1291 2316 babent.

101 2336 171 2368 post
185 2330 297 2369 depasci
312 2330 389 2360 dicit
404 2340 459 2369 pro
482 2339 543 2359 usu
566 2331 648 2368 capi,
665 2329 742 2369 quia
758 2329 796 2359 li·
883 2336 921 2359 82
946 2329 1022 2370 quod
1034 2330 1110 2359 inter
1124 2328 1347 2368 lucc—vivere]
1368 2330 1447 2361 Haec
1462 2341 1537 2370 spu-

102 2373 194 2403 mites
209 2373 402 2412 depascendo
419 2382 478 2403 usu
493 2373 672 2411 capiuntur.
838 2370 882 2401 ria
894 2372 1050 2410 judicavit
1069 2372 1217 2403 Davisius
1233 2380 1262 2404 et
1279 2375 1370 2405 uncis
1386 2373 1514 2404 inclusit
1528 2386 1534 2404 ε

146 2421 185 2451 78
209 2416 258 2444 sed
277 2427 312 2445 ex
335 2414 386 2455 iis]
413 2416 462 2446 Sc.
480 2416 602 2454 legibus
617 2414 692 2446 XII.
708 2414 794 2445 tabb.
838 2424 914 2445 sane
929 2424 994 2445 non
1012 2416 1148 2455 placent.

101 2459 155 2489 sed
177 2458 348 2497 legendum
370 2458 438 2488 illis.
485 2459 587 2489 Sensit
613 2459 795 2495 Turnebus,
883 2464 920 2488 83
939 2459 1027 2487 nescio
1038 2456 1254 2500 annumquam]
1275 2459 1370 2489 Recte
1380 2469 1535 2500 numquam

100 2502 299 2539 correxitque
313 2500 363 2530 seii
375 2513 410 2529 ex
422 2502 499 2532 XII.
839 2509 894 2540 pro
910 2511 1047 2542 umquam
1062 2502 1210 2532 Davisius
1225 2501 1333 2539 edidit,
1352 2511 1429 2531 nam
1446 2502 1476 2531 id
1492 2501 1537 2531 la-

145 2549 186 2580 79
203 2543 571 2583 Quamnam—dicimus?]
591 2542 700 2574 Putavi
716 2544 796 2574 olim
840 2544 945 2574 tinitas
968 2545 1115 2583 postulat.
1142 2545 1266 2575 inscitia
1285 2544 1432 2574 formulae
1447 2544 1536 2573 nescio

101 2586 274 2627 legendum
291 2596 356 2617 esse
367 2587 501 2617 dicemus.
515 2587 623 2617 firmat
634 2587 796 2625 conjectu·
839 2597 889 2624 an,
906 2596 1005 2626 quarn
1022 2598 1086 2618 non
1103 2589 1261 2623 viderunt,
1285 2597 1351 2618 esse
1374 2587 1537 2617 affirman-

100 2639 170 2661 ram
193 2630 286 2660 lectio
302 2631 350 2660 ed.
370 2629 452 2660 Ven.
477 2636 569 2663 1494.
592 2630 700 2667 demus,
723 2639 796 2670 quae
840 2629 877 2659 tis
894 2631 1048 2667 modeste,
1065 2632 1184 2670 peperit
1201 2631 1372 2660 lectionem
1388 2640 1537 2670 umquam.

100 2679 148 2703 est
161 2683 201 2703 ex
216 2672 407 2711 compendio
423 2682 478 2711 pro
493 2671 627 2704 dicemus.
884 2678 924 2702 84
946 2672 1007 2702 haec
1028 2674 1101 2702 enim
1123 2672 1196 2711 una]
1222 2684 1279 2701 una
1298 2675 1384 2703 abest
1407 2682 1425 2702 a
1448 2672 1536 2702 libris

98 2724 102 2728 “
146 2722 185 2747 80
200 2726 266 2757 quos
281 2715 412 2745 Socrates
421 2714 546 2754 pegm‘t]
565 2715 622 2746 Ed.
633 2714 715 2746 Ven.
726 2721 796 2754 per·
839 2713 1032 2754 quibusdam
1053 2717 1149 2747 etiam
1172 2716 1280 2746 Guelf.
1304 2717 1408 2754 itaque
1427 2715 1539 2745 omisit

101 2758 204 2798 egerit,
236 2758 330 2789 male.
361 2758 496 2789 verbum
526 2759 614 2789 enim
639 2758 719 2796 juris
749 2764 796 2788 est
839 2758 997 2790 Davisius.
1014 2760 1068 2789 sed
1088 2760 1262 2799 elegantius
1283 2765 1437 2798 servatur,
1459 2759 1536 2797 quia

93 2800 222 2841 pegerit.
705 2840 709 2844 .
837 2807 908 2839 post
922 2808 968 2832 est
983 2812 1026 2832 res
1041 2813 1143 2832 omncs.

830 2846 946 2885 'r't2
