1844 3202
318 100 396 136 0'52
853 96 930 133 DE
967 95 1228 134 LEGIBUS

316 213 484 261 gratam
505 218 596 246 esse
622 203 719 256 deo,
741 212 929 246 sumtum
955 218 1045 245 esse
1070 202 1383 245 removendum.
1411 201 1513 259 quid
1537 209 1602 256 est
1625 203 1752 257 enim,

317 276 415 302 cum
447 270 735 317 paupertatem
766 260 919 302 divitiis
948 261 1073 301 etiam
1097 261 1204 301 inter
1221 260 1411 301 homines
1432 274 1523 301 esse
1545 261 1752 316 aequalem

316 317 507 368 velimus,
521 332 596 358 cur
613 332 721 368 eam,
739 327 883 359 sumtu
901 316 954 357 ad
973 331 1090 357 sacra
1108 316 1265 367 addito,
1279 316 1455 357 deorum
1477 315 1594 358 aditu
1610 331 1752 358 arcea-

315 388 411 415 mus
430 376 444 415 ?
478 374 709 430 praesertim
730 388 827 414 cum
861 372 940 427 ipsi
973 372 1052 413 deo
1087 372 1191 413 nihil
1210 373 1347 413 minus
1367 382 1537 428 gratum
1559 373 1750 415 futurum

313 430 382 481 sit,
402 445 527 487 quam
549 445 633 471 non
654 430 850 471 omnibus
872 437 1014 483 patere
1033 429 1086 469 ad
1107 442 1151 469 se
1178 428 1429 483 placandum
1453 438 1496 470 et
1523 429 1750 472 colendum

313 487 436 528 viam.
495 486 623 543 Quod
644 495 785 527 autem
817 493 856 522 7⁹
876 500 960 525 non
984 484 1132 541 judex,
1152 484 1224 525 sed
1244 485 1349 525 deus
1369 486 1457 540 ipse
1479 485 1626 526 vindex
1647 500 1749 527 con-

313 544 502 585 stituitur
519 558 531 594 ;
563 542 779 598 praesentis
808 556 945 597 poenae
977 550 1095 582 metu
1125 540 1275 596 religio
1306 541 1542 582 confirmari
1573 542 1748 584 videtur.

313 600 508 655 Suosque
538 599 655 649 deos,
684 608 757 640 aut
787 612 930 649 novos,
950 606 1022 638 aut
1052 597 1306 652 alienigenas
1336 597 1434 648 coli,
1456 597 1747 639 confusionem

312 656 441 697 habet
472 655 741 711 religionum,
762 663 804 696 et
835 663 875 686 8⁰
890 655 1058 710 ignotas
1089 653 1350 694 caerimonias
1378 654 1530 694 nostris
1551 653 1746 695 sacerdo-

248 716 301 754 26
313 713 440 754 tibus.
470 727 566 753 nam
595 727 619 752 a
647 711 836 766 patribus
864 719 1059 766 acceptos
1087 710 1203 761 deos,
1231 710 1289 750 ita
1317 709 1455 765 placet
1474 710 1571 760 coli,
1593 711 1626 751 si
1647 710 1746 752 huic

309 768 396 824 legi
418 769 631 824 paruerint
651 768 744 824 ipsi.
805 776 840 800 8¹
866 769 1035 808 l'atrum
1064 767 1238 808 delubra
1265 781 1354 807 esse
1382 766 1424 807 in
1448 766 1623 808 urbibus
1647 782 1746 808 cen·

309 840 408 867 seo:
441 840 516 866 nec
545 840 699 881 sequor
728 839 878 881 magos
902 825 1148 873 Persarum3
1179 823 1332 879 quibus
1361 823 1603 864 auctoribus
1633 824 1743 865 Xer-

307 896 380 923 xes
402 882 681 922 inflammasse
701 881 863 936 templa
889 880 1067 921 Graeciae
1089 879 1256 929 dicitur,
1278 879 1395 935 quod
1426 879 1653 935 parietibus
1678 881 1743 921 in·-

307 937 526 979 eluderent
555 937 672 988 deos,
703 938 857 993 quibus
888 937 1030 977 omnia
1059 935 1259 977 deberent
1288 950 1379 976 esse
1409 935 1596 991 patentia
1621 951 1669 977 ac
1690 936 1741 977 li-

306 994 422 1044 bera,
455 1007 722 1049 quorumque
755 993 823 1034 hic
856 993 1039 1033 mundus
1063 993 1200 1032 omnis
1225 992 1431 1047 templum
1453 1001 1577 1043 esset,
1598 1002 1639 1033 et
1659 992 1739 1034 do-

226 1048 288 1094 11
308 1064 416 1091 mus.
476 1050 636 1090 Melius
666 1049 807 1090 Graeei
836 1057 963 1104 atque
993 1049 1149 1089 nostri:
1181 1048 1269 1103 qui,
1298 1058 1346 1088 ut
1375 1058 1580 1103 augerent
1605 1049 1738 1104 pieta-

307 1115 395 1148 tem
426 1106 468 1147 in
490 1106 607 1157 deos,
637 1105 806 1147 easdem
835 1104 945 1156 illos,
976 1118 1078 1161 quas
1109 1118 1200 1154 nos,
1230 1104 1355 1145 urbes
1384 1104 1568 1145 incolere
1595 1105 1740 1146 volue—

307 1172 419 1204 runt.
449 1163 569 1204 affert
597 1162 708 1202 enim
740 1162 832 1203 haec
861 1162 1005 1216 opinio
1035 1160 1281 1216 religionem
1306 1160 1450 1201 utilem
1471 1161 1738 1203 civitatibus:

306 1219 512 1276 siquidem
544 1228 587 1260 et
615 1218 719 1259 illud
749 1219 856 1259 bene
885 1218 1046 1258 dictum
1077 1227 1140 1258 est
1161 1232 1186 1257 a
1216 1216 1471 1273 Pythagora,
1492 1217 1738 1259 doctissimo

174 1291 206 1323 p·
222 1277 407 1327 175·viro,
427 1285 519 1317 tum
549 1275 746 1325 maxime,
767 1284 809 1315 et
835 1274 1051 1330 pietatem,
1071 1283 1114 1315 et
1144 1273 1392 1328 religionem
1416 1274 1566 1314 versari
1586 1275 1627 1315 in
1647 1275 1736 1315 ani-

264 1333 402 1384 ²-mis,
422 1347 519 1374 cum
545 1332 670 1373 rebus
703 1331 849 1373 divinis
876 1345 1046 1386 operam
1074 1329 1283 1371 daremus.
1315 1339 1352 1361 δὲ
1370 1338 1412 1370 et
1432 1330 1550 1385 quod
1567 1330 1737 1383 Thales,

304 1390 377 1446 qui
404 1389 735 1445 sapientissimus
760 1388 802 1429 in
829 1397 991 1443 septem
1023 1387 1117 1438 fuit,
1140 1386 1332 1427 homines
1352 1386 1588 1428 existimare
1608 1401 1736 1442 opor-

301 1455 405 1498 tere,
426 1446 568 1487 omnia
587 1460 681 1501 quae
703 1453 982 1495 cernerentur,
1012 1443 1188 1484 deorum
1216 1457 1307 1483 esse
1328 1443 1451 1498 plena
1470 1460 1479 1484 :
1511 1443 1600 1484 fore
1620 1444 1733 1484 enim

300 1517 447 1544 omnes
468 1502 681 1553 castiores,
702 1500 828 1542 veluti
850 1501 921 1557 qui
946 1500 989 1541 in
1018 1500 1124 1541 fanis
1151 1508 1289 1540 essent
1309 1499 1490 1540 maxime
1511 1500 1734 1556 religiosis.

300 1569 364 1601 est
385 1559 496 1601 enim
517 1559 697 1615 quadam
729 1557 927 1613 opinione
949 1557 1106 1612 species
1126 1556 1300 1597 deorum
1323 1556 1361 1596 in
1384 1556 1534 1607 oculis,
1557 1572 1640 1597 non
1662 1571 1732 1598 so-

237 1631 286 1672 27
299 1616 387 1657 lum
405 1617 448 1658 in
465 1616 690 1657 mentibus.
735 1614 1027 1669 Eamdemque
1041 1613 1246 1654 rationem
1264 1612 1347 1653 luci
1367 1612 1525 1654 habent
1544 1613 1585 1653 in
1603 1614 1732 1668 agris.

296 1674 451 1729 Neque
480 1686 542 1723 ea,
563 1687 656 1728 quae
687 1685 711 1712 a
740 1671 971 1727 majoribus
1002 1669 1167 1725 prodita
1196 1677 1259 1710 est
1289 1684 1384 1710 cum
1417 1669 1612 1719 dominis,
1637 1681 1729 1711 turn

295 1730 478 1780 famulis,
499 1731 636 1784 posita
664 1729 706 1769 in
736 1728 856 1769 fundi
888 1727 1077 1782 villaeque
1108 1735 1352 1781 conspectu,
1375 1725 1525 1780 religio
1554 1727 1728 1777 Larum,

294 1785 554 1842 repudianda
582 1795 658 1826 est.
717 1785 812 1826 Jain
844 1784 946 1824 ritus
976 1782 1160 1832 familiae,
1192 1792 1443 1837 patrumque
1480 1797 1655 1832 servare,
1686 1783 1729 1824 id

293 1854 359 1885 est
402 1843 616 1899 (quoniam
657 1841 883 1896 antiquitas
920 1840 1106 1895 proxime
1138 1839 1302 1880 accedit
1337 1840 1389 1879 ad
1427 1838 1545 1891 deos)
1587 1854 1611 1879 a
1648 1838 1727 1880 diis

294 1901 412 1955 quasi
431 1900 625 1942 traditam
656 1898 900 1953 religionem
934 1896 1055 1937 tueri.
1115 1895 1246 1938 Quod
1267 1904 1408 1936 antem
1431 1910 1482 1936 ex
1502 1895 1724 1937 hominum

289 1970 445 2011 genere
475 1964 755 2004 consecratOS,
784 1953 890 1994 sicut
923 1953 1170 2002 Herculem,
1192 1960 1233 1992 et
1263 1963 1440 2000 ceteros,
1460 1951 1542 1991 coli
1572 1951 1724 2007 lexju-

290 2014 377 2064 bet,
406 2012 561 2054 indicat
586 2011 777 2052 oninium
803 2008 974 2065 quidem
1001 2009 1162 2049 animos
1190 2008 1446 2049 immortales
1467 2021 1572 2058 esse,
1595 2016 1632 2040 8³
1649 2008 1724 2050 sed

1027 2132 1088 2152 nus
1119 2122 1223 2161 reponi
1250 2132 1305 2161 pro
1333 2122 1456 2150 Parrum
1480 2120 1614 2151 volebat.
1644 2131 1722 2153 nam

1028 2166 1102 2195 Deos
1124 2166 1222 2195 dictos
1245 2174 1309 2195 esse
1335 2165 1449 2199 Patres,
1470 2172 1597 2194 auctore
1613 2164 1720 2195 Servio

1026 2210 1063 2238 ad
1088 2208 1268 2248 Virgilium.
1313 2207 1373 2236 Sed
1399 2208 1452 2238 ille
1479 2215 1605 2237 tantum
1631 2216 1722 2238 com·

331 2132 371 2162 79
393 2125 558 2166 nonjudex,
575 2124 624 2154 sed
645 2125 709 2154 deus
722 2124 779 2164 ipse
795 2121 982 2162 ·vinde.x·]ju-

286 2170 342 2199 dex
357 2176 402 2199 est
418 2171 530 2206 homo,
547 2170 600 2198 cui
624 2168 692 2207 lege
711 2168 879 2198 mandatur
898 2167 983 2204 judi-

286 2215 387 2243 cium.
403 2212 500 2242 talem
524 2222 589 2242 non
613 2211 776 2242 constituit
792 2210 842 2240 lex
858 2209 983 2239 Cicero-

286 2257 346 2287 nis.
393 2256 533 2286 Ouidam
557 2255 624 2284 libri
649 2254 768 2284 addunt
783 2253 918 2283 verbum
934 2252 982 2281 lto-

285 2310 346 2329 mo:
369 2300 422 2329 sed
447 2308 510 2329 non
535 2298 747 2328 necessarium
768 2303 845 2333 erat,
859 2305 878 2325 a
893 2295 982 2325 Cice-

284 2352 360 2373 rone
375 2342 458 2372 addi.
911 2348 921 2361 t

329 2392 370 2416 80
393 2385 504 2424 ignotas
527 2383 715 2412 carimonias.
760 2382 826 2411 Non
848 2392 867 2409 α
887 2392 980 2411 saeer-

283 2428 407 2464 dotibus,
432 2439 483 2456 non
507 2439 524 2455 a
546 2426 882 2465 patribus—paruerunt
907 2422 977 2463 ipsi]

285 2472 365 2502 Haec
381 2477 525 2509 corrupta
547 2479 614 2500 esse
630 2469 720 2499 facile
737 2467 932 2506 intelligitur,
948 2475 979 2497 et

284 2515 465 2544 intellexere
488 2514 542 2542 viri
559 2513 653 2542 docti.
699 2511 825 2541 Correxi
841 2520 881 2540 ex
898 2510 977 2540 Mss.

284 2565 355 2588 tum
379 2557 447 2587 aliis
470 2557 552 2595 apud
577 2555 757 2591 Davisium,
775 2560 843 2583 tum
869 2553 976 2583 Guelf.

283 2609 313 2631 et
336 2601 405 2631 edd.
429 2600 549 2639 primis,
572 2599 603 2628 in
627 2599 743 2637 quibus
764 2604 831 2627 est:
858 2597 936 2625 Nam
959 2608 976 2624 a

279 2644 414 2683 parribus
427 2650 457 2672 et
480 2643 510 2672 in
536 2641 598 2672 fine
616 2640 781 2680 paruerint.
826 2639 872 2668 Ex
889 2649 942 2668 non
957 2650 977 2667 a

281 2686 470 2716 sacerdotibus
492 2685 551 2716 feci
574 2684 675 2714 nostris
698 2694 754 2712 sac.
778 2691 817 2712 ex
841 2682 976 2711 lectione

281 2730 469 2760 eorumdem
491 2728 657 2763 librorum,
681 2727 735 2765 qui
759 2726 877 2754 habent
899 2735 975 2753 nosse

282 2772 481 2802 sacerdotibus.
525 2771 571 2801 Ita
585 2771 695 2800 omnia
709 2774 784 2799 sunt
798 2768 903 2807 plana.

328 2822 362 2844 81
393 2815 512 2843 Parrum
535 2814 564 2841 d.
589 2824 644 2842 esse
668 2813 697 2841 iti
722 2823 751 2842 u.
780 2809 886 2848 censeo]
913 2810 974 2839 Pa-

282 2864 358 2887 rrum
377 2856 558 2896 intelligunt
581 2857 720 2892 Deorum,
737 2854 823 2894 quod
848 2853 975 2883 Lambi-

1027 2261 1126 2281 mune
1156 2251 1299 2281 Deorum
1329 2252 1508 2289 epithetum
1537 2260 1603 2280 esse
1632 2251 1719 2281 dicit.

1024 2294 1129 2332 Vulgo
1155 2301 1186 2324 et
1211 2295 1242 2323 in
1273 2294 1416 2333 precibus
1440 2293 1544 2323 Patres
1568 2302 1622 2332 pro
1650 2293 1720 2325 Diis

1023 2339 1097 2373 dici,
1115 2347 1180 2367 non
1198 2337 1306 2376 reperi.
1351 2338 1460 2375 ltaque
1479 2337 1527 2365 sic
1550 2336 1654 2375 potius
1671 2336 1720 2367 in-

1022 2381 1147 2420 telligo:
1171 2380 1303 2411 delubra
1325 2388 1343 2408 a
1371 2379 1543 2416 majoribus
1575 2380 1718 2410 instituta

1022 2425 1054 2453 in
1085 2423 1216 2453 urbibus
1239 2422 1351 2453 servari
1375 2423 1486 2451 debere
1508 2431 1633 2452 censeo.
1678 2423 1716 2453 ln

1021 2476 1108 2505 seqq.
1124 2467 1162 2496 de
1179 2466 1258 2496 lucis
1273 2465 1385 2504 pariter
1401 2466 1518 2504 majores
1533 2472 1619 2494 sunt.

1065 2516 1103 2539 82
1127 2516 1155 2538 et
1164 2508 1238 2550 quod
1254 2506 1365 2545 Thales]
1387 2508 1447 2537 lnt.
1461 2507 1551 2543 dixit,
1565 2517 1582 2536 e
1597 2507 1715 2546 superi·

1020 2553 1126 2582 oribus
1141 2564 1160 2581 a
1178 2551 1341 2591 Pythagora
1363 2550 1471 2579 dictum
1487 2558 1538 2580 est.
1554 2551 1646 2588 quus
1662 2559 1715 2588 ge-

1021 2595 1101 2625 neris
1117 2601 1148 2624 et
1163 2594 1223 2624 alia
1238 2593 1385 2632 exempla
1402 2600 1486 2623 sunt.
1505 2594 1566 2623 hoc
1583 2592 1712 2630 melius,

1019 2647 1118 2677 quam
1140 2638 1225 2677 quod
1242 2637 1370 2667 Davisio
1385 2636 1498 2675 placet,
1516 2645 1593 2666 mox
1606 2636 1711 2674 legen·

1018 2682 1099 2711 dum
1128 2690 1194 2711 esse
1216 2679 1403 2715 existimarit,
1429 2686 1464 2709 ut
1488 2679 1518 2708 id
1547 2679 1585 2708 ad
1610 2677 1712 2707 Thales

1017 2724 1188 2760 referatur3
1213 2732 1289 2753 nam
1319 2723 1445 2753 deberet
1471 2730 1538 2752 esse
1561 2720 1711 2752 existima-

1017 2774 1077 2798 vlt.

1061 2815 1099 2840 83
1123 2807 1173 2838 sed
1180 2806 1323 2849 fiat-tium]
1350 2807 1400 2836 sed
1412 2807 1498 2837 abest
1512 2815 1531 2836 a
1546 2807 1625 2837 Mss.
1639 2806 1711 2845 qui-

1018 2853 1165 2889 busdam,
1181 2851 1357 2891 delevitque
1373 2851 1520 2881 Davisius
1536 2859 1601 2881 non
1616 2849 1715 2886 male.
