1844 3202
608 108 686 147 DE
722 107 1095 148 SENECTUTE.
1493 120 1564 154 811

146 215 424 273 quadraginta
443 214 539 257 anni
559 215 850 257 interfuerunt.
871 215 1012 271 itaque
1031 223 1237 272 quantum
1257 218 1439 272 spatium
1468 229 1568 263 aeta-

146 276 198 315 tis
219 274 399 329 majores
418 271 546 313 nostri
565 271 619 312 ad
634 272 860 313 senectutis
881 271 1048 313 initium
1067 285 1158 312 esse
1176 271 1413 325 voluerunt,
1428 285 1570 319 tantus

146 328 205 370 illi
226 344 373 370 cursus
404 329 612 369 honorum
641 327 735 369 fuit.
758 338 884 384 atque
904 327 994 384 ejus
1017 337 1202 368 extrema
1228 337 1327 369 aetas
1357 330 1438 371 hoc
1469 333 1568 374 bea-

146 385 242 435 tior,
260 400 386 441 quam
403 383 555 433 media,
573 383 688 438 quod
705 384 964 426 auctoritatis
982 383 1076 440 plus
1092 383 1291 434 habebat,
1307 384 1458 426 laboris
1475 404 1568 430 vero

145 442 296 483 minus.
356 441 394 480 A
428 453 477 480 ex
498 448 640 480 autem
660 440 884 482 senectutis
909 449 974 481 est
1003 441 1243 481 auctoritas.
1301 442 1470 497 Quanta
1491 445 1570 486 fuit
1581 450 1625 486 61

147 497 188 538 in
209 499 258 538 L.
283 454 456 537 Caeciiio
482 495 664 537 Metello
687 497 700 536 ?
733 506 888 552 quanta
906 496 947 537 in
968 496 1102 537 Atilio
1123 496 1348 538 Calatino?
1380 498 1421 538 in
1443 514 1567 555 quem

144 552 250 594 illud
267 552 455 607 elogium
478 552 673 594 unicum:
703 567 946 594 nunnus
972 566 1332 594 CONSENTIUNT
1359 568 1571 608 GENTEs,

148 622 327 650 popum
362 621 668 649 PRIMARIUM
707 623 880 650 FurssE
913 622 1101 650 VIRUM.
1137 618 1177 643 49
1197 620 1345 651 notum
1383 621 1447 652 est
1484 627 1574 654 car-

146 680 258 715 men,
279 664 455 705 incisum
476 664 518 705 in
540 665 747 720 sepulcro.
806 666 907 706 Jure
926 665 1058 720 igitur
1081 666 1232 721 gravis,
1260 667 1379 723 cujus
1405 667 1457 708 de
1482 669 1573 710 lau-

147 719 269 762 dibus
308 720 498 762 omnium
540 731 648 762 esset
687 722 799 762 fama
838 721 1116 762 consentiens.
1176 723 1315 778 Quem
1357 724 1486 765 virum
1529 727 1573 767 P.

148 777 364 827 Crassum,
383 791 515 832 nuper
535 777 777 832 pontificem
803 779 1048 828 maximum,
1067 792 1193 834 quem
1219 790 1364 834 postea
1393 781 1459 822 M.
1491 783 1574 823 Le-

144 833 289 890 pidum
308 833 458 874 eodem
479 833 713 874 sacerdotio
729 834 968 888 praeditum,
982 833 1183 876 vidimus?
1207 835 1323 892 Quid
1338 836 1390 877 de
1415 838 1575 891 Paullo,

143 900 217 931 aut
243 890 444 931 Africano
474 889 653 945 loquar?
685 898 772 940 aut,
798 899 845 931 ut
867 890 958 947 jam
990 899 1102 942 ante,
1127 891 1180 932 de
1210 892 1434 934 Maximo?
1467 910 1574 951 quo-

145 962 238 988 rum
261 960 344 987 non
364 945 406 987 in
428 946 632 987 sententia
652 946 806 998 solum,
829 947 900 988 sed
920 947 1045 988 etiam
1067 948 1109 988 in
1136 956 1241 990 nutu
1266 949 1474 991 residebat
1499 967 1575 993 au-

143 1003 332 1044 ctoritas.
391 1002 535 1043 Habet
566 1011 771 1053 senectuS,
800 1003 1005 1045 honorata
1032 1005 1279 1059 praesertim,
1307 1015 1466 1048 tantam
1497 1023 1572 1050 au-

144 1059 400 1109 ctoritatem,
419 1067 467 1099 ut
492 1072 540 1099 ea
568 1059 699 1114 pluris
728 1060 795 1110 sit,
816 1075 941 1116 quam
971 1075 1116 1101 omnes
1144 1061 1435 1104 adolescentiae
1457 1065 1573 1106 volu-

145 1125 295 1171 ptates.
356 1115 441 1156 Sed
470 1115 512 1155 in
544 1116 660 1156 omni
681 1116 882 1167 oratione,
903 1126 1176 1169 mementote,
1198 1133 1290 1160 eam
1311 1134 1380 1160 me
1403 1120 1573 1162 laudare
1592 1127 1656 1175 18

146 1180 422 1222 senectutem,
450 1179 489 1203 ⁵0
502 1186 596 1226 quae
622 1171 906 1214 fundamentis
935 1173 1227 1215 adolescentiae
1253 1176 1481 1218 constituta
1505 1178 1571 1219 sit.
1584 1196 1635 1232 62

143 1242 193 1269 ex
221 1242 306 1283 quo
336 1227 378 1269 id
403 1227 593 1278 efficitur,
620 1227 752 1283 (quod
773 1243 856 1284 ego
875 1243 1033 1285 magno
1053 1230 1266 1286 quondam
1283 1246 1380 1273 cum
1400 1247 1573 1276 assensu

144 1284 338 1325 omnium
367 1283 452 1325 dixi
470 1286 497 1336 z)
531 1284 736 1325 Miseram
766 1299 856 1326 esse
886 1295 1159 1338 senectutem,
1187 1303 1281 1344 quae
1313 1303 1357 1329 se
1386 1291 1575 1332 oratione

142 1340 401 1393 defenderet.
432 1355 517 1381 non
545 1340 654 1391 cani,
682 1355 767 1382 non
802 1356 919 1398 rugae
946 1352 1115 1398 repente
1145 1345 1437 1387 auctoritatem
1471 1347 1574 1388 arri-

143 1411 246 1453 pere
266 1407 472 1453 possunt:
504 1397 577 1438 sed
605 1396 780 1438 honeste
805 1408 898 1440 acta
925 1399 1113 1455 superior
1139 1410 1240 1441 aetas
1270 1402 1432 1444 fructus
1463 1405 1575 1459 capit

146 1453 408 1495 auctoritatis
448 1462 672 1495 extremos,
732 1455 839 1496 Haec
879 1455 991 1496 enim
1030 1456 1120 1511 ipsa
1158 1467 1257 1499 sunt
1296 1457 1572 1512 honorabilia,
1585 1467 1635 1504 63

144 1525 240 1565 quae
260 1509 451 1551 videntur
479 1509 597 1560 levia,
622 1519 748 1566 atque
773 1511 1028 1563 communia,
1058 1512 1244 1564 salutari,
1264 1516 1419 1570 appeti,
1450 1516 1572 1558 dece-

143 1567 200 1618 di,
222 1566 398 1621 assurgi,
425 1565 591 1617 deduci,
611 1566 769 1618 reduci,
789 1567 981 1609 consuli:
1013 1584 1106 1624 quae
1134 1579 1178 1610 et
1206 1570 1318 1625 apud
1348 1587 1440 1623 nos,
1462 1581 1505 1614 et
1532 1574 1573 1614 in

143 1623 233 1664 aliis
255 1622 506 1673 civitatibus,
526 1631 574 1663 ut
594 1638 772 1679 quaeque
791 1624 951 1679 optime
971 1633 1148 1676 morata,
1168 1626 1225 1666 ita
1253 1626 1574 1683 diligentissime

144 1680 432 1721 observantur.
471 1679 739 1735 Lysandrum
761 1680 1148 1732 Lacedaemonium,
1166 1682 1286 1738 cujus
1306 1684 1434 1726 modo
1454 1701 1573 1727 men·
1585 1698 1621 1729 b.

141 1731 305 1777 'tionem
336 1735 432 1786 feci,
457 1734 595 1776 dicere
622 1735 739 1776 aiunt
769 1736 957 1788 solitum,
987 1737 1292 1780 Lacedaemone
1322 1755 1411 1782 esse
1442 1742 1574 1784 hone-

145 1792 376 1833 stissimum
405 1791 669 1833 domicilium
690 1793 930 1834 senectutis.
951 1809 1158 1850 nusquam
1178 1795 1290 1837 enim
1314 1805 1479 1840 tantum
1499 1799 1573 1841 tri-

144 1844 291 1890 buitur
324 1847 452 1897 aetati,
483 1863 689 1904 nusquam
718 1857 782 1889 est
807 1859 998 1892 senectus
1026 1850 1283 1894 honoratior.
1315 1854 1415 1909 quin
1446 1856 1572 1898 etiam

145 1904 363 1946 memoriae
388 1903 601 1960 proditum
622 1914 701 1956 est,
720 1919 818 1946 cum
838 1906 1031 1957 Athenis,
1054 1906 1178 1959 ludis,
1201 1908 1371 1964 quidam
1391 1911 1435 1952 in
1455 1911 1574 1954 thea-

142 1968 258 2003 trum
289 1960 459 2016 grandis
493 1969 593 2002 natu
613 1962 806 2013 venisset,
832 1962 874 2002 in
902 1978 1058 2019 magno
1085 1978 1286 2007 consessu
1308 1966 1453 2009 locum
1483 1969 1523 2010 ei
1549 1984 1577 2010 a

146 2017 232 2059 suis
251 2017 411 2058 civibus
432 2032 637 2073 nusquam
660 2018 804 2059 datum
823 2035 832 2059 :
865 2033 962 2060 cum
981 2029 1122 2062 autem
1147 2021 1200 2062 ad
1230 2023 1576 2068 Lacedaemonios

143 2074 401 2125 accessisset,
422 2074 494 2129 qui
522 2074 652 2130 legati
672 2089 768 2116 cum
791 2085 944 2125 essent,
962 2076 1005 2117 in
1033 2077 1130 2118 loco
1149 2087 1266 2119 certo
1286 2080 1575 2134 consederant,

145 2127 453 2172 consurrexisse
474 2145 634 2182 omneS,
656 2141 700 2173 et
718 2146 859 2172 senem
878 2132 999 2174 illum
1020 2147 1179 2175 sessum
1200 2136 1418 2191 recepisse.
1467 2139 1574 2195 Qui·
1585 2148 1637 2187 64

142 2186 225 2241 bus
253 2201 352 2228 cum
382 2201 407 2228 a
435 2196 819 2242 cunctoconsessu
848 2189 1019 2244 plausus
1049 2200 1158 2232 esset
1187 2192 1406 2248 multiplex
1436 2194 1574 2247 datus,

146 2242 300 2284 dixisse
320 2258 371 2284 ex
394 2241 443 2285 iis
469 2243 696 2299 quendam,
716 2245 994 2287 Athenienses
1022 2247 1141 2298 scire,
1161 2263 1256 2304 quae
1282 2259 1398 2291 recta
1421 2251 1574 2304 essent,

144 2295 220 2340 sed
249 2300 385 2341 facere
418 2300 546 2341 nolle.
605 2301 749 2342 Multa
781 2301 822 2342 in
853 2311 1000 2344 nostro
1032 2304 1215 2360 collegio
1242 2306 1469 2361 praeclara:
1500 2309 1574 2350 sed

145 2354 243 2406 hoc,
262 2355 316 2397 de
336 2371 422 2412 quo
443 2356 625 2413 agimus,
646 2357 849 2413 inprimiS,
870 2359 999 2414 quod,
1020 2369 1068 2401 ut
1093 2362 1270 2417 quisque
1294 2371 1328 2395 ⁵¹
1349 2373 1472 2406 aetate
1499 2380 1574 2406 an-

145 2411 316 2462 tecedit,
338 2412 396 2453 ita
426 2412 644 2454 sententiae
674 2413 954 2470 principatum
986 2425 1129 2459 tenet:
1162 2433 1296 2475 neque
1325 2421 1463 2462 solum
1493 2421 1575 2463 ho-

146 2482 247 2509 nore
277 2469 634 2522 antecedentibus,
664 2470 738 2512 sed
766 2471 815 2512 iis
845 2471 987 2523 etiam,
1017 2474 1090 2529 qui
1118 2489 1216 2516 cum
1247 2476 1427 2532 imperio
1462 2486 1575 2530 sunt,

190 2588 232 2615 49
254 2587 350 2611 notum
375 2588 415 2611 est
444 2588 532 2612 totum
561 2581 690 2624 carmen]
727 2583 838 2614 Deleri
925 2593 964 2617 50
987 2597 1053 2628 quae
1064 2586 1158 2627 fund.
1180 2587 1254 2619 adol.
1275 2588 1428 2618 constituta
1445 2588 1498 2631 sit]
1523 2590 1575 2621 Sc.

146 2632 223 2654 cum
247 2625 374 2655 Graevio
395 2631 493 2655 totum.
517 2635 594 2656 nam
615 2634 663 2658 est
684 2626 838 2657 alienum.
881 2628 990 2659 honeste
1004 2636 1090 2666 actae,
1107 2637 1143 2661 ut
1158 2638 1228 2670 post
1242 2633 1294 2662 ait.

142 2677 260 2697 carmen
275 2667 420 2706 intelligit
441 2667 495 2697 illa
508 2669 614 2706 verba,
630 2679 702 2710 quae
724 2679 840 2709 praeee-
927 2679 962 2703 31
988 2679 1076 2702 aetate
1090 2673 1250 2713 antecellit]
1275 2674 1409 2704 Ursinus
1433 2675 1464 2704 in
1488 2675 1575 2706 libris

146 2710 248 2740 dunt:
271 2719 368 2749 quare
399 2711 452 2740 hic
477 2711 607 2742 addatur
633 2711 751 2743 totum?
774 2714 840 2743 ine·
881 2720 957 2744 vett.
991 2716 1103 2755 reperit
1131 2716 1284 2747 antecedit.
1341 2717 1394 2747 Sic
1422 2724 1453 2746 et
1481 2718 1576 2749 edidit

146 2759 239 2791 ptum
253 2759 311 2789 est,
328 2752 479 2792 abestque
494 2760 524 2783 et
539 2763 558 2784 a
573 2754 665 2785 bonis
679 2754 778 2793 libris,
793 2763 839 2786 et-
883 2756 1038 2789 Graevius.
1063 2758 1154 2790 bene.
1198 2759 1250 2790 Sic
1272 2766 1303 2790 et
1319 2759 1389 2790 edd.
1412 2759 1480 2791 Col.
1505 2761 1577 2792 Me-

146 2795 210 2824 iam
225 2795 275 2826 ed.
289 2795 402 2826 Colon.
416 2803 448 2826 at
464 2797 496 2826 in
512 2797 562 2830 ed.
577 2797 671 2829 Rom.
686 2804 733 2829 est
743 2799 839 2830 etiam
881 2799 959 2831 diol.

144 2831 236 2877 =tofum
251 2837 310 2878 ejus
325 2849 448 2869 carmen.
