1844 3202
608 155 1026 198 CONSULATUS.
1449 159 1521 197 861

96 279 139 312 et
160 269 339 312 maxime
360 266 658 311 consularium.
721 264 909 314 Prodest,
929 277 1111 319 quorum
1132 262 1174 303 in
1204 263 1345 304 locum
1367 279 1414 306 ac
1445 280 1521 307 nu-

92 341 254 368 merum
284 325 500 382 pervenire
528 322 643 372 velis,
678 322 732 364 ab
772 321 835 361 his
875 320 975 375 ipsis
1008 319 1082 359 illo
1119 318 1217 360 loco
1257 334 1305 360 ac
1347 336 1523 363 numero

92 383 270 438 dignum
291 382 440 438 putari.
500 379 559 420 Hi
581 378 757 434 rogandi
779 390 923 418 omnes
943 384 1038 417 sunt
1058 374 1294 430 diligenter,
1313 386 1355 416 et
1377 377 1429 417 ad
1449 392 1522 418 eos

90 438 360 494 allegandum
371 453 384 487 3
414 435 838 492 persuadendumque
858 441 922 473 est
941 433 1005 482 iis,
1027 446 1104 472 nos
1124 445 1290 487 semper
1314 445 1411 472 cum
1446 447 1522 487 op-

90 494 307 535 timatibus
328 492 380 533 de
401 491 616 548 republica
636 491 824 540 sensisse,
847 489 1019 529 minime
1044 487 1268 543 populares
1298 487 1425 529 fuisse
1445 505 1454 529 :
1486 489 1519 529 si

118 549 189 591 uid
215 549 347 590 locuti
377 548 648 604 populariter,
678 547 719 588 id
751 561 825 587 nos
853 560 904 586 eo
929 544 1105 587 consilio
1130 544 1292 595 fecisse,
1321 553 1369 585 ut
1399 545 1520 585 nobis

88 565 170 646 gn.
204 605 452 660 Pompeium
479 604 819 661 adjungeremus,
839 610 887 642 ut
915 616 1035 652 eum,
1052 600 1124 656 qui
1155 601 1384 656 plurimum
1418 615 1519 656 pos-

85 669 162 712 set,
184 670 256 703 aut
276 662 461 702 amicum
478 662 518 701 in
544 670 683 701 nostra
703 659 906 713 petitione
925 658 1189 707 haberemus,
1208 667 1281 698 aut
1302 667 1415 698 certe
1435 671 1519 698 non

86 718 381 759 adversarium.
442 718 646 758 Praeterea
665 715 951 757 adolescentes
973 713 1149 763 nobiles,
1171 713 1354 763 elabora,
1374 721 1422 754 ut
1446 713 1521 754 ha-

82 774 198 825 beas,
218 774 282 815 vel
307 783 354 815 ut
381 782 536 824 teneas,
559 772 769 813 studiosos
799 771 861 811 tui
892 785 998 825 quos
1029 769 1171 811 habes.
1232 770 1422 811 Multum
1455 769 1519 810 di-

83 830 257 886 gnitatis
289 831 477 871 afferent.
539 828 745 869 Plurimos
772 827 928 868 habes:
959 826 1125 882 perfice,
1146 835 1194 866 ut
1219 826 1365 877 sciant,
1385 841 1520 882 quan-

86 896 179 928 tum
201 886 242 927 in
264 886 328 927 his
351 895 471 941 putes
493 899 598 926 esse.
620 885 654 926 si
673 883 908 934 adduxeris,
929 892 976 924 ut
998 883 1040 933 ii,
1063 883 1133 938 qui
1156 897 1239 923 non
1260 883 1424 934 nolunt,
1444 897 1519 924 cu-

84 942 216 998 piant,
245 942 477 998 plurimum
514 941 759 997 proderunt.
818 940 885 981 Ac
916 939 1099 981 multum
1130 940 1255 981 etiam
1287 935 1563 983 novitatem2

83 1007 200 1039 tuam
231 999 414 1056 adjuvat,
440 997 554 1054 quod
579 996 788 1052 ejusmodi
821 996 983 1037 nobiles
1015 1004 1155 1037 tecum
1184 1004 1349 1050 petunt,
1369 1004 1418 1038 ut
1445 1011 1518 1037 ne-

85 1069 157 1096 mo
184 1055 252 1106 sit,
284 1056 356 1111 qui
387 1056 539 1096 audeat
567 1054 719 1104 dicere,
740 1053 835 1108 plus
864 1053 944 1093 illis
979 1052 1258 1103 nobilitatem,
1282 1068 1408 1109 quam
1440 1053 1520 1096 tibi

81 1111 279 1152 virtutem
317 1111 516 1167 prodesse
546 1120 754 1166 oportere.
813 1110 909 1150 Jam
943 1110 985 1149 P.
1019 1109 1216 1160 Galbam,
1248 1119 1290 1150 et
1328 1111 1378 1150 L.
1413 1109 1520 1150 Cas-

81 1167 207 1218 sium,
238 1182 406 1208 summo
440 1167 537 1209 loco
569 1177 704 1218 natos,
736 1165 828 1222 quis
862 1174 940 1215 est,
973 1165 1045 1220 qui
1078 1174 1220 1219 petere
1251 1165 1520 1207 consulatum

81 1225 236 1279 putet?
279 1224 392 1264 vides
422 1224 554 1279 igitur
584 1222 853 1278 amplissimis
883 1236 934 1262 ex
963 1221 1132 1262 familiis
1163 1221 1371 1273 homines,
1404 1221 1521 1278 quod

81 1279 169 1320 sine
200 1280 333 1321 nervis
363 1280 459 1329 sint,
490 1279 566 1320 tibi
597 1294 715 1334 pares
747 1293 830 1319 non
861 1292 964 1318 esse.
1023 1280 1086 1318 At
1114 1278 1329 1319 Antonius
1359 1287 1402 1320 et
1433 1278 1518 1319 Ca-

80 1335 200 1377 tilina
233 1336 404 1377 molesti
442 1346 553 1377 sunt.
615 1337 753 1376 Immo
787 1334 950 1375 homini
986 1349 1109 1385 nov0,
1144 1334 1364 1386 industrio,
1397 1335 1651 1387 inno-p.206.

81 1393 208 1442 centi,
238 1392 410 1444 diserto,
440 1393 630 1448 gratioso
660 1391 772 1447 apud
802 1405 890 1441 eos,
917 1391 990 1445 qui
1020 1405 1083 1431 res
1106 1389 1318 1445 judicant,
1345 1391 1518 1446 optandi
1530 1399 1560 1422 a.

79 1449 407 1503 competitores:
439 1449 567 1489 ambo
595 1464 619 1489 a
648 1447 830 1504 pueritia
851 1447 1003 1497 sicarii,
1025 1447 1152 1487 ambo
1179 1447 1407 1498 libidinosi,
1427 1462 1517 1488 am-

79 1505 136 1546 bo
153 1514 341 1560 egentes.
373 1538 380 1541 .
402 1514 435 1537 11
456 1507 617 1547 Eorum
634 1504 804 1545 alterius
831 1504 944 1544 bona
972 1503 1208 1558 proscripta
1229 1504 1423 1555 vidimus,
1444 1519 1517 1545 vo-

78 1575 172 1602 cem
203 1561 385 1616 denique
412 1561 646 1602 audivimus
668 1560 931 1617 jurantis,-12
951 1573 995 1600 se
1025 1560 1172 1600 Romae
1197 1559 1364 1615 judicio
1397 1575 1520 1615 aequo

81 1632 180 1659 cum
211 1617 384 1659 homine
412 1619 565 1659 Graeco
597 1628 756 1659 certare
777 1631 862 1656 non
892 1630 1042 1671 posse:
1072 1625 1114 1657 et
1139 1624 1174 1648 13
1192 1631 1243 1657 ex
1263 1626 1412 1658 senatu
1433 1619 1519 1673 eje-

79 1683 198 1715 ctum
233 1674 401 1715 scimus.
464 1683 501 1706 14
523 1675 697 1729 Optima
727 1687 825 1713 vero
864 1686 1089 1712 censorum
1129 1672 1439 1714 existimatione
1476 1673 1519 1713 in

77 1739 265 1785 praetura
303 1731 628 1785 competitOrem
669 1729 910 1778 habuimus,
947 1728 1085 1769 amico
1122 1729 1294 1770 Sabidio
1330 1738 1373 1770 et
1414 1730 1521 1770 Pan-

77 1786 210 1837 thera,
231 1801 345 1837 cum,
366 1787 418 1827 ad
439 1787 627 1827 tabulam
650 1800 758 1842 quos
782 1794 972 1840 poneret,
994 1799 1078 1825 non
1107 1785 1306 1826 habebat.
1337 1800 1422 1841 quo
1454 1794 1519 1826 ta-

79 1857 175 1885 men
197 1843 239 1884 in
260 1842 515 1900 magistratu
533 1843 729 1894 amicam,
751 1855 878 1899 quam
898 1840 1036 1897 palam
1064 1841 1180 1882 domi
1203 1842 1390 1893 haberet,
1415 1851 1451 1874 1⁵
1467 1841 1519 1884 de

818 1980 904 2009 beret
926 1980 1046 2009 amicos
1077 1980 1238 2015 honestos,
1261 1989 1341 2018 quos
1365 1981 1403 2010 ad
1427 1980 1518 2010 tabu-

121 1986 156 2010 11
183 1980 292 2010 Eorum
307 1977 444 2019 alterius]
461 1981 604 2011 Antonii.

817 2023 883 2052 lam
899 2022 1121 2061 suffragIOrum
1139 2023 1283 2052 custodes
1300 2031 1444 2061 poneret:
1462 2023 1517 2053 sed

120 2029 156 2053 12
181 2034 209 2052 se
224 2022 366 2062 Romaej.
390 2033 426 2051 ιε.
453 2034 517 2052 cum
539 2022 647 2051 bomine
669 2021 774 2052 Graeco

77 2072 188 2094 certare
203 2076 256 2094 non
265 2064 359 2104 posse]
386 2065 422 2094 In
439 2066 492 2103 jus
508 2065 639 2095 vo‘catus
655 2074 672 2094 a
688 2064 774 2094 Grae-

75 2110 133 2144 cis,
162 2117 241 2147 quos
271 2108 455 2147 spoliaverat
484 2109 516 2138 in
541 2109 672 2143 Achaia,
697 2116 775 2137 cum

74 2157 187 2190 praetor
213 2152 396 2181 secundum
420 2151 546 2181 Graecos
576 2151 772 2185 decrevisset,

75 2193 247 2233 appellarat
273 2194 428 2229 tribunos,
457 2200 488 2223 et
513 2195 595 2233 apud
618 2203 670 2223 eos
687 2194 775 2232 jura-

74 2243 174 2272 verat,
189 2246 222 2266 se
237 2245 330 2275 aequo
347 2236 418 2274 jure
436 2237 480 2266 uti
497 2246 563 2266 non
586 2246 674 2276 posse
691 2237 774 2275 apud

75 2286 253 2318 praetorem,
278 2279 411 2318 ideoque
441 2285 588 2310 coactum
617 2289 696 2316 esse,
720 2288 774 2318 ap-

77 2321 193 2361 pellare
210 2322 362 2352 tribunos.

124 2370 160 2394 13
185 2375 221 2392 ex
243 2370 342 2393 senatu
366 2362 499 2403 ejectum]
524 2365 552 2393 A
583 2363 773 2394 Censoribus

77 2407 112 2437 L.
130 2406 235 2436 Gellio
250 2412 280 2436 et
294 2406 354 2436 Cn.
371 2406 517 2442 Lentulo,
535 2414 661 2436 auctore
674 2407 773 2436 Asco-

78 2450 133 2480 nio
147 2450 186 2478 ad
202 2449 257 2478 Or.
274 2449 306 2478 in
322 2455 393 2488 toga
408 2449 509 2479 Cand.

121 2499 159 2522 14
184 2490 304 2530 Optima
318 2502 483 2520 vero—non
495 2489 632 2531 habebat]
650 2491 712 2522 Hic
726 2491 771 2521 lo-

75 2543 131 2565 cus
155 2541 201 2564 est
229 2534 402 2564 obscurus:
433 2543 491 2564 nec
518 2541 621 2565 certus
650 2544 771 2565 sensus.

75 2578 186 2607 Sermo
209 2583 255 2606 est
277 2577 315 2606 de
338 2577 451 2607 eodem
464 2578 617 2614 Antonio,
641 2579 696 2617 qui
720 2577 772 2607 Ci—

75 2621 196 2652 ceronis
226 2620 413 2658 competitor
435 2620 466 2649 in
495 2628 630 2659 praetura
660 2621 770 2650 fuerat.

74 2663 182 2693 Primo
197 2662 374 2691 existimatio
388 2662 494 2701 optima
509 2663 630 2702 proprie
648 2673 689 2693 an
710 2669 772 2693 tro-

73 2705 144 2745 pice
158 2712 189 2735 et
210 2705 327 2735 ironice
343 2704 547 2742 intelligenda
565 2706 616 2742 sit,
632 2707 769 2736 dubium

73 2754 131 2778 est.
154 2747 236 2783 mihi
259 2757 400 2777 censorum
422 2748 557 2777 verbum
583 2756 768 2788 suspectum

73 2797 133 2826 est,
149 2797 181 2820 et
195 2799 214 2819 a
228 2789 396 2829 glossatore
414 2791 556 2820 additum
572 2791 703 2821 videtur.
727 2793 770 2822 ita

76 2833 112 2863 fit
126 2842 255 2863 sensus:
280 2834 377 2863 etiam
400 2833 432 2862 in
455 2839 598 2872 praeturae
621 2835 770 2873 petitione

77 2885 141 2911 non
158 2875 242 2905 bona
257 2875 342 2906 fama
356 2885 434 2906 usus
448 2883 506 2913 est,
519 2882 554 2907 ut
569 2877 624 2917 qui
640 2886 698 2907 nec
715 2878 771 2907 ha-

134 2930 249 2964 VOL.
272 2930 342 2960 1v.
366 2931 405 2959 Ρ.
425 2930 482 2960 11.

818 2066 1005 2095 hominibus
1030 2065 1172 2095 obscuris
1191 2072 1222 2094 et
1241 2065 1370 2095 sordidis
1394 2067 1440 2096 uti
1463 2076 1519 2096 ne-

819 2117 904 2138 cesse
926 2108 1048 2138 habuit.

863 2158 900 2181 15
925 2151 959 2179 de
984 2149 1124 2179 machinis
1147 2148 1230 2188 emit]
1262 2151 1393 2180 Torsere
1423 2160 1455 2181 se
1484 2150 1517 2180 in

818 2194 880 2223 hoc
895 2194 952 2223 viri
974 2193 1068 2223 docti.
1093 2192 1139 2222 nil
1163 2193 1278 2223 melius
1301 2193 1397 2232 reperi
1423 2195 1517 2224 inter-

818 2237 990 2275 pretatione
1009 2235 1155 2265 Salmasii
1176 2242 1207 2265 et
1223 2235 1416 2267 Casauboni.
1432 2247 1462 2268 v.
1483 2237 1517 2267 in

818 2279 908 2309 Clav.

864 2327 902 2352 16
924 2327 1060 2359 caupones
1083 2330 1176 2349 omnes
1195 2319 1348 2360 compilare
1362 2327 1419 2360 per
1438 2327 1516 2359 turp.

817 2363 999 2404 legationem]
1030 2363 1103 2392 Hoc
1125 2372 1253 2402 quoque
1273 2365 1400 2393 vexavit
1422 2363 1518 2393 inter-

817 2414 928 2446 pretes.
952 2407 1018 2445 Ego
1034 2405 1176 2444 intelligo
1191 2407 1236 2436 sic
1250 2419 1257 2435 ι
1281 2407 1398 2436 maluit
1412 2416 1518 2436 emere

816 2450 966 2488 suffragia
985 2449 1134 2488 pecunia,
1154 2459 1253 2489 quarn
1277 2458 1296 2479 a
1317 2449 1517 2489 cauponibus

814 2493 941 2528 sumsit,
964 2501 1023 2521 nec
1045 2498 1153 2531 postea
1176 2493 1328 2522 reddidit:
1354 2493 1440 2522 unde
1463 2501 1516 2521 eos

816 2535 978 2575 compilasse
1000 2535 1124 2565 dicitur.
1143 2541 1199 2574 per
1220 2535 1416 2574 turpissimam
1436 2533 1516 2573 lega-

815 2578 936 2607 tionem:
960 2577 1103 2616 intelligo
1115 2576 1249 2614 liberam,
1265 2587 1320 2616 per
1334 2587 1433 2616 quam
1449 2577 1516 2606 abi-

816 2631 846 2651 re
870 2621 974 2651 Roma
996 2621 1036 2650 ad
1057 2627 1184 2660 tempus
1207 2627 1323 2660 posset,
1341 2627 1372 2653 et
1393 2620 1513 2655 abesse,

816 2671 852 2693 ut
866 2664 996 2693 haberet
1009 2672 1140 2693 causam
1155 2664 1280 2693 omissae
1296 2662 1516 2701 prensationis.

813 2706 1005 2744 legationem
1020 2706 1248 2745 provincialem
1263 2705 1435 2743 intelligere
1448 2713 1514 2734 non

813 2758 996 2788 possumuS‚
1024 2749 1100 2788 quia
1126 2759 1162 2779 ea
1186 2748 1364 2778 diuturnior
1391 2747 1513 2782 fuisset,

812 2801 911 2831 quam
927 2798 1054 2830 tempus
1069 2798 1227 2831 pateretur
1242 2791 1323 2829 ejus,
1340 2789 1397 2829 qui
1412 2790 1515 2828 magi-

814 2841 948 2865 stratum
964 2841 1091 2874 peteret.

860 2930 942 2972 3ss
