1844 3202
268 122 353 164 728
797 116 874 154 DE
911 115 1173 154 OFFICIIS

267 226 398 267 mani.
422 238 525 281 ergo
551 224 644 267 haec
670 224 904 282 cognitioni
929 224 1220 281 anteponenda
1238 232 1328 265 est:
1359 232 1488 281 atque
1518 225 1560 267 id
1590 227 1700 283 opti-

268 296 364 324 mus
392 282 570 338 quisque
594 296 638 323 re
667 282 757 338 ipsa
781 290 818 318 7ι
838 282 1037 332 ostendit,
1057 290 1101 322 et
1122 280 1300 337 judicat.
1359 281 1472 324 Quis
1496 283 1609 324 enim
1637 292 1703 326 est

271 345 310 375 ⁷2
325 347 411 381 tam
430 338 607 394 cupidus
621 339 663 379 in
680 338 973 394 perspicienda
987 337 1366 393 cognoscendaque
1382 353 1519 380 rerum
1539 349 1702 391 natura,

267 404 332 447 ut,
361 396 396 438 si
425 395 477 445 ei,
498 396 695 436 tractanti
724 395 1111 449 contemplantique
1140 408 1204 434 res
1232 395 1476 449 cognitione
1504 395 1703 451 dignissi-

226 464 258 494 b.
270 467 374 504 mas,
405 452 545 493 subito
574 451 627 493 sit
652 452 824 493 allatum
851 450 1084 506 periculum
1115 450 1424 506 discrimenque
1452 453 1612 507 patriae,
1633 453 1704 494 cui

268 509 489 550 subvenire
510 508 791 564 opitularique
815 506 961 562 possit,
984 520 1068 548 non
1093 506 1164 548 illa
1185 507 1326 547 omnia
1347 508 1555 564 relinquat
1575 519 1703 565 atque

267 565 454 622 abjiciat,
484 566 611 606 etiam
647 565 681 605 si
715 564 979 605 dinumerare
1013 578 1057 605 se
1091 563 1245 613 stellas,
1275 572 1348 604 aut
1381 566 1518 606 metiri
1554 565 1704 608 mundi

269 621 605 678 magnitudinem
627 635 749 676 posse
769 620 995 661 arbitretur
1013 621 1026 660 ?
1059 629 1184 675 atque
1206 620 1288 661 hoc
1309 620 1420 661 idem
1441 621 1480 662 in
1508 617 1704 677 parentis,

183 679 369 720 35573i11
397 679 586 720 amicire
614 686 687 719 aut
715 677 903 733 periculo
934 676 1092 718 fecerit.
1152 677 1319 732 Quibus
1348 678 1472 719 rebus
1502 679 1704 733 intelligi-

269 743 353 786 tur,
384 735 534 776 studiis
564 735 797 790 officiisque
826 734 1010 774 scientiae
1041 732 1323 789 praeponenda
1351 748 1441 774 esse
1471 736 1607 776 officia
1629 737 1703 800 ju-

269 792 410 842 stitiae,
443 807 537 848 quae
569 791 781 847 pertinent
809 798 847 827 7⁴
861 790 915 832 ad
947 790 1168 831 hominum
1197 790 1453 841 utilitatem3
1484 807 1568 847 qua
1599 792 1704 834 nihil

185 848 258 898 44
269 848 434 890 homini
455 863 543 890 esse
565 849 691 889 debet
713 847 937 903 antiquius.
996 849 1142 903 Atque
1165 846 1240 897 illi,
1269 862 1449 902 quorum
1482 848 1622 889 studia
1643 850 1704 891 vi-

268 912 398 961 taque
427 905 564 946 omnis
590 906 631 946 in
661 918 800 945 rerum
831 904 1075 959 cognitione
1097 913 1256 943 versata
1284 914 1362 954 est,
1383 914 1522 946 tamen
1548 906 1602 946 ab
1626 920 1703 948 au-

267 961 420 1018 gendis
449 961 672 1002 hominum
701 959 955 1001 utilitatibus
982 969 1023 1000 et
1048 959 1286 1001 commodis
1316 974 1399 1000 non
1431 971 1707 1005 recesserunt.

267 1032 364 1059 nam
397 1025 441 1059 et
469 1017 739 1058 erudiverunt
765 1016 938 1067 multos,
959 1030 1044 1071 quo
1069 1015 1266 1057 meliores
1285 1016 1408 1066 cives,
1428 1017 1705 1074 utilioresque

266 1075 395 1116 rebus
432 1074 518 1115 suis
556 1073 738 1129 publicis
777 1081 944 1114 essent:
992 1081 1041 1113 ut
1077 1070 1328 1112 Thebanum
1365 1073 1705 1129 Epaminondam

266 1131 393 1187 Lysis
434 1130 743 1188 Pythagoreus,
785 1128 1060 1187 Syracusium
1098 1128 1283 1170 Dionem
1324 1129 1456 1181 Plato,
1496 1131 1705 1187 multique

267 1188 452 1229 multos:
499 1201 661 1243 nosque
691 1186 784 1242 ipsi,
815 1185 1021 1244 quidquid
1051 1184 1105 1226 ad
1135 1186 1440 1240 rempublicam
1469 1188 1705 1241 attulimus,

272 1245 323 1297 (si
344 1243 474 1286 modo
493 1243 653 1300 aliquid
673 1243 907 1295 attulimus)
934 1251 971 1279 7⁵
989 1257 1013 1283 a
1034 1240 1295 1290 doctoribus,
1317 1251 1444 1298 atque
1463 1258 1487 1284 a
1514 1243 1707 1286 doctrina

182 1297 461 1343 1565nstructi
491 1301 545 1342 ad
573 1315 682 1351 eam,
713 1310 756 1342 et
784 1299 921 1341 ornati
950 1299 1215 1340 accessimus.
1275 1300 1428 1355 Neque
1459 1300 1597 1341 solum
1627 1301 1706 1343 vivi

266 1366 395 1414 atque
421 1367 647 1414 praesentes
675 1356 888 1398 studiosos
918 1355 1107 1397 discendi
1135 1355 1332 1397 erudiunt
1362 1354 1490 1412 atque
1521 1357 1704 1400 docent:

248 1416 341 1456 >sed
382 1415 466 1456 hoc
500 1415 612 1456 idem
646 1413 773 1454 etiarn
808 1422 905 1468 post
936 1422 1119 1453 mortem
1153 1414 1439 1454 monumentis
1470 1413 1705 1456 litterarum

265 1480 561 1528 assequuntur.
589 1485 665 1512 nec
696 1470 808 1511 enim
839 1470 959 1510 locus
990 1469 1100 1509 ullus
1131 1469 1435 1524 praetermissus
1465 1479 1529 1511 est
1557 1472 1611 1512 ab
1640 1472 1707 1522 iis,

266 1528 339 1583 qui
365 1529 417 1570 ad
447 1528 578 1584 leges,
609 1527 681 1583 qui
709 1527 762 1567 ad
795 1540 948 1577 mores,
981 1525 1053 1582 qui
1083 1525 1137 1566 ad
1167 1525 1430 1580 disciplinam
1463 1527 1706 1582 reipublicae

265 1586 521 1640 pertineret:
553 1593 602 1625 ut
621 1584 756 1625 otium
778 1598 899 1624 suum
920 1582 973 1624 ad
1005 1590 1196 1623 nostrum
1228 1583 1450 1637 negotium
1476 1584 1706 1625 contulisse

263 1641 497 1682 videantur.
517 1642 577 1682 ita
596 1641 654 1681 illi
675 1640 753 1695 ipsi
778 1639 982 1680 doctrinae
1004 1638 1152 1679 studiis
1172 1647 1214 1678 et
1241 1639 1455 1693 sapientiae
1486 1639 1631 1693 dediti,
1652 1640 1707 1682 ad

264 1697 490 1739 hominum
511 1697 736 1738 utilitatem
758 1710 877 1737 suam
900 1694 1225 1751 intelligentiam
1256 1695 1607 1752 prudentiamque
1628 1712 1707 1753 po-

264 1754 477 1796 tissimum
518 1754 753 1796 conferunt.
814 1753 885 1794 Ob
922 1766 1100 1808 eamque
1133 1766 1303 1793 causam
1342 1752 1483 1808 eloqui
1517 1753 1707 1809 copiose,

264 1811 396 1852 modo
425 1810 664 1867 prudenter,
692 1809 844 1850 melius
869 1818 948 1860 est,
977 1823 1103 1864 quam
1131 1809 1195 1848 vel
1223 1808 1464 1850 acutissime
1497 1809 1585 1850 sine
1615 1811 1706 1852 elo-

265 1869 438 1923 quentia
457 1867 672 1923 cogitare:
705 1866 819 1922 quod
841 1866 1047 1921 cogitatio
1064 1866 1106 1905 in
1129 1880 1174 1905 se
1192 1865 1283 1920 ipsa
1296 1866 1481 1916 vertitur,
1501 1865 1704 1922 eloquen-

265 1925 326 1964 tia
344 1924 643 1980 complectitur
664 1937 752 1973 eos,
775 1923 1027 1978 quibuscum
1049 1922 1355 1962 communitate
1379 1922 1517 1977 juncti
1544 1937 1705 1964 sumus.

179 1987 252 2028 157
266 1981 411 2038 Atque
429 1990 474 2023 ut
492 1995 619 2037 apum
636 1980 829 2022 examina
841 1994 925 2020 non
942 1978 1238 2034 fingendorum
1256 1978 1444 2019 favorum
1461 1992 1588 2020 causa
1603 1994 1707 2022 con-

309 2123 346 2152 71
373 2116 493 2146 ostendit
515 2121 543 2146 et
554 2113 692 2156 judicat]
728 2115 869 2145 Quidam
892 2114 963 2145 libri

264 2160 386 2190 habent
398 2159 521 2195 indicat,
538 2160 602 2189 sive
618 2168 671 2198 per
686 2159 834 2188 usitatam
851 2159 964 2188 confu—

264 2204 389 2232 sionem
407 2205 525 2233 norum
539 2202 722 2237 verborum,
733 2204 797 2231 sive
813 2202 888 2240 quia
898 2211 965 2231 ver-

265 2246 473 2284 bumjudicat
491 2256 554 2275 non
580 2252 661 2274 recte
686 2244 904 2283 intelligebant
927 2243 964 2273 li·

265 2289 368 2319 brarii.
386 2296 431 2318 est
443 2295 550 2318 autem
564 2298 632 2327 pm,
646 2288 782 2317 ostendit
796 2298 828 2317 se
841 2288 965 2326 judica-

264 2340 309 2369 re,
327 2339 362 2361 ut
377 2341 460 2371 saepe
480 2333 563 2370 apud
580 2331 779 2360 Ciceronem.

308 2381 346 2409 72
371 2381 432 2403 mm
453 2373 570 2413 cupidus
593 2374 623 2402 in
641 2380 738 2413 persp.
765 2384 844 2411 cogn.
869 2383 963 2402 rerum

262 2415 385 2457 natura]
404 2418 438 2447 In
447 2423 547 2457 persp.
565 2418 624 2446 ἃς.
641 2426 705 2446 non
723 2417 838 2455 pendet
853 2425 871 2445 a
884 2416 964 2454 cupi-

262 2459 326 2497 dus,
343 2461 397 2490 sed
413 2461 474 2489 hoc
490 2460 605 2489 dicitur
621 2460 654 2488 h.
672 2459 692 2489 l.
709 2458 866 2495 absolute,
883 2466 913 2488 et
929 2461 962 2488 in

264 2510 386 2542 partem
408 2503 605 2532 deteriorem.
634 2501 763 2541 Cupi-lus
786 2502 875 2532 enim
900 2501 962 2531 ele—

262 2553 373 2584 ganter
398 2547 512 2575 dicitur
532 2546 570 2575 de
597 2555 646 2581 eo,
670 2546 724 2584 qui
749 2546 884 2574 modum
908 2554 963 2574 ex-

261 2590 344 2619 cedit
363 2590 396 2618 in
415 2588 551 2626 alicujus
576 2589 617 2617 rei
640 2588 755 2617 studio.
799 2588 850 2616 Sic
873 2588 961 2626 cupi-

262 2633 322 2662 dus
346 2633 378 2661 in
405 2631 580 2669 judicando
603 2638 661 2666 est,
686 2631 843 2660 studiosus
867 2632 960 2668 partis

260 2675 401 2710 alterius,
419 2681 527 2704 contra
541 2674 595 2711 jus
613 2681 643 2703 et
661 2683 805 2711 aequum.
852 2674 962 2712 Itaque

262 2718 374 2747 frustra
390 2718 565 2747 Lambinus
581 2717 714 2746 correxit
725 2716 841 2755 cupidus
849 2715 962 2754 perspi-

263 2760 509 2789 ciendae-rcrum
524 2767 649 2789 naturae.

307 2810 344 2837 73
368 2803 398 2832 in
422 2803 508 2832 amici
530 2814 560 2832 re
577 2808 630 2831 aut
649 2799 793 2841 periculo]
820 2800 882 2830 Hic
906 2801 958 2829 Ci-

261 2853 333 2876 cero
348 2845 479 2885 poriaeulo
502 2846 649 2885 adjunxit
667 2855 725 2874 rem
748 2844 769 2874 i.
791 2854 820 2875 e.
841 2843 959 2874 utilita-

1009 2121 1087 2151 tern,
1112 2123 1189 2144 curn
1213 2114 1338 2144 amicus
1364 2115 1503 2153 adjuvari
1531 2116 1563 2145 in
1594 2125 1704 2146 conse-

1007 2158 1134 2197 quenda
1150 2157 1282 2187 utilitate
1301 2159 1472 2196 praesertim
1494 2159 1618 2197 majori,
1636 2166 1707 2198 pot·

1007 2208 1063 2230 est.
1087 2208 1195 2239 estque
1216 2201 1248 2230 in
1270 2208 1403 2239 utroque
1426 2210 1539 2240 genere
1559 2211 1613 2241 par
1635 2202 1705 2231 offi-

1008 2245 1108 2273 cium.
1133 2253 1198 2273 non
1222 2244 1316 2282 igitur
1339 2251 1415 2281 erat,
1438 2253 1535 2282 quare
1559 2245 1705 2275 Pearcius

1009 2287 1061 2315 hic
1075 2287 1187 2316 vitium
1208 2287 1368 2325 scripturae
1390 2293 1511 2325 putaret
1528 2297 1595 2317 esse
1611 2288 1705 2317 corri-

1007 2336 1155 2368 geretque
1171 2329 1201 2357 in
1210 2329 1342 2368 parentis
1357 2329 1484 2358 amici-ve
1494 2329 1633 2368 periculo.

1051 2378 1090 2406 74
1114 2371 1155 2402 ad
1181 2372 1323 2401 hominum
1351 2371 1527 2412 utilitatem]
1561 2373 1705 2403 Graevius

1006 2415 1090 2445 dedit
1105 2415 1256 2444 caritatem
1271 2425 1288 2444 e
1307 2415 1382 2445 Mss.
1399 2415 1536 2445 duobus.
1564 2417 1706 2455 Sequen-

1007 2459 1048 2488 tia
1069 2458 1253 2495 ostendunt,
1270 2456 1428 2487 utilitatem
1444 2467 1553 2488 veram
1572 2469 1637 2489 esse
1660 2459 1705 2489 le-

1006 2502 1158 2531 ctionem.

1050 2550 1088 2578 75
1111 2555 1128 2572 a
1144 2542 1524 2582 doctorihus—.1.·cessimus]
1548 2543 1618 2573 Hoc
1637 2553 1703 2574 non

1006 2588 1155 2616 convenit
1181 2587 1451 2620 antecedentibus,
1476 2585 1703 2627 quicquid—at-

1006 2630 1134 2658 tulimus.
1150 2629 1203 2658 sed
1221 2636 1344 2658 tantuin
1363 2630 1464 2658 forma
1479 2629 1626 2659 orationis
1642 2630 1705 2659 dis-

1005 2680 1146 2710 crepant,
1163 2682 1257 2701 sensu
1273 2673 1392 2710 optime
1413 2673 1607 2701 conveniunt
1625 2684 1632 2701 ι
1657 2672 1705 2701 ‹li-

1005 2723 1158 2753 ctumque
1178 2724 1245 2754 pro,
1271 2715 1302 2744 in
1328 2724 1364 2744 eo
1388 2715 1485 2752 adjuti
1506 2724 1619 2745 sumus
1649 2715 1705 2744 do·
1751 2737 1761 2746 .

1005 2759 1118 2792 ctrina,
1134 2767 1234 2797 quam
1249 2767 1266 2787 a
1287 2758 1468 2788 doctoribus
1486 2758 1597 2789 nostris
1613 2766 1703 2789 acoe-

1002 2810 1120 2840 pimus,
