1844 3202
292 92 372 138 960
667 91 726 130 M.
757 92 970 131 TULLII
1006 93 1338 133 CICERONIS

350 198 530 239 Smne.
551 208 584 238 l.
604 199 836 255 Tranquil.)
872 200 1135 242 Gladiatores
1151 200 1302 242 invisos
1319 200 1537 250 habemus,
1555 201 1589 242 si
1607 201 1723 243 omni

293 254 423 295 modo
445 255 569 295 vitam
591 255 814 312 impetrare
835 258 1011 313 cupiunt
1032 274 1041 296 :
1073 258 1274 307 favemus,
1295 257 1327 298 si
1349 265 1611 298 contemtum
1633 257 1724 314 ejus

293 325 379 366 prae
401 325 444 351 se
465 311 618 352 ferunt.

351 367 463 408 Idem
495 367 536 408 in
567 368 702 422 epist.)
747 368 790 409 Si
820 368 925 409 mihi
954 368 1048 409 vitae
1079 369 1262 423 spatium
1298 368 1552 424 duplicetur,
1582 368 1646 409 vel
1676 368 1725 410 iis

295 424 592 464 tantummodo
614 425 751 479 poetis
778 424 1082 480 percurrendiS,
1103 424 1175 480 qui
1196 426 1331 479 λυρικοὶ
1353 439 1377 465 a
1397 425 1557 466 Graecis
1579 439 1728 465 vocan-

295 487 377 529 tur,
399 495 481 520 non
502 495 591 520 esse
612 481 901 521 suffecturum.

352 537 586 577 MARCEL.
608 536 678 576 lib.
701 538 776 588 15.)
820 538 875 576 Et
901 550 1156 591 quamquam
1185 536 1495 592 optatissimum
1527 544 1605 585 est,
1631 550 1728 591 per-

294 602 426 648 petuo
452 592 663 633 fortunam
695 607 819 648 quam
850 592 1187 633 florentissimam
1208 606 1478 648 permanere:
1502 592 1569 633 ‘ita
1587 602 1728 633 tamen

295 647 557 704 aequabilitas
584 649 680 689 vitae
708 664 792 689 non
821 657 983 690 tantum
1016 648 1144 689 habet
1174 663 1357 699 sensum,
1385 657 1606 703 quantum,
1628 663 1726 689 cum

292 719 342 745 ex
362 704 558 756 adversis,
579 714 622 746 et
641 704 813 760 perditis
833 706 958 746 rebus
979 705 1033 746 ad
1053 705 1271 746 meliorem
1292 712 1450 746 statum
1471 704 1641 746 fortuna
1661 719 1727 745 re-

292 770 476 802 vocatur.

352 818 507 869 PLIN.)
554 816 604 856 In
632 816 748 857 libris
774 816 827 858 de
851 816 1067 872 republica
1088 816 1271 858 Platonis
1291 832 1359 858 me
1379 816 1580 858 comitem
1600 817 1727 872 profi-

293 882 414 923 teor3
446 873 488 913 in
516 873 806 914 consolatione
839 873 948 924 filiae,
969 873 1219 915 Crantorem
1253 888 1421 930 sequor,
1449 873 1552 915 item
1585 873 1728 914 Panae-

292 930 398 972 tium
422 929 473 970 de
494 929 657 970 officiis.

350 987 407 1027 D.
429 986 576 1039 Aue..)
619 989 644 1014 ’'ss
668 985 873 1028 Omnium
896 995 1070 1042 pectora
1088 985 1148 1027 sic
1168 985 1356 1042 attingit,
1376 994 1425 1028 ut
1443 994 1572 1041 cogat
1590 985 1631 1026 in
1651 998 1731 1041 ge-

293 1053 462 1084 mltum.

576 1099 614 1140 O
637 1097 852 1149 miserum,
873 1098 942 1139 cui
962 1112 1136 1154 peccare
1156 1098 1325 1139 licebat.

350 1155 407 1196 D.
430 1155 505 1196 Au
516 1155 578 1207 G.)
621 1155 766 1196 Nullae
797 1163 892 1196 sunt
925 1154 1180 1196 occultiores
1210 1154 1387 1206 insidiae,
1408 1169 1535 1210 quam
1556 1168 1649 1211 quae
1670 1154 1733 1195 la-

293 1220 384 1254 tent
418 1212 460 1252 in
492 1211 760 1252 simulatione
791 1211 932 1262 officii,
964 1221 1038 1252 aut
1066 1211 1108 1252 in
1139 1211 1281 1267 aliquo
1309 1211 1625 1253 necessitudinis
1653 1225 1730 1252 no·

293 1283 420 1309 nune.

407 1323 721 1379 Philosophiam
744 1323 802 1366 dii
822 1324 966 1381 paucis
988 1323 1241 1380 quibusdam
1262 1339 1400 1365 veram
1422 1323 1641 1366 dederunt.

350 1381 501 1434 NON.)
536 1384 560 1407 ᾗ
583 1395 737 1422 arcera.

350 1438 498 1489 NON.)
545 1437 790 1478 Existimavi
810 1436 1105 1478 honestissime
1126 1437 1343 1479 molestias
1364 1451 1488 1491 posse
1509 1435 1676 1491 deponi,
1698 1435 1732 1476 si

294 1507 362 1534 me
392 1493 444 1534 ad
475 1493 788 1549 philosophiam
820 1493 1072 1535 retulissem.
1133 1494 1290 1535 Eoescat
1322 1493 1439 1535 initio
1476 1492 1570 1534 libri
1602 1492 1659 1533 II.
1684 1492 1733 1532 de

294 1549 446 1604 qfficz'is.

352 1607 595 1657 FORTUN.)
633 1608 658 1627 ⁴*
681 1605 831 1646 forem.

350 1663 610 1715 SERVIUS.)
649 1661 720 1702 Ad
740 1661 933 1702 militiam
960 1660 1157 1702 euntibus
1186 1660 1275 1702 dari
1304 1661 1498 1702 solebant
1517 1659 1731 1712 custodes,

293 1718 447 1773 quibus
469 1719 606 1774 primo
629 1732 737 1759 anno
760 1726 1018 1773 regerentur.

350 1775 463 1815 Idem
483 1785 521 1815 3.
551 1775 716 1837 Georg.)
760 1775 829 1815 De
851 1781 1096 1816 accusatore
1116 1773 1213 1828 lege
1234 1773 1380 1828 quinta
1401 1772 1527 1814 dicta.

304 1852 311 1858 ·
350 1832 462 1872 Idem
483 1835 521 1872 6.
544 1832 731 1884 AEnezd.)
776 1832 853 1872 Est
888 1839 1030 1871 autem
1060 1845 1188 1872 causa
1220 1829 1413 1881 difficilis,
1446 1828 1617 1871 laudare
1652 1843 1732 1885 pu-

293 1901 411 1928 erum
432 1904 441 1928 z
472 1903 556 1928 non
578 1888 688 1928 enim
710 1902 775 1928 res
794 1886 1018 1938 laudanda,
1039 1887 1112 1928 sed
1133 1900 1225 1942 spes
1245 1896 1322 1928 est.

350 1944 407 1984 D.
430 1944 506 1985 Au
516 1946 578 1996 G.)
622 1945 906 2000 Hippocrates
926 1944 1212 1985 nobilissimus
1232 1943 1423 1984 medicus
1443 1943 1648 1998 scriptum
1668 1957 1734 1983 re-

292 1999 432 2055 liquit,
459 2000 668 2056 quosdam
701 2001 863 2051 fratres,
894 2015 992 2041 cum
1024 2000 1151 2041 simul
1182 2009 1390 2055 aegrotare
1419 1999 1659 2055 coepissent,
1689 2009 1733 2041 et

292 2070 439 2097 eorum
470 2057 645 2098 morbus
673 2057 825 2098 eodem
850 2066 1041 2112 tempore
1062 2057 1382 2112 ingravesceret,
1404 2055 1556 2097 eodem
1577 2056 1734 2098 levare-

294 2121 377 2162 tur,
398 2114 593 2167 geminos
614 2128 705 2154 esse
726 2113 1001 2169 suspicatum.

352 2169 606 2222 MARCEL.)
649 2172 673 2197 ‘'s‘'
695 2184 792 2211 cum
829 2184 1015 2226 parcere,
1051 2170 1114 2211 vel
1147 2169 1298 2211 laedere
1332 2169 1578 2226 potuissem,
1608 2167 1734 2223 igno-

296 2225 439 2266 scendi
467 2227 707 2281 quaerebam
731 2241 893 2277 causas,
914 2242 999 2267 non
1019 2226 1219 2283 puniendi
1240 2226 1497 2277 occasiones,
1518 2224 1634 2281 quod
1657 2224 1731 2281 ju-

297 2280 402 2322 dicis
422 2281 524 2324 lenti
544 2292 585 2324 et
606 2282 859 2324 considerati
879 2292 943 2324 est
963 2283 1196 2339 proprium.

351 2338 589 2402 Manem.
623 2338 693 2380 lib.
719 2342 802 2393 26.)
844 2340 1037 2382 Infelices
1072 2354 1179 2391 esse,
1214 2338 1285 2395 qui
1321 2338 1463 2379 omnia
1495 2337 1573 2378 sibi
1608 2336 1735 2380 licere

298 2403 594 2436 ex1st1marent.

356 2450 468 2491 Idem
505 2450 575 2492 lib.
604 2455 686 2504 31.)
741 2451 965 2509 Erythraeo
1000 2451 1160 2508 oppido
1195 2450 1510 2507 superpositum
1542 2458 1731 2493 montem

300 2506 526 2548 Mimanta.

354 2564 412 2604 D.
436 2564 509 2604 AU
519 2565 580 2615 G.)
615 2566 640 2590 ‘³³
662 2563 714 2604 de
735 2563 898 2618 plebeia
919 2563 1022 2605 faece
1043 2563 1363 2604 sellulariorum.

354 2620 608 2672 D10MED.)
651 2620 739 2676 Qui
760 2619 839 2660 fuit
860 2620 978 2661 locus
1003 2619 1359 2676 religiosissimus,
1379 2618 1413 2660 is
1434 2619 1512 2660 erit
1532 2617 1730 2660 desertis-

298 2676 444 2726 simus‚
466 2685 508 2717 et
537 2676 731 2717 custodia
757 2685 993 2718 castrorum
1020 2691 1104 2718 non
1132 2676 1318 2731 honoris,
1339 2675 1412 2717 sed
1433 2675 1568 2717 oneris
1589 2675 1730 2716 existi-

299 2741 451 2773 matur.

354 2790 522 2843 LACT.)
561 2790 650 2832 Lex
678 2788 761 2831 Dei
785 2789 987 2845 praeclara
1015 2798 1058 2832 et
1084 2789 1223 2831 divina
1242 2802 1419 2846 semper,
1439 2803 1534 2844 quae
1553 2796 1669 2829 recta
1687 2797 1730 2829 et

1840 108 1844 154 l

1840 171 1844 208 i

1842 223 1844 251 ι
