1844 3202
278 122 357 156 840
871 114 1117 155 LAELIUS

277 225 420 266 futura
438 233 516 276 est,
535 238 681 266 eorum
703 232 767 265 est
786 222 1004 265 habendus
1031 223 1084 265 ad
1115 238 1328 265 summum
1356 232 1514 265 naturae
1545 224 1705 267 bonum

211 292 263 326 84
277 282 462 336 optimus
493 281 843 337 beatissimusque
876 280 1118 322 comitatus.
1178 281 1286 322 Haec
1316 290 1392 331 est,
1422 280 1608 336 inquam,
1636 296 1704 322 so-

275 338 418 388 cietas,
441 338 481 379 in
513 353 598 394 qua
626 337 768 379 omnia
798 337 954 387 insunt,
984 352 1077 392 quae
1108 345 1256 391 putant
1285 337 1478 378 homines
1508 346 1706 393 expeten-

273 394 341 446 da,
372 395 583 445 honestas,
614 394 765 450 gloria,
798 393 1074 448 tranquillitas
1107 393 1248 443 animi,
1276 404 1403 449 atque
1428 393 1703 449 jucunditas:

273 460 335 501 ut,
355 465 453 492 eum
477 451 566 491 haec
588 452 738 500 adsint,
759 451 879 490 beata
898 450 980 489 vita
1001 449 1067 499 sit,
1086 458 1128 489 et
1150 449 1237 489 sine
1259 449 1321 490 his
1342 465 1431 491 esse
1453 465 1535 491 non
1558 450 1706 506 possit.

272 507 403 564 Quod
437 523 534 548 cum
568 507 792 562 optimum,
823 507 1137 560 maximumque
1168 505 1235 556 sit,
1268 506 1302 547 si
1330 506 1372 547 id
1392 507 1584 548 volumus
1615 507 1704 548 adi-

271 564 391 619 pisci,
423 564 565 604 virtuti
600 577 727 618 opera
762 562 898 602 danda
937 572 1024 602 est:
1057 563 1143 602 sine
1177 576 1260 617 qua
1293 577 1429 618 neque
1461 563 1704 615 amicitiam,

273 634 408 676 neque
442 619 571 661 ullam
606 635 691 660 rem
725 618 1001 674 expetendam
1030 618 1232 673 consequi
1264 633 1504 673 possumus.
1533 635 1583 660 ea
1608 634 1703 661 vero

275 677 482 732 neglecta,
505 677 640 732 quise
667 676 826 716 amicos
859 675 1010 716 habere
1041 675 1309 725 arbitrantur,
1329 684 1417 716 tum
1452 691 1494 717 se
1525 676 1705 732 denique

141 756 173 786 p.
193 751 260 776 ιη.
275 747 430 774 errasse
451 733 649 784 sentiunt,
670 747 768 773 cum
789 746 861 773 eos
882 732 1018 786 gravis
1040 731 1187 787 aliquis
1218 746 1340 773 casus
1367 733 1542 786 experiri
1570 733 1704 789 cogit.

234 798 261 818 ³·
275 790 487 846 Quocirca
521 789 762 841 (dicendum
796 798 860 828 cst
889 788 1000 829 enim
1027 789 1195 843 saepius)
1225 803 1324 830 cum
1349 788 1614 843 judicaveris,
1641 789 1704 830 di-

210 838 258 870 85
272 846 403 901 ligere
423 856 591 901 oportet
611 862 620 886 z
652 861 734 886 non
757 860 855 885 cum
877 844 1083 895 dilexeris,
1098 845 1303 899 judicare.
1327 845 1398 885 scd
1430 860 1527 886 cum
1559 846 1704 888 multis

270 903 313 943 in
346 904 470 943 rebus
501 901 758 956 negligentia
787 901 1039 956 plectimur:
1073 911 1165 942 tum
1201 902 1381 942 maxime
1414 902 1453 942 in
1486 901 1630 943 amicis
1661 913 1705 944 et

271 958 516 1014 deligendis,
557 971 599 999 et
635 957 837 998 colendis.
885 958 1150 1012 praeposteris
1197 958 1309 998 enim
1355 958 1515 998 utimur
1564 959 1703 1000 consi-

270 1015 351 1065 liis,
380 1025 422 1056 et
451 1024 545 1055 acta
575 1014 758 1070 agimus,
790 1014 903 1070 quod
925 1023 1114 1054 vetamur
1138 1013 1261 1054 veteri
1295 1014 1528 1068 proverbio.
1587 1015 1701 1056 Nam

270 1071 473 1127 implicati
503 1071 615 1112 ultro
642 1080 686 1111 et
716 1071 836 1121 citro,
857 1070 919 1111 vel
947 1085 1028 1110 usu
1055 1069 1271 1121 diuturno,
1290 1070 1351 1111 vel
1387 1071 1513 1111 etiam
1542 1070 1704 1122 officiis,

270 1138 441 1183 repente
471 1128 511 1168 in
541 1127 682 1169 medio
714 1142 840 1168 cursu
874 1127 1094 1176 amicitias,
1115 1135 1260 1167 exorta
1289 1126 1430 1182 aliqua
1460 1127 1704 1180 offensione,

190 1188 258 1235 23
271 1184 567 1240 dirumpimus.
627 1186 726 1240 Quo
754 1184 882 1225 etiam
910 1183 1044 1239 magis
1066 1183 1337 1239 vituperanda
1358 1193 1421 1223 est
1442 1183 1499 1224 rei
1522 1185 1704 1225 maxime

209 1242 513 1295 gfinecessariae
547 1251 664 1282 tanta
694 1241 866 1282 incuria.
927 1242 1025 1282 Una
1057 1248 1119 1280 est
1149 1240 1262 1280 enim
1294 1239 1478 1281 amicitia
1510 1240 1551 1281 in
1579 1242 1704 1282 rebus

269 1297 481 1348 humanis,
520 1297 571 1339 de
610 1298 733 1354 cujus
772 1297 954 1338 utilitate
995 1311 1142 1337 omnes
1183 1311 1268 1337 uno
1307 1311 1379 1338 ore
1418 1297 1702 1340 consentiunt.

270 1369 529 1411 quamquam
568 1369 592 1396 a
624 1354 770 1395 multis
807 1354 894 1409 ipsa
918 1354 1046 1394 virtus
1077 1354 1378 1404 contemnitur,
1410 1361 1452 1393 et
1478 1353 1704 1396 venditatio

268 1412 464 1468 quaedam
491 1421 618 1467 atque
646 1411 871 1451 ostentatio
903 1424 993 1451 esse
1019 1409 1185 1450 dicitur.
1218 1410 1343 1451 multi
1370 1409 1532 1451 divitias
1563 1410 1702 1467 despi-

267 1469 399 1519 ciunt,
422 1483 527 1524 quos
547 1482 672 1523 parvo
693 1476 915 1508 contentos
941 1467 1077 1507 tenuis
1096 1467 1230 1507 victus
1249 1466 1476 1522 cultusque
1496 1466 1702 1508 delectat:

267 1524 448 1566 honores
484 1539 596 1575 vero,
636 1538 819 1580 quorum
869 1523 1101 1579 cupiditate
1152 1523 1323 1578 quidam
1371 1523 1701 1575 inflammantur,

267 1596 396 1637 quam
431 1581 555 1622 multi
589 1581 647 1621 ita
681 1589 974 1629 contemnunt,
1006 1588 1053 1620 ut
1086 1578 1189 1620 nihil
1225 1579 1400 1630 inanius,
1432 1579 1534 1621 nihil
1570 1579 1701 1622 levius

265 1652 358 1679 esse
377 1638 631 1679 existiment.
652 1637 843 1692 itemque
864 1645 1016 1686 cetera,
1036 1651 1131 1693 quae
1153 1635 1406 1691 quibusdam
1439 1635 1703 1678 admirabilia

264 1694 471 1745 videntur,
500 1693 698 1749 permulti
727 1702 840 1743 sunt,
866 1692 939 1748 qui
970 1707 1046 1749 pro
1075 1692 1207 1732 nihilo
1239 1701 1404 1748 putent.
1436 1693 1489 1734 de
1519 1693 1704 1735 amicitia

265 1765 414 1792 omnes
434 1751 487 1792 ad
508 1765 642 1792 unum
664 1749 774 1791 idem
795 1750 995 1799 sentiunt,
1016 1758 1059 1790 et
1079 1748 1122 1799 ii,
1143 1749 1215 1804 qui
1245 1749 1299 1791 ad
1330 1749 1632 1804 rempublicam
1660 1764 1705 1791 se

265 1808 567 1849 contulerunt:
599 1816 641 1848 et
667 1807 709 1858 ii,
739 1807 810 1862 qui
843 1821 983 1847 rerum
1013 1805 1255 1861 cognitione
1282 1805 1558 1863 doctrinaque
1589 1805 1703 1847 dele-

264 1873 458 1906 ctantur:
491 1874 533 1905 et
553 1863 596 1914 ii,
619 1863 692 1921 qui
714 1879 836 1904 suum
860 1862 1083 1918 negotium
1111 1871 1266 1918 gerunt
1285 1862 1411 1904 otiosi
1431 1880 1439 1903 :
1471 1871 1700 1917 postremo,

264 1920 308 1972 ii,
338 1921 410 1977 qui
436 1935 480 1962 se
503 1929 617 1962 totos
652 1920 915 1961 tradiderunt
936 1919 1234 1973 voluptatibus,
1255 1919 1343 1960 sine
1371 1919 1555 1960 amicitia
1573 1919 1701 1961 vitam

264 1992 356 2019 esse
376 1977 535 2019 nullam
558 1977 757 2027 sentiunt,
780 1977 813 2017 si
834 1975 964 2017 modo
983 1975 1112 2016 velint
1141 1975 1282 2031 aliqua
1302 1989 1353 2016 ex
1378 1984 1497 2031 parte
1521 1975 1702 2016 liberali-

202 2043 252 2084 87
266 2043 328 2076 ter
351 2035 498 2075 vivere.
529 2033 658 2089 serpit
689 2034 814 2083 enim,
844 2032 987 2073 nescio
1013 2032 1246 2088 quomodo,
1276 2046 1350 2087 per
1381 2031 1701 2078 omniumvitas

219 2091 476 2140 b,amieitia:
508 2105 585 2131 nec
621 2090 752 2130 ullam
785 2089 919 2130 aetatis
954 2088 1159 2143 degendae
1192 2088 1396 2129 rationem
1426 2088 1585 2143 patitur
1612 2102 1702 2130 esse

263 2155 478 2203 expertem
499 2147 578 2187 sui.
637 2146 881 2203 Quinetiam
904 2145 938 2186 si
958 2146 1051 2200 quis
1071 2159 1120 2185 ea
1139 2145 1361 2200 asperitate
1383 2154 1462 2196 est,
1484 2154 1526 2187 et
1550 2144 1701 2186 imma-

262 2204 392 2245 nitate
413 2212 587 2254 naturae,
616 2217 868 2258 congressus
895 2211 942 2242 ut
968 2201 1187 2242 hominum
1217 2201 1368 2257 fugiat,
1396 2209 1522 2257 atque
1551 2201 1701 2253 oderit,

263 2260 431 2316 qualem
465 2260 594 2301 fuisse
624 2259 807 2301 Athenis
841 2258 1065 2300 Timonem
1096 2257 1237 2299 nescio
1266 2272 1390 2314 quem
1428 2257 1696 2313 accepimus:

262 2325 404 2359 tamen
437 2316 470 2357 is
500 2317 588 2372 pati
625 2331 708 2357 non
745 2316 891 2371 possit,
921 2323 969 2356 ut
999 2330 1083 2356 non
1124 2314 1317 2371 anquirat
1356 2314 1555 2371 aliquem,
1586 2313 1697 2370 apud

262 2388 388 2429 quem
411 2382 577 2414 evomat
594 2374 703 2414 virus
724 2372 963 2413 acerbitatis
984 2387 1084 2413 suae.
1143 2371 1290 2429 Atque
1315 2370 1397 2411 hoc
1418 2371 1601 2412 maxime
1623 2370 1698 2428 ju-

263 2430 486 2480 dicaretur,
506 2429 541 2470 si
563 2429 664 2486 quid
686 2429 770 2471 tale
788 2436 931 2484 posset
955 2428 1215 2484 contingere,
1235 2437 1284 2469 ut
1310 2427 1462 2482 aliquis
1487 2442 1565 2469 nos
1594 2427 1697 2469 deus

261 2501 312 2528 ex
333 2486 411 2527 hac
431 2486 651 2527 hominum
673 2485 905 2541 frequentia
930 2484 1111 2535 tolleret,
1133 2492 1175 2525 et
1204 2484 1246 2524 in
1275 2483 1503 2525 solitudine
1532 2484 1697 2540 uspiam

262 2543 505 2593 collocaret,
535 2551 660 2598 atque
691 2542 748 2582 ibi
779 2541 1051 2596 suppeditans
1081 2540 1271 2581 omnium
1302 2555 1456 2590 rerum,
1488 2555 1591 2597 quas
1625 2555 1697 2581 na-

263 2609 358 2641 tura
384 2599 606 2649 desiderat,
632 2598 932 2640 abundantiam
963 2606 1005 2637 et
1034 2597 1216 2653 copiam,
1248 2603 1288 2630 60
1306 2597 1489 2639 hominis
1522 2597 1698 2639 omnino

203 2668 252 2701 88
265 2656 523 2713 adspiciendi
548 2664 802 2712 potestatem
829 2655 1019 2710 eriperet.
1048 2654 1141 2710 quis
1172 2662 1256 2695 tam
1290 2661 1401 2696 esset
1432 2654 1603 2706 ferreus,
1624 2653 1698 2712 qui

307 2798 346 2823 60
369 2791 489 2821 hominis
499 2804 525 2823 o.
537 2788 730 2831 adspiciendi]
750 2789 787 2819 In
803 2789 852 2819 ed.
869 2789 958 2819 Grae·
1001 2798 1106 2819 rarum
1133 2789 1263 2827 opinor:
1288 2798 1365 2821 num
1390 2789 1422 2820 in
1453 2788 1550 2821 altera
1573 2789 1624 2820 ed.
1649 2795 1695 2825 at

262 2836 354 2865 viana
376 2836 488 2875 majori
504 2841 550 2867 est
564 2832 752 2875 adipiscendi,
769 2842 869 2864 errore
884 2842 958 2873 opt-
1000 2831 1187 2872 adspiciendi.
