1844 3202
489 117 881 159 FRAGMENTA
919 118 1284 160 POEMATUM.
1518 126 1595 170 946

338 228 366 254 *¹
642 227 753 268 hunc
773 226 981 269 antecedit

171 292 325 332 Obscura
343 296 444 347 specie
460 295 631 333 stellarum
654 296 853 348 Cassiopeia.

220 347 323 385 Hanc
340 356 452 386 autem
471 349 595 386 illustri
613 359 772 387 versatur
792 361 918 402 corpore
929 359 1066 401 propter

166 399 392 446 Andromeda,
411 402 588 451 aufugiens
606 402 794 454 adspectum
814 410 934 441 maesta
948 404 1110 454 parentis.

219 453 311 490 Huic
329 455 443 505 Equus
462 455 516 492 ille
522 455 647 502 jubam
665 458 818 507 quatiens
826 457 968 507 fulgore
986 457 1123 494 micanti

164 503 306 543 Summa
324 509 487 558 contingit
503 519 602 559 caput
622 511 717 554 alvo,
735 511 896 562 stellaque
902 511 1053 561 jungens

164 556 242 594 Una
261 566 347 597 tenet
365 561 509 613 duplices
529 564 688 600 communi
707 565 828 601 lumine
832 565 982 613 fhrmas,

159 611 348 650 AEternum
368 627 410 651 ex
427 616 527 652 astris
546 617 673 667 cupiens
690 628 872 655 connectere
889 617 1021 655 nodum.

158 675 250 714 Exin
269 681 423 717 contortis
441 681 538 718 Aries
557 694 630 719 cum
649 681 799 720 cornibus
815 681 934 720 haeret.

396 930 670 993 ARATI
733 930 1338 1004 PHAENOMENA,

430 1074 489 1120 A.
527 1074 599 1122 M.
635 1073 897 1122 TULLIO
932 1075 1292 1123 CICERONE

289 1193 812 1247 ADOLESCENTE
850 1194 1130 1248 LATINA
1168 1196 1418 1249 FACTA.

673 1333 1032 1360 —...-*-.-.—.

490 1460 586 1502 quae
608 1445 706 1487 hinc
727 1444 934 1501 incipiunt
951 1445 994 1487 in
1013 1445 1080 1488 ed.
1101 1446 1219 1491 Aldi.

142 1529 201 1593 E
228 1555 420 1608 QUIBUS
434 1556 509 1594 hinc
526 1557 640 1594 subter
651 1558 756 1608 possis
774 1570 961 1607 cognoscere
966 1558 1118 1606 fultum,

137 1611 227 1660 Jam
246 1612 321 1648 coeli
339 1610 478 1648 mediam
493 1619 623 1661 partem
642 1611 731 1655 terit,
750 1621 789 1648 ut
799 1611 898 1660 prius
916 1611 989 1649 illae

140 1665 265 1708 Chelae,
284 1679 384 1716 quum
398 1673 511 1714 pectus
529 1663 619 1714 quod
634 1664 780 1700 cernitur
803 1663 945 1702 Orionis.

137 1719 185 1755 Et
199 1729 297 1769 prope
313 1718 481 1767 conspicies
492 1727 643 1767 parvum
662 1716 725 1752 sub
737 1725 865 1766 pectore
881 1716 971 1754 claro

134 1771 359 1808 Andromedae
377 1771 523 1820 signum,
544 1769 699 1807 Deltoton
717 1770 823 1806 dicere
842 1770 943 1806 Graii
1540 1778 1564 1812 5

140 1825 240 1875 Quod
255 1825 352 1861 soliti,
368 1824 469 1860 simili
485 1823 693 1874 quiafhrma
710 1822 824 1860 littera
842 1824 949 1861 claret
960 1839 973 1860 .-

134 1878 228 1916 Huic
244 1879 350 1928 spatio
370 1876 505 1914 ductum
524 1877 623 1913 simili
642 1877 732 1913 latus
751 1884 862 1913 exstat
878 1886 1068 1928 utrumque.

130 1934 183 1969 At
202 1945 265 1968 non
284 1932 383 1968 tertia
397 1941 480 1980 pars
501 1930 614 1966 lateris
627 1946 638 1966 :
668 1942 810 1980 namque
827 1939 874 1966 est
893 1930 998 1968 minor
1015 1929 1094 1974 illis,

133 1985 205 2023 Sed
220 1985 320 2022 stellis
339 1984 433 2033 longe
451 1984 556 2031 densis
571 1983 741 2033 praeclara
759 1983 894 2020 relucet.

127 2038 271 2087 Inferior
284 2038 399 2088 paullo
415 2046 463 2074 est
480 2037 592 2079 Aries,
610 2046 640 2073 et
648 2036 780 2083 flamen
801 2035 850 2072 ad
866 2037 988 2074 Austri
1008 2071 1010 2073 .
1514 2044 1562 2082 19

129 2092 341 2135 Inclinatior‚
360 2101 460 2141 atque
478 2091 578 2127 etiam
597 2090 818 2126 vehementius
837 2089 894 2127 illo

130 2145 256 2188 Pisces,
274 2158 410 2195 quorum
430 2144 517 2180 alter
530 2143 647 2193 paullo
662 2142 867 2194 praelabitur
885 2152 976 2187 ante,

129 2198 178 2235 Et
198 2198 307 2248 magis
326 2197 500 2234 horrisonis
522 2196 694 2247 Aquilonis
714 2197 870 2247 tangitur
887 2197 965 2234 alis.

127 2253 240 2301 Atque
255 2251 368 2288 horum
388 2266 405 2287 e
423 2249 539 2288 caudis
558 2249 702 2300 duplices
720 2249 817 2286 velut
834 2262 900 2286 esse
917 2259 1047 2288 catena

127 2304 310 2348 Dicuntur,
328 2318 390 2341 sua
411 2303 559 2341 diversae
569 2314 630 2354 per
648 2303 777 2339 Iumina
794 2312 928 2353 serpunt
942 2319 955 2339 .·
1509 2308 1567 2346 15-

124 2359 238 2407 Atque
257 2370 323 2393 una
342 2357 472 2394 tandem
495 2358 528 2393 in
547 2356 643 2393 stella
661 2357 875 2393 communiter
894 2355 1033 2402 hmani,

130 2411 242 2460 Quam
261 2420 387 2447 veteres
406 2410 492 2447 soliti
510 2410 668 2447 coelestem
686 2409 790 2447 dicere
810 2409 960 2449 Nodum.

122 2463 346 2501 Andromedae
364 2464 452 2500 laevo
469 2476 511 2500 ex
528 2463 659 2500 humero
677 2464 705 2499 si
731 2471 744 2494 1
760 2476 909 2514 quaerere
922 2475 1052 2514 pergas,

122 2518 321 2568 Appositum
336 2517 454 2567 poteris
472 2530 573 2566 supra
591 2530 776 2567 cognoscere
798 2517 935 2555 Piscem.

124 2571 159 2607 E
171 2569 311 2621 pedibus
330 2577 451 2607 votum
471 2584 595 2606 summo
611 2579 711 2607 notus
730 2570 826 2618 Jove
847 2572 1001 2616 Perseus,
1498 2575 1552 2614 20

128 2625 218 2675 Quos
234 2623 376 2660 humeris
395 2624 510 2660 retinet
527 2623 634 2669 defixo
653 2635 780 2674 corpore
801 2625 941 2661 Perseus
955 2641 968 2661 .-

127 2678 234 2728 Quem
251 2691 382 2714 summa
401 2676 446 2714 ab
466 2678 593 2726 regione
612 2678 787 2728 Aquilonis
794 2677 947 2725 flamina
958 2676 1114 2728 pulsant.

163 2793 179 2817 1
204 2797 334 2829 quaerere
342 2784 458 2826 perges]
483 2786 582 2817 Aldus
603 2797 736 2828 quaesere.
756 2788 812 2818 Fe·
855 2787 919 2816 iam
935 2786 1049 2817 dixisse
1064 2795 1202 2828 quesere.
1217 2785 1263 2817 sie
1277 2789 1324 2815 est
1337 2783 1424 2824 apud
1445 2781 1551 2818 Plane:

118 2834 185 2862 ntus
207 2836 307 2870 notat,
330 2829 520 2871 antiquiores
542 2839 598 2870 pro
620 2841 746 2872 quaerere
768 2837 813 2861 et·
856 2829 1005 2859 Bacchid.
1022 2830 1067 2868 11,
1085 2838 1128 2863 n.
1143 2828 1188 2860 sic
1203 2834 1234 2860 et
1248 2828 1372 2863 Enn'ms
1387 2827 1476 2858 dixit.

857 2883 973 2927 31²3
