1844 3202
533 99 713 138 LIBER
750 96 1087 137 SECUNDUS.
1448 104 1525 146 747

96 217 233 260 munt,
251 216 324 250 aut
353 221 409 249 aes
436 206 620 248 alienum
648 204 882 260 suscipiunt
912 203 1162 254 amicorum,
1183 211 1257 244 aut
1280 203 1323 245 in
1348 204 1527 248 filiarum

93 266 375 307 collocatione
404 263 616 319 adjuvant,
650 270 722 302 aut
754 260 1016 316 opitulantur
1045 260 1108 301 vel
1138 260 1180 300 in
1215 274 1258 300 re
1288 262 1527 315 quaerenda,

95 322 158 363 vel
186 320 392 377 augenda.
453 320 600 374 Itaque
626 318 770 367 miror,
791 317 892 373 quid
926 317 965 357 in
992 325 1175 357 mentem
1204 317 1360 357 venerit
1386 318 1528 360 Theo-

94 378 283 434 phrasto,
302 377 344 418 in
363 389 414 416 eo
439 375 563 426 libro,
585 389 710 430 quem
738 374 792 415 de
819 373 971 415 divitiis
999 373 1192 428 scripsit:
1224 373 1265 413 in
1287 387 1373 428 quo
1394 375 1529 416 multa

93 433 319 489 praeclare3
350 431 455 473 illud
480 431 674 472 absurde.
733 432 810 472 Est
831 430 941 470 enim
963 429 1124 470 multus
1144 430 1185 470 in
1207 428 1418 470 laudanda
1438 445 1530 471 ma·

91 489 347 545 gnificentia,
369 497 412 529 et
431 488 702 544 apparatione
721 487 986 543 popularium
1009 500 1231 527 munerum
1254 502 1263 526 :
1293 485 1528 541 taliumque

93 554 311 586 sumtuum
333 544 593 596 facultatem,
614 545 798 586 fructum
820 543 1058 585 divitiarum
1078 552 1214 599 putat.
1256 542 1368 583 Mihi
1387 552 1529 583 autem

91 601 164 643 ille
183 602 343 643 fructus
371 601 647 652 liberalitatis,
667 600 789 656 cujus
809 600 1002 656 exempla
1019 614 1156 655 pauca
1176 599 1314 655 posui,
1336 607 1374 631 ⁵⁵
1393 598 1531 640 multo

90 667 136 699 et
155 657 290 715 major
310 657 488 709 videtur,
509 667 552 700 et
573 658 738 700 certior.
798 658 972 713 Quanto
999 655 1254 698 Aristoteles
1280 655 1463 711 gravius,
1487 664 1531 697 et

92 715 227 756 verius
252 729 329 755 nos
355 714 637 770 reprehendit,
658 715 730 770 qui
751 713 826 755 has
848 712 1121 769 pecuniarum
1143 713 1367 754 effusiones
1389 718 1427 744 56
1445 727 1530 753 non

93 771 363 822 admiremur,
385 786 478 827 quae
507 771 614 812 fiunt
645 771 698 812 ad
728 770 1042 811 multitudinem
1074 768 1381 811 deleniendam.
1413 777 1456 810 at
1486 769 1529 820 ii,

91 827 165 884 qui
187 828 240 868 ab
258 827 381 869 hoste
398 827 659 878 obsidentur,
675 828 708 869 si
727 841 866 868 emere
883 842 1003 883 aquae
1025 827 1250 867 sextarium
1272 835 1308 862 ⁵7
1321 826 1436 868 mina
1455 838 1528 867 co-
1541 845 1571 875 p.
1585 843 1639 868 ⁴5.

88 893 262 940 gantur,
281 883 363 926 hoc
384 884 523 940 primo
543 883 786 934 incredibile
807 884 928 925 nobis
949 883 1092 934 videri,
1113 898 1343 939 omnesque
1361 883 1503 924 mirari
1519 899 1528 924 :
1542 888 1570 910 ³·

93 940 183 992 sed,
197 955 294 982 cum
313 941 584 992 attenderint,
600 941 758 982 veniam
780 940 1017 982 necessitati
1038 940 1136 981 dare
1155 957 1164 981 ε
1187 940 1229 980 in
1249 940 1313 981 his
1335 940 1530 981 immani-

90 997 173 1038 'bus
188 997 381 1053 jacturis,
402 997 655 1054 infinitisque
677 998 902 1049 sumtibus,
924 997 1028 1038 nihil
1059 1011 1135 1037 nos
1165 1010 1425 1052 magnopere
1450 996 1531 1037 mi-

93 1054 174 1095 rari
183 1069 196 1105 3
217 1068 314 1095 cum
335 1055 567 1110 praesertim
588 1069 665 1095 nec
688 1054 924 1095 necessitati
945 1053 1225 1105 subveniatur,
1247 1068 1323 1094 nec
1345 1053 1531 1108 dignitas

93 1120 328 1165 augeatur3
367 1111 541 1167 ipsaque
570 1111 643 1152 illa
673 1110 897 1152 delectatio
927 1109 1211 1151 multitudinis
1242 1110 1295 1151 sit
1325 1109 1378 1151 ad
1409 1111 1532 1151 breve

91 1167 382 1223 exiguumque
410 1177 577 1223 tenipus
592 1183 605 1218 ;
637 1181 769 1223 eaque
798 1182 823 1208 a
853 1167 1063 1208 levissimo
1093 1181 1291 1222 quoque:
1326 1174 1363 1198 ⁵8
1381 1167 1423 1207 in
1445 1181 1531 1222 quo

89 1230 234 1264 tamen
255 1223 361 1279 ipso,
375 1239 459 1265 una
478 1238 576 1265 cum
595 1224 801 1275 satietate,
818 1224 1022 1264 memoria
1041 1237 1210 1278 quoque
1231 1223 1437 1264 moriatur
1458 1237 1532 1264 vo-

92 1278 282 1335 luptatis.
340 1281 454 1321 Bene
482 1281 608 1322 etiam
635 1280 814 1335 colligit,
837 1281 928 1321 haec
957 1279 1113 1336 pueris,
1132 1288 1175 1321 et
1195 1279 1468 1330 mulierculis,
1488 1288 1532 1321 et
1543 1289 1593 1330 57

93 1336 234 1387 servis,
255 1345 299 1378 et
325 1351 536 1378 servorum
567 1337 790 1379 simillimis
819 1337 974 1387 liberis,
995 1350 1084 1377 esse
1114 1344 1265 1391 grata:
1297 1336 1413 1391 gravi
1435 1350 1531 1377 vero

92 1391 270 1447 homini,
292 1401 330 1428 ⁵9
344 1402 387 1434 et
407 1408 472 1446 ea,
494 1409 588 1449 quae
609 1394 722 1445 fiant,
738 1393 901 1450 judicio
930 1402 1047 1435 certo
1074 1393 1341 1449 ponderanti,
1362 1393 1533 1448 probari

94 1462 218 1504 posse
248 1450 366 1491 nullo
402 1450 549 1491 modo.
587 1466 845 1507 quamquam
879 1450 1087 1506 intelligo,
1118 1449 1161 1490 in
1191 1459 1337 1490 nostra
1365 1449 1533 1490 civitate

93 1507 340 1548 inveterasse
363 1506 454 1563 jam
486 1522 510 1548 a
538 1507 661 1548 bonis
692 1507 968 1563 temporibus,
990 1516 1038 1547 ut
1063 1505 1261 1562 splendor
1282 1504 1534 1547 aedilitatum

93 1563 147 1604 ab
168 1563 341 1619 optimis
364 1564 458 1605 viris
478 1564 727 1619 postuletur.
749 1564 892 1620 itaque
912 1574 954 1605 et
974 1565 1017 1604 Ρ.
1038 1563 1230 1614 Crassus,
1248 1577 1346 1603 cum
1369 1576 1532 1618 cogno-

93 1619 208 1661 mine
228 1619 359 1672 dives,
381 1630 472 1662 tum
493 1621 641 1675 copiis,
659 1622 831 1663 functus
853 1631 916 1662 est
935 1619 1116 1662 aedilicio
1137 1619 1323 1660 maximo
1342 1633 1530 1660 munere.

92 1677 151 1718 Et
170 1676 313 1732 paullo
332 1686 430 1733 post
457 1678 507 1718 L.
532 1677 710 1719 Crassus
737 1692 836 1719 cum
866 1677 1056 1718 omnium
1088 1676 1310 1717 hominum
1338 1675 1534 1717 modera-

92 1732 257 1774 tissimo
287 1735 343 1791 Q.
372 1734 539 1786 Mucio,
567 1733 982 1791 magnificentissima
1012 1732 1211 1774 aedilitate
1241 1732 1409 1773 functus
1438 1741 1530 1774 est:

92 1788 244 1831 deinde
267 1790 319 1832 C.
342 1790 560 1843 Claudius,
581 1791 711 1847 Appii
739 1790 875 1832 filius:
907 1789 1030 1832 multi
1061 1798 1172 1846 post,
1200 1789 1385 1838 Luculli,
1415 1790 1533 1830 Hor·

94 1847 268 1898 tensius,
290 1847 470 1889 Silanus.
501 1862 646 1889 omnes
667 1855 810 1889 autem
832 1848 875 1888 P.
896 1846 1119 1897 Lentulus,
1134 1860 1204 1886 me
1223 1845 1413 1897 consule,
1433 1845 1533 1888 vicit

92 1903 342 1958 superiores.
389 1904 501 1946 hunc
534 1914 598 1947 est
632 1905 813 1946 Scaurus
843 1903 1045 1945 imitatus.
1105 1902 1535 1958 Magnificentissima

93 1973 192 2000 vero
220 1960 352 2001 nostri
381 1961 570 2016 Pompeii
603 1975 777 2002 munera
805 1959 993 2002 secundo
1023 1959 1273 2001 consulatu:
1305 1959 1347 1999 in
1378 1959 1532 2015 quibus
1603 2004 1610 2011 ¹

96 2016 293 2058 ‘omnibus
314 2017 416 2072 quid
436 2018 541 2059 mihi
562 2018 738 2074 placeat,
760 2016 887 2058 vides.
942 2015 1129 2058 Vitanda
1148 2024 1291 2057 tamen
1312 2024 1375 2056 est
1395 2015 1531 2072 suspi-
1549 2011 1615 2066 17

96 2073 165 2114 cio
197 2074 391 2115 avaritiae.
466 2075 705 2126 Mamerco,
742 2073 905 2115 homini
935 2072 1198 2123 divitissimo,
1232 2073 1531 2128 praetermissio
1545 2084 1609 2132 581

96 2129 308 2172 aedilitatis
329 2132 572 2173 consulatus
598 2131 807 2187 repulsam
832 2130 988 2172 attulit.
1045 2130 1189 2186 Quare
1210 2138 1267 2179 et,
1289 2129 1323 2169 si
1342 2129 1532 2184 postula-

94 2195 165 2238 tur
179 2201 205 2228 a
224 2187 396 2243 populo,
411 2188 532 2229 bonis
549 2188 644 2232 viris
663 2188 696 2229 si
714 2202 798 2229 non
815 2186 1161 2242 desiderantibus,
1175 2190 1358 2227 attamen
1378 2200 1534 2241 appro-

91 2243 307 2296 bantibus,
327 2244 567 2286 faciendum
590 2254 668 2296 est,
688 2244 820 2286 modo
839 2258 917 2300 pro
938 2243 1210 2285 facultatibus
1229 2258 1240 2293 3
1272 2257 1348 2283 nos
1376 2243 1454 2298 ipsi
1483 2252 1531 2283 ut

94 2300 298 2349 fecimus:
329 2312 387 2352 et,
408 2301 613 2357 siquando
643 2301 782 2357 aliqua
813 2315 877 2342 res
905 2300 1055 2357 major,
1078 2309 1205 2355 atque
1229 2299 1374 2341 utilior
1393 2313 1532 2354 popu-

97 2356 173 2398 lari
191 2357 414 2413 largitione
434 2359 691 2415 acquiritur3
721 2367 770 2400 ut
790 2356 929 2400 Oresti
949 2371 1080 2413 nuper
1098 2356 1274 2412 prandia
1301 2355 1346 2396 in
1373 2355 1530 2398 semitis
1542 2360 1576 2394 b.

142 2513 181 2536 35
205 2504 294 2534 multo
309 2512 336 2535 et
350 2506 441 2546 major
454 2506 574 2536 videtur
589 2512 616 2536 et
631 2506 671 2545 c.]
688 2513 716 2535 et
730 2517 793 2536 ma·
836 2505 981 2547 profluat
991 2505 1211 2541 scribendum,
1228 2503 1400 2544 quaefiant.

88 2549 140 2594 jor
161 2549 242 2579 edidi
266 2558 344 2579 cum
366 2549 491 2579 Graevio
515 2557 550 2579 ut
571 2550 641 2580 edd.
666 2560 710 2589 pr.
734 2551 792 2580 ha·
881 2557 916 2584 :17
943 2549 1022 2578 mina
1037 2548 1186 2588 cogantur]
1207 2548 1258 2578 Sic
1282 2554 1364 2578 recte
1383 2556 1438 2587 pro
1455 2557 1532 2585 coge-

98 2593 187 2628 bent‚
204 2601 258 2630 pro
274 2592 361 2620 etiam
377 2592 478 2631 major.
501 2594 598 2632 possit
619 2600 649 2622 et
671 2593 793 2632 simpli·
836 2599 935 2621 rentur
950 2592 1044 2621 edidit
1061 2591 1216 2621 Pearcius.
1239 2590 1377 2630 postulat
1397 2590 1532 2620 latinitas

90 2637 176 2665 *citer
197 2635 245 2665 edi
267 2635 358 2675 major
381 2641 407 2664 et
430 2636 543 2672 certior,
562 2644 596 2666 ut
617 2643 662 2666 est
679 2637 710 2666 in
729 2636 793 2667 Ms.
836 2636 923 2665 etsie
939 2642 984 2664 est
1001 2635 1032 2664 in
1051 2635 1114 2664 Ms.
1132 2634 1195 2664 Pal.
1212 2635 1326 2673 primo.

100 2678 198 2707 Goth.
882 2685 920 2709 53
945 2677 975 2706 in
999 2689 1052 2718 quo
1079 2684 1174 2706 tamen
1201 2675 1272 2716 ipso]
1300 2677 1351 2707 Sc.
1372 2675 1534 2707 levissimo

143 2725 182 2750 ⁵6
205 2731 257 2749 non
283 2718 472 2758 admiremur]
502 2720 626 2751 Dicitur
649 2720 794 2750 admirari
836 2721 892 2751 illo
907 2721 1052 2751 homine.
1512 2716 1520 2723 ¹

100 2765 130 2793 in
155 2770 273 2802 partem
297 2764 505 2799 deteriorem3
529 2764 582 2793 sed
605 2765 720 2794 melius
738 2775 793 2793 non
881 2771 920 2796 59
943 2771 971 2792 et
993 2775 1038 2799 ea,
1062 2773 1128 2804 qua·
1140 2760 1237 2802 fiunt]
1259 2761 1321 2792 Hic
1346 2770 1472 2801 quoque
1489 2759 1533 2790 le—

96 2805 240 2837 deleatur
259 2813 300 2841 ‚ut
323 2807 445 2842 factum
470 2806 502 2839 in
525 2806 574 2839 ed.
596 2807 692 2839 Rom.
719 2814 792 2838 tum
835 2807 975 2846 gendum
982 2807 1076 2847 fiant.
