1844 3202
576 129 755 168 LIBER
780 126 1055 165 TERTIUS.
1445 126 1518 168 675

106 238 192 280 tia?
225 246 261 276 2⁷
277 238 384 295 Quis
403 250 603 293 umquam
623 245 710 277 tam
731 234 879 284 audax,
899 242 985 274 tam
1007 230 1199 272 inimicus
1219 231 1339 271 nobis
1361 231 1520 281 fuisset,

107 304 156 336 ut
185 286 388 351 cogitaret
407 307 605 349 umquam
637 292 689 333 de
710 300 820 333 statu
839 301 982 331 nostro
1002 286 1308 335 labefactando,
1331 287 1407 326 nisi
1428 301 1521 327 mu-

106 364 275 392 cronem
305 350 484 405 aliquem
515 348 783 391 tribunicium
812 346 1041 395 exacuisset
1068 345 1108 384 in
1135 344 1239 383 nos?
1273 355 1394 396 quem
1425 356 1520 382 cum

106 405 296 448 homines
316 405 501 447 scelerati
523 420 570 446 ac
597 404 764 458 perditi,
782 412 820 437 28
838 417 922 443 non
946 401 1074 442 modo
1099 400 1186 440 ulla
1215 399 1256 438 in
1281 398 1424 446 domo,
1451 398 1522 437 sed

106 462 219 503 nulla
246 462 288 502 in
319 470 448 517 gente
479 461 716 516 reperirent,
751 468 790 494 29
805 469 952 514 gentes
984 457 1062 498 sibi
1095 457 1135 496 in
1170 454 1351 495 tenebris
1385 453 1522 507 reipu-

104 518 224 558 blicae
245 517 544 573 perturbandas
571 525 832 572 putaverunt.
891 514 1020 571 Quod
1051 513 1171 553 nobis
1201 510 1370 566 quidem
1401 519 1565 573 egre—b.

103 573 239 628 gium,
264 583 306 615 et
332 574 385 615 ad
414 573 770 615 immortalitatem
797 571 1011 612 memoriae
1035 569 1282 625 gloriosum,
1314 579 1523 606 nemmem

105 629 145 670 in
175 644 250 671 nos
279 630 470 671 mercede
497 630 584 670 ulla
609 629 822 670 tribunum
853 627 1038 683 potuisse
1064 625 1248 680 reperiri,
1273 623 1350 664 nisi
1381 623 1451 663 cui
1474 635 1524 662 ue

105 699 195 727 esse
216 686 385 742 quidem
407 686 593 727 licuisset
614 686 795 726 tribuno.
855 684 936 725 Sed
961 683 1031 724 ille
1057 697 1158 737 quas
1180 689 1340 736 strages
1362 678 1490 719 edidit
1509 679 1588 718 ?22

106 755 176 783 eas
197 742 402 793 videlicet,
423 757 525 798 quas
545 743 632 783 sine
657 741 830 792 ratione,
852 755 899 781 ac
928 740 1014 780 sine
1039 738 1123 779 ulla
1151 752 1224 792 spe
1257 737 1380 785 bona,
1411 736 1528 776 furor

107 797 228 840 edere
258 799 397 854 potuit
425 799 598 854 impurae
629 798 780 849 beluae,
807 796 1035 838 multorum
1066 795 1347 836 inflammatus
1376 792 1528 833 furori-

109 854 200 896 bus.
259 855 547 912 Quamobrem
587 855 628 895 in
666 855 745 895 ista
781 853 950 910 quidem
992 865 1035 892 re
1064 851 1329 892 vehementer
1366 848 1528 890 Sullam

106 911 256 966 probo,
278 912 350 967 qui
370 911 545 953 tribunis
566 910 699 966 plebis
718 925 792 951 sua
820 910 914 964 lege
935 907 1094 964 injuriae
1115 906 1314 948 faciendae
1342 913 1530 960 potesta-

109 975 196 1008 tem
226 967 441 1018 ademerit,
467 967 607 1008 auxilii
638 966 796 1008 ferendi
824 965 1061 1021 reliquerit:
1092 963 1423 1018 Pompeiumque
1454 976 1531 1002 no-

109 1033 242 1064 strum
280 1032 320 1056 80
333 1024 481 1065 ceteris
516 1024 639 1065 rebus
676 1023 884 1072 omnibus,
917 1035 1082 1076 semper
1113 1019 1379 1076 amplissimis
1415 1033 1532 1059 sum-

110 1080 273 1135 misque
304 1080 431 1121 effero
462 1080 682 1130 laudibus;
715 1079 765 1120 de
797 1078 1018 1120 tribunicia
1049 1086 1257 1132 potestate
1289 1086 1422 1118 taceo.
1456 1088 1533 1115 nec

111 1136 222 1177 enim
261 1136 561 1192 reprehendere
600 1136 716 1186 libet,
757 1149 834 1176 nec
868 1134 1039 1175 laudare
1075 1148 1261 1189 possum.
1321 1133 1386 1172 M.
1419 1131 1535 1172 Vitia
1550 1124 1617 1172 lO

111 1192 279 1247 quidem
304 1193 538 1233 tribunatus
558 1192 769 1247 praeclare,
789 1191 962 1247 Quinte,
984 1189 1196 1245 perspicis.
1256 1188 1339 1229 Sed
1366 1196 1431 1229 est
1455 1187 1533 1228 ini·
1545 1198 1594 1232 23

110 1263 195 1304 qua
214 1249 258 1289 in
279 1248 395 1289 omni
416 1263 458 1289 re
478 1248 726 1298 accusanda,
746 1246 1034 1302 praetermissis
1054 1246 1190 1295 bonis,
1207 1245 1415 1286 malorum
1434 1258 1538 1285 enu-

112 1305 305 1354 meratio,
327 1305 606 1359 vitiorumque
630 1303 814 1345 selectio.
872 1304 985 1343 Nam
1013 1303 1094 1343 isto
1123 1302 1292 1357 quidem
1323 1301 1452 1342 modo
1475 1300 1539 1341 vel

113 1360 354 1402 consulatus
373 1360 578 1416 vituperio
603 1370 682 1411 est,
703 1360 736 1400 si
763 1359 1000 1408 consulum,
1021 1373 1125 1414 quos
1155 1372 1399 1398 enumerare
1423 1356 1538 1407 nolo,

74 1440 77 1443 ·
113 1427 286 1472 peccata
313 1417 547 1472 collegeris.
605 1418 700 1473 Ego
728 1416 836 1457 enim
870 1415 1004 1456 fateor
1030 1416 1072 1455 in
1104 1415 1184 1455 ista
1207 1415 1298 1470 ipsa
1331 1422 1540 1469 potestate

113 1473 247 1515 inesse
275 1473 473 1529 quiddam
507 1473 621 1514 mali.
681 1473 764 1513 Sed
797 1472 970 1522 bonum,
1002 1471 1115 1527 quod
1149 1479 1211 1511 est
1241 1470 1462 1526 quaesitum
1497 1470 1539 1512 in

114 1543 178 1580 ea,
202 1530 290 1571 sine
314 1531 396 1571 isto
422 1529 534 1571 malo
563 1544 646 1571 non
676 1529 941 1570 haberemus.
999 1528 1145 1569 Nimia
1171 1537 1357 1582 potestas
1382 1536 1446 1567 est
1464 1525 1540 1566 tri-

115 1586 326 1627 bunorum
356 1587 504 1641 plebis.
535 1587 628 1641 quis
658 1587 815 1640 negat?
848 1584 920 1625 sed
949 1585 1007 1626 vis
1036 1583 1183 1640 populi
1212 1583 1350 1625 multo
1381 1582 1541 1634 saevior,

115 1642 333 1698 multoque
365 1643 663 1692 vehementior,
698 1657 792 1697 quae
825 1641 975 1682 ducem
1012 1640 1126 1696 quod
1157 1640 1299 1691 habet,
1331 1638 1542 1680 interdum

114 1698 248 1740 lenior
274 1709 352 1750 est,
383 1713 509 1755 quam
536 1699 570 1740 si
598 1699 760 1740 nullum
789 1697 974 1738 haberet.
1003 1697 1088 1738 dux
1114 1697 1225 1738 enim
1253 1711 1330 1738 suo
1355 1695 1543 1751 periculo

117 1755 316 1810 progredi
340 1755 525 1810 cogitat:
557 1755 703 1810 populi
725 1754 907 1808 impetus
932 1754 1106 1809 periculi
1135 1754 1339 1793 rationem
1367 1752 1431 1794 sui
1458 1767 1542 1793 non

118 1811 259 1851 habet.
318 1812 379 1853 At
408 1811 634 1867 aliquando
666 1810 900 1852 incenditur
911 1826 924 1860 3
955 1819 998 1850 et
1028 1809 1198 1865 quidem
1225 1823 1337 1865 saepe
1361 1808 1609 1850 sedam-‚24

119 1867 235 1921 quod
266 1868 376 1908 enim
405 1877 468 1908 est
493 1876 578 1908 tam
611 1868 878 1921 desperatum
912 1865 1154 1921 collegium,
1181 1866 1223 1906 in
1256 1880 1341 1921 quo
1373 1879 1499 1908 nemo
1522 1879 1546 1906 e

120 1923 267 1964 decem
288 1938 386 1964 sana
405 1934 545 1965 mente
565 1924 645 1965 sit?
678 1931 715 1955 31
736 1923 836 1978 quin
863 1922 998 1976 ipsum
1019 1923 1085 1963 Ti.
1107 1922 1349 1963 Gracchum
1369 1937 1454 1963 non
1475 1936 1545 1962 so-

119 1979 209 2022 lum
231 1980 394 2031 vetitus,
416 1980 487 2020 sed
507 1980 633 2021 etiam
654 1979 842 2021 sublatus
862 1979 1112 2020 intercessor
1131 1977 1380 2034 perculerat.
1429 1977 1548 2034 Quid

121 2036 231 2077 enim
252 2036 371 2077 illum
393 2036 716 2091 aliud-perculit,
738 2035 815 2076 nisi
836 2035 952 2091 quod
981 2044 1234 2090 potestatem
1261 2033 1547 2076 intercedendi

120 2092 297 2149 collegae
332 2093 575 2149 abrogavit:
622 2092 695 2134 sed
731 2100 770 2125 32
787 2100 835 2133 tu
868 2092 1112 2148 sapientiam
1146 2091 1355 2150 majorum
1392 2091 1435 2132 in
1471 2090 1677 2135 mov-189·

1555 2147 1588 2172 Ι.

167 2243 205 2272 27
231 2237 304 2268 Quis
319 2246 529 2280 umquam—ut
544 2236 697 2281 umquam]
716 2238 815 2269 Alter·
901 2243 942 2269 30
964 2237 1064 2267 ceteris
1080 2237 1160 2267 rebus
1174 2236 1313 2277 omnibus]
1334 2238 1492 2269 Excidisse
1507 2239 1554 2269 vi-

124 2287 233 2311 utrum
259 2292 394 2323 umquam
420 2283 487 2312 sine
517 2283 614 2312 dubio
644 2282 816 2312 delendum
860 2281 949 2311 detur
965 2281 1004 2310 in.

125 2330 180 2353 est.
197 2333 254 2362 ego
268 2326 448 2355 secundum
463 2324 644 2355 deleverim.
899 2330 937 2354 31
963 2323 1034 2364 quin
1052 2323 1144 2362 ipsum
1165 2324 1198 2353 T.
1217 2323 1274 2354 Gr.
1293 2334 1347 2352 non
1369 2323 1457 2353 solum
1476 2323 1556 2353 veti-

170 2372 209 2396 28
231 2377 289 2395 non.
299 2367 376 2396 modo
391 2366 452 2396 ulla
469 2368 498 2396 in
512 2367 601 2404 domo,
619 2367 666 2397 sed
682 2366 762 2397 nulla
786 2367 815 2398 in
860 2373 916 2403 tus,
933 2365 983 2395 sed
995 2366 1083 2395 etlam
1099 2365 1226 2395 sublatus
1246 2367 1409 2396 intercessor
1422 2365 1556 2406 percule·

123 2407 223 2448 gente]
249 2409 422 2440 Lambinus
448 2420 503 2449 pro
531 2409 593 2440 ulla
615 2411 700 2441 dedit
722 2409 815 2447 nulla,
861 2410 921 2447 rat]
947 2409 998 2439 Sic
1021 2419 1099 2439 cum
1122 2409 1250 2439 Davisio
1269 2410 1340 2440 dedi
1356 2419 1411 2449 pro
1426 2409 1556 2449 vulgato

126 2451 212 2491 quod
227 2460 302 2481 sane
317 2459 363 2482 est
378 2453 510 2483 facilius.
551 2453 612 2483 Sed
626 2455 702 2493 quia
718 2454 748 2483 in
765 2464 818 2482 non
861 2452 930 2494 quin
950 2458 1003 2490 per
1025 2452 1046 2482 i.
1069 2453 1101 2482 T.
1121 2452 1178 2482 Gr.
1201 2463 1254 2481 non
1276 2452 1364 2482 solum
1386 2459 1495 2488 nectus,
1510 2451 1560 2481 sed

127 2494 204 2523 modo
217 2505 269 2523 non
279 2495 381 2525 omitti
396 2502 498 2535 potest
511 2496 647 2527 alterum
659 2507 712 2525 non
723 2496 819 2526 etiam
864 2495 950 2524 etiam
975 2493 1103 2524 sublatus
1129 2495 1292 2524 intercessor
1304 2495 1425 2535 fuerat,
1450 2502 1486 2524 ut
1511 2501 1558 2524 ta-

127 2539 257 2576 quando
278 2538 418 2577 sequitur
440 2538 489 2568 sed
510 2539 608 2568 etiam.
630 2550 660 2570 v.
679 2539 768 2569 Clav.
787 2539 820 2569 in
865 2548 938 2568 men
955 2544 1046 2574 esset,
1062 2539 1147 2577 quod
1165 2537 1296 2576 intelligi
1312 2545 1424 2577 posset.
1470 2537 1509 2567 Et
1524 2537 1557 2567 in

128 2590 183 2608 non
197 2579 274 2609 modo
289 2591 353 2617 non,
369 2581 464 2611 etiam
479 2581 645 2621 vulgatum
661 2582 730 2613 ferri
754 2588 821 2621 pot·
865 2582 914 2611 his
934 2591 1039 2610 unum
1053 2580 1216 2618 perculerat
1233 2588 1280 2610 est
1298 2590 1315 2610 e
1336 2581 1519 2618 conjectura
1541 2589 1559 2609 e

130 2629 188 2652 est.
864 2633 931 2662 seq.
948 2622 1086 2662 perculit.
1110 2623 1273 2654 historiam
1290 2624 1359 2653 vide
1380 2624 1463 2662 apud
1487 2622 1560 2652 Plu·

175 2671 215 2698 29
234 2670 330 2703 gentes
346 2665 660 2706 sibi—perturbandas]
685 2668 736 2698 Sc.
759 2668 822 2697 Ro-
864 2667 964 2697 tarch.
980 2667 1013 2696 in
1030 2666 1194 2697 Gracchis.

132 2716 256 2743 manas,
280 2709 422 2747 patricias
443 2716 474 2739 et
490 2709 625 2748 plebeias
641 2723 647 2740 :
671 2711 754 2750 quod
778 2711 823 2739 fa·-
909 2715 948 2740 32
974 2715 1006 2738 tu
1021 2709 1192 2747 sapientiam
1213 2708 1351 2747 majorum
1367 2708 1396 2736 in
1411 2707 1461 2736 illo
1476 2707 1558 2747 vide]

132 2756 222 2780 ctum
248 2757 293 2780 est
315 2761 368 2790 per
392 2751 554 2788 Clodium,
576 2762 652 2783 cum
676 2753 823 2793 patricius
867 2752 905 2782 In
930 2751 985 2782 illo
1011 2753 1149 2790 negotio,
1175 2759 1212 2782 ut
1234 2751 1396 2780 tribunatu
1420 2751 1562 2780 inducto.

131 2793 198 2830 ipse
214 2792 299 2823 fieret
313 2794 399 2824 Trib.
424 2794 542 2834 plebis:
566 2805 642 2826 mox
659 2796 714 2826 nisi
729 2795 775 2826 cui
791 2806 824 2824 ne
868 2794 919 2824 Sic
943 2795 1023 2824 bene
1043 2795 1176 2824 correxit
1199 2793 1356 2824 Davisius.
1394 2793 1500 2833 Vulgo
1519 2801 1564 2824 est

134 2834 259 2866 licuisset
274 2836 387 2878 quidem
403 2847 458 2868 esse
476 2837 597 2867 tribuno.
868 2836 1009 2876 sapientia
1027 2837 1140 2876 majori.

828 2892 842 2903 '³
879 2900 1006 2938 xx4
