1844 3202
625 120 805 159 LIBER
841 119 1082 158 PRIMUS.
1491 126 1564 165 721

139 244 223 271 non
244 229 404 281 odiosa,
425 241 558 284 neque
578 227 784 284 exquisita
807 227 958 278 nimis3
987 235 1151 268 tantum
1173 239 1267 281 quae
1290 226 1426 281 fugiat
1446 240 1567 283 agre-

138 295 244 327 stem
276 296 318 328 ct
346 287 617 328 inhumanam
645 284 964 340 negligentiam.
995 283 1142 324 eadem
1167 282 1273 329 ratio
1294 293 1356 322 est
1375 282 1569 325 habenda

138 343 310 384 vestitus
331 360 340 384 z
371 344 411 383 in
433 355 518 396 quo
544 341 668 394 (sicut
697 341 739 381 in
767 340 976 396 plerisque
996 340 1138 392 rebus)
1163 337 1430 379 mediocritas
1453 341 1565 395 opti-

138 413 209 439 ma
227 409 303 440 est.
358 396 600 438 Cavendum
621 406 685 439 est
705 407 864 448 autem,
886 411 938 437 ne
958 406 1031 438 aut
1049 395 1317 438 tarditatibus
1338 403 1506 436 utamur
1526 397 1566 437 in
1584 402 1652 435 131

136 468 285 509 gressu
313 454 592 504 mollioribus,
611 463 659 494 ut
678 468 927 509 pomparum
952 452 1119 494 ferculis
1140 451 1297 493 similes
1317 465 1407 491 esse
1427 450 1566 492 videa-

135 525 254 552 mur:
286 519 359 552 aut
383 510 426 551 in
456 510 794 552 festinationibus
823 509 1100 566 suscipiamus
1128 508 1277 550 nimias
1303 507 1566 558 celeritates3

135 580 231 622 quae
263 580 359 608 curn
395 567 512 617 fiunt,
546 566 756 609 anhelitus
789 577 1025 617 moventur,
1056 565 1195 607 vultus
1228 572 1460 614 mutantur,
1495 578 1571 606 ora

134 630 416 678 torquentur:
459 638 510 664 ex
544 624 698 679 quibus
733 638 888 679 magna
923 622 1174 678 significatio
1213 622 1272 672 fit,
1305 635 1389 661 non
1423 619 1569 661 adesse

133 680 439 735 constantiam.¹
486 680 569 721 Sed
597 680 734 721 multo
759 680 885 721 etiarn
912 680 1048 735 magis
1077 677 1378 723 elaborandum
1407 686 1486 728 est,
1516 691 1568 718 ne

133 736 262 777 animi
282 746 424 778 motus
446 751 470 777 a
490 748 639 778 natura
658 737 877 778 recedant:
909 736 1021 792 quod
1042 749 1328 791 assequemur,
1350 732 1383 774 si
1403 733 1569 775 cavebi-

133 807 243 843 mus,
271 807 322 834 ne
351 794 393 834 in
423 793 774 848 perturbationes,
793 801 920 848 atque
948 791 1276 834 exanimationes
1306 789 1540 832 incidamus
1556 806 1568 841 3

133 857 191 899 et,
213 849 246 890 si
266 858 450 891 attentos
475 850 638 891 animos
665 850 720 891 ad
746 850 910 891 decoris
939 849 1296 891 conservationem
1316 847 1568 889 tenebimus.

133 905 285 947 Motus
312 915 453 947 autem
484 907 737 958 animorum,
758 906 949 962 duplices
971 914 1096 957 sunt3
1127 905 1247 946 alteri
1268 904 1537 960 cogitationis
1554 920 1567 956 3
1585 911 1658 944 132

132 961 253 1004 alteri
282 963 508 1019 appetitus.
569 963 789 1019 Cogitatio
818 964 858 1004 in
884 977 981 1004 vero
1002 961 1258 1019 exquirendo
1279 961 1460 1002 maxime
1482 975 1570 1002 ver-

133 1027 276 1060 satur:
311 1020 523 1075 appetitus
550 1020 730 1076 impellit
751 1019 804 1061 ad
824 1019 1051 1076 agendum.
1079 1018 1317 1060 curandum
1337 1026 1401 1059 est
1422 1018 1569 1073 igitur,

133 1083 182 1116 ut
201 1075 462 1131 cogitatione
492 1077 547 1118 ad
578 1092 642 1118 res
669 1091 796 1133 quam
817 1077 1000 1132 optimas
1020 1085 1214 1117 utamur:
1247 1074 1481 1130 appetitum
1502 1089 1570 1116 ra-

132 1132 239 1173 tioni
259 1133 527 1174 obedientem
550 1134 827 1189 praebeamus.
886 1135 942 1175 Et
974 1133 1174 1188 quoniam
1206 1145 1360 1186 magna
1388 1132 1447 1172 vis
1476 1145 1570 1172 ora·
1582 1128 1654 1184 37

132 1188 260 1229 tionis
282 1198 361 1241 est,
381 1203 514 1245 eaque
533 1190 715 1245 duplex:
746 1190 875 1230 altera
908 1188 1190 1230 contentionis
1209 1204 1220 1238 ;
1251 1188 1382 1228 altera
1408 1201 1570 1228 sermo-

132 1243 196 1285 nis
213 1261 223 1286 :
248 1246 465 1286 contentio
486 1245 860 1301 disceptationibus
880 1245 1089 1286 tribuatur
1102 1244 1378 1300 judiciorum,
1398 1244 1570 1285 concio-

133 1315 250 1349 num,
272 1311 463 1352 senatus;
491 1317 629 1343 sermo
647 1302 690 1343 in
710 1302 894 1353 circulis,
915 1301 1283 1357 disputationibus,
1303 1301 1570 1355 congressio-

133 1356 257 1399 nibus
278 1358 547 1400 familiarium
568 1368 778 1400 versetur:
803 1367 1079 1414 persequatur
1098 1359 1225 1399 etiam
1245 1358 1444 1398 convivia.
1465 1372 1570 1398 con-

131 1414 334 1456 tentionis
359 1424 569 1472 praecepta
596 1415 814 1456 rhetorum
847 1423 976 1466 sunt,
1010 1414 1124 1456 nulla
1154 1414 1385 1455 sermonis:
1421 1429 1572 1469 quam-

129 1485 260 1526 quam
289 1471 402 1513 haud
430 1472 532 1523 scio,
552 1487 603 1513 an
632 1472 795 1527 possint
820 1471 911 1513 haec
932 1485 1101 1528 quoque
1122 1485 1225 1512 esse.
1257 1471 1330 1512 sed
1352 1479 1392 1503 ⁴0
1405 1470 1569 1512 discen-

132 1527 239 1568 tium
260 1528 408 1570 studiis
427 1528 692 1570 inveniuntur
723 1529 917 1585 magistri
936 1545 945 1569 ε
977 1527 1077 1569 huic
1098 1536 1241 1568 autem
1262 1527 1334 1583 qui
1356 1526 1566 1578 studeant,
1580 1539 1609 1568 p·
1625 1536 1677 1566 27-

131 1594 231 1625 sunt
251 1585 379 1626 nulli:
410 1585 632 1627 rhetorum
660 1586 787 1626 turba
812 1585 968 1626 referta
994 1584 1164 1626 omnia:
1193 1599 1449 1640 quamquam
1472 1599 1567 1640 quae
1579 1581 1610 1604 ἃ·

131 1641 368 1692 verborum,
389 1642 778 1698 sententiarumque
798 1650 1010 1697 praecepta
1028 1650 1139 1690 sunt,
1158 1640 1306 1681 eadem
1331 1641 1385 1682 ad
1407 1655 1568 1681 sermo-

130 1711 228 1738 nem
265 1699 547 1753 pertinebunt.
606 1698 688 1739 Sed
722 1713 820 1739 cum
853 1697 1054 1739 orationis
1085 1697 1285 1748 indicem,
1315 1711 1459 1738 vocem
1492 1698 1568 1738 ha·-
1586 1704 1656 1737 133

131 1753 308 1794 beamus
322 1770 334 1806 3
366 1755 407 1795 in
440 1769 541 1796 voce
573 1764 715 1796 autem
746 1755 832 1795 duo
857 1769 1096 1811 sequamur,
1116 1763 1166 1795 ut
1185 1753 1297 1795 clara
1317 1753 1382 1803 sit,
1403 1763 1450 1795 ut
1472 1768 1569 1795 sua-

130 1810 218 1850 vis:
251 1819 480 1867 utrumque
506 1812 681 1852 omnino
707 1827 730 1852 a
758 1821 906 1852 natura
926 1810 1158 1867 petendum
1178 1821 1270 1852 est:
1301 1825 1442 1851 verum
1465 1811 1570 1852 alte-

129 1881 225 1907 rum
244 1867 489 1909 exercitatio
510 1869 700 1923 augebit,
720 1868 897 1909 alterum
926 1867 1105 1908 imitatio
1126 1881 1266 1922 presse
1285 1866 1570 1922 loquentium,

130 1931 174 1963 et
191 1923 354 1965 leniter.
415 1933 452 1956 41
471 1924 594 1965 Nihil
612 1924 727 1965 aliud
748 1924 828 1965 fuit
843 1924 885 1965 in
907 1924 1086 1974 Catulis,
1107 1934 1153 1965 ut
1173 1937 1246 1964 eos
1267 1924 1476 1979 exquisito
1495 1924 1570 1980 ju-

129 1979 242 2020 dicio
252 1990 431 2044 putares
456 1981 519 2021 uti
547 1981 781 2022 litterarum
805 1998 814 2019 ε
844 1995 1098 2036 quamquam
1121 1988 1239 2020 erant
1259 1980 1431 2021 litterati
1453 1997 1462 2020 ε
1494 1981 1571 2023 sed

131 2044 175 2076 et
193 2036 287 2077 alii:
310 2036 353 2077 hi
373 2047 514 2078 autem
537 2037 697 2092 optime
718 2037 781 2078 uti
800 2038 948 2092 lingua
967 2037 1097 2078 latina
1116 2037 1390 2092 putabantur.
1432 2037 1569 2079 Sonus

130 2101 218 2133 erat
249 2092 407 2134 dulcis:
439 2094 590 2135 litterae
625 2108 762 2150 neque
791 2109 1012 2149 expressae,
1043 2107 1180 2148 neque
1211 2107 1437 2148 oppressae,
1459 2103 1497 2126 42
1518 2109 1570 2135 ne

130 2157 204 2190 aut
230 2149 460 2191 obscurum
495 2159 620 2202 esset,
655 2161 729 2192 aut
759 2150 971 2206 putidum.
1045 2151 1143 2191 Sine
1173 2150 1446 2191 contentione
1476 2165 1569 2202 vox,

130 2219 208 2246 nec
239 2205 460 2261 languens,
491 2221 566 2248 nec
601 2222 770 2248 canora.
831 2207 1014 2248 Uberior
1049 2207 1185 2248 oratio
1221 2207 1271 2247 L.
1305 2206 1461 2256 Crassi,
1493 2222 1569 2249 nec

131 2261 269 2304 minus
300 2264 463 2305 faceta:
495 2263 568 2304 sed
599 2264 705 2305 bene
736 2264 937 2320 loquendi
960 2263 1012 2304 de
1035 2263 1199 2304 Catulis
1219 2263 1362 2317 opinio
1383 2278 1466 2304 non
1489 2265 1570 2305 mi-

125 2332 223 2359 nor.
281 2319 377 2361 Sale
407 2334 504 2361 vero
529 2330 574 2362 et
602 2321 765 2363 facetiis
797 2320 955 2372 Caesar,
978 2319 1122 2361 Catuli
1152 2320 1283 2376 patris
1312 2320 1453 2372 frater,
1471 2321 1570 2363 vicit

173 2470 215 2494 40
237 2463 405 2494 discentium
427 2464 542 2504 studiis]
568 2466 713 2496 Pearcius
736 2466 828 2496 malit
871 2466 920 2495 cio
936 2465 1111 2501 literarum,
1127 2474 1226 2504 quam
1242 2465 1328 2504 qnod
1351 2472 1424 2495 ante
1445 2467 1569 2497 dictum

130 2505 299 2543 dicentium,
327 2508 448 2538 frustra.
479 2508 616 2538 discentes
640 2516 717 2539 sunt
743 2510 776 2538 h.
805 2509 827 2539 l.
870 2515 929 2545 est,
943 2508 1066 2538 claritas
1082 2515 1113 2538 et
1127 2508 1265 2538 suavitas
1282 2509 1366 2538 vocis
1383 2516 1412 2538 ct
1429 2519 1570 2548 pronun-

129 2549 184 2588 qui
207 2550 326 2579 discere
352 2550 477 2588 volunt,
501 2558 532 2582 et
551 2552 716 2591 magistros
737 2562 826 2591 quae·
868 2552 1025 2582 eiationis.
1048 2560 1107 2580 nec
1129 2558 1239 2581 tamen
1262 2561 1372 2581 sensus
1389 2553 1571 2582 incommo-

130 2598 214 2622 runt·
869 2597 928 2625 dus
943 2602 989 2624 est
1004 2594 1108 2624 deleto
1123 2593 1216 2624 aliud.
1240 2601 1271 2624 et
1289 2595 1319 2624 id
1340 2595 1427 2625 abest
1442 2595 1482 2624 ab
1496 2596 1568 2626 edd.

173 2642 209 2665 41
238 2634 328 2664 Nihil
340 2634 495 2675 aliudfuit
509 2636 539 2664 in
559 2636 594 2667 C.
611 2635 659 2677 ut]
677 2637 826 2667 Dubium
869 2648 914 2678 pr.
932 2638 1021 2676 Mog.
1039 2637 1151 2667 Colon.
1169 2638 1227 2666 ἃς.

129 2683 176 2706 est
194 2677 288 2715 aliud,
305 2679 509 2717 repudiatque
530 2679 686 2717 Peneius,
703 2681 777 2720 quia
797 2681 825 2710 ei
914 2688 952 2711 42
977 2692 1011 2709 ne
1025 2687 1078 2708 aut
1093 2680 1239 2709 obscurum
1256 2685 1336 2715 esset,
1353 2686 1406 2708 aut
1414 2679 1569 2720 putidum]

131 2718 164 2748 τὸ
178 2726 211 2748 u!
226 2730 292 2750 non
307 2722 495 2751 conveniat:
519 2723 604 2760 quod
621 2733 686 2753 non
708 2730 754 2753 est
774 2733 825 2753 ve·
871 2724 934 2753 Int.
950 2723 1036 2762 quod
1054 2724 1204 2753 dicerent.
1250 2722 1393 2752 Pearcius
1415 2723 1484 2752 addi
1501 2723 1571 2753 vult

130 2771 215 2793 tum.
239 2773 314 2794 nam
330 2771 362 2794 ut
377 2771 423 2794 est
438 2773 547 2803 quare,
564 2774 640 2795 cur:
663 2773 694 2796 et
714 2775 825 2796 sensus
870 2766 943 2807 quid
963 2773 1033 2805 post
1055 2765 1201 2794 obscurum
1216 2776 1224 2792 :
1249 2774 1314 2793 non
1337 2766 1446 2803 utique
1461 2766 1571 2796 absur-

130 2807 340 2837 commodus:
366 2806 457 2837 nulla
475 2807 537 2836 alia
552 2807 612 2837 fuit
626 2817 826 2848 causa,qua-
869 2811 920 2844 de,
936 2809 991 2839 sed
1014 2815 1122 2839 tamen
1147 2817 1212 2838 non
1237 2808 1421 2845 necessario,
1445 2816 1480 2839 ut
1502 2810 1571 2849 opi-

131 2856 162 2878 re
178 2847 282 2880 Catuli
296 2849 476 2881 viderentur
498 2850 544 2880 uti
565 2851 721 2890 exquisito
740 2852 826 2890 judi·
870 2861 938 2881 nor.

879 2904 993 2946 32⁴3
