1844 3202
635 120 992 162 PARADOXA.
1456 128 1533 163 855

100 233 246 278 locum
265 247 384 291 paene
405 231 597 274 infimum
619 229 825 271 obtinent.
885 227 1064 282 Magna,
1085 225 1238 283 inquis,
1257 228 1369 270 bella
1395 231 1536 286 gessi:

101 306 171 333 ma
207 290 268 332 nis
297 288 497 346 imperiis,
517 295 560 328 et
591 285 812 342 provinciis
839 283 1002 340 praefui.
1064 283 1175 325 G'ere
1195 283 1326 340 igitur
1347 287 1536 330 animum

102 348 172 389 lau
202 361 226 388 e
260 346 454 403 dignum.
513 342 713 385 Echionis
748 340 893 383 tabula
927 348 968 381 te
1005 338 1221 395 stupidum
1257 340 1430 394 detinet,
1463 351 1538 386 aut

102 404 271 459 signum
293 400 465 458 aliquod
486 399 709 456 Polycleti.
757 404 796 430 ³6
812 398 961 448 Mitto,
982 395 1093 437 unde
1114 397 1348 448 sustuleris,
1367 408 1410 439 et
1429 414 1537 453 quo-

102 460 234 501 modo
269 459 437 499 habeas.
469 457 706 498 intuentem
741 465 798 506 te,
824 453 1120 504 admirantem,
1147 453 1354 495 clamores
1384 455 1538 496 tollen-

100 524 186 558 tem
215 529 312 556 cum
336 513 471 565 video,
493 528 659 555 servum
687 522 729 553 te
757 526 848 553 esse
875 510 1127 566 ineptiarum
1157 510 1349 552 omnium
1373 511 1538 566 judico.

103 580 140 609 ³7
159 573 314 613 Nonne
351 570 481 625 igitur
513 580 612 612 sunt
645 570 725 610 ista
758 568 930 609 festiva?
978 567 1085 608 Sint.
1121 581 1219 608 nam
1256 582 1332 608 nos
1369 582 1540 623 quoque

103 627 250 670 oculos
279 628 466 668 eruditos
498 626 718 668 habemus.
750 624 824 666 sed
856 624 1034 666 obsecro
1061 633 1117 674 te,
1136 624 1196 665 ita
1215 632 1388 666 venusta
1408 623 1539 666 habe-

101 693 225 726 antur
258 684 350 735 ista,
385 699 469 725 non
502 693 551 725 ut
579 692 618 716 38
633 681 799 724 vincula
828 681 1010 722 virorum
1043 681 1138 731 sint,
1170 680 1244 722 sed
1274 691 1322 722 ut
1351 680 1542 722 oblecta-

102 749 248 783 menta
274 754 518 795 puerorum.
578 739 693 796 Quid
722 738 835 778 enim
862 738 1034 778 censes?
1068 737 1102 777 si
1131 738 1181 778 L.
1205 737 1447 780 Mummius
1465 737 1543 779 ali-

104 811 230 854 quem
259 797 440 838 istorum
467 796 637 846 videret,
658 794 946 836 matellionem
975 793 1248 835 Corinthium
1271 794 1544 850 cupidissime

104 861 370 904 tractantem,
392 868 489 895 cum
512 854 601 909 ipse
622 861 758 893 totam
781 850 1039 892 Corinthum
1059 851 1352 892 contemsisset
1370 867 1379 891 ε
1398 861 1544 893 utrum

104 910 226 961 illum
255 910 387 951 civem
416 910 706 959 excellentem,
728 923 780 949 an
814 908 1036 949 atriensem
1066 907 1314 963 diligentem
1345 908 1542 964 putaret?

107 967 340 1009 Reviviscat
360 968 436 1008 M?
470 967 640 1016 Curius,
660 975 734 1007 aut
758 979 906 1006 eorum
930 963 1096 1020 aliquis,
1114 979 1296 1020 quorum
1319 965 1360 1006 in
1380 965 1476 1006 villa
1495 978 1546 1006 ac

106 1023 238 1064 domo
268 1023 371 1064 nihil
399 1023 682 1080 splendidum,
704 1021 807 1063 nihil
836 1030 1029 1062 ornatum
1060 1021 1156 1070 fuit,
1175 1031 1327 1076 praeter
1354 1021 1483 1077 ipsos,
1502 1030 1547 1063 et

106 1080 244 1121 videat
271 1079 469 1135 aliquem,
496 1080 670 1123 summis
702 1078 848 1134 populi
878 1077 1092 1118 beneficiis
1127 1093 1267 1129 usum,
1299 1078 1545 1119 barbatulos

107 1136 263 1177 mullos
284 1146 573 1191 exceptantem
592 1136 643 1177 de
661 1135 834 1191 piscina,
855 1144 898 1174 et
918 1143 1260 1189 pertractantem,
1277 1144 1320 1175 et
1337 1149 1545 1176 muraena-

107 1207 200 1233 rum
223 1193 345 1247 copia
365 1194 619 1248 gloriantem
638 1211 646 1233 :
679 1205 817 1232 nonne
837 1190 950 1231 hunc
970 1190 1188 1231 hominem
1209 1192 1266 1232 ita
1287 1206 1450 1232 servum
1471 1190 1546 1246 ju-

107 1248 233 1298 dicet,
255 1259 303 1289 ut
325 1264 375 1289 ne
396 1250 436 1290 in
456 1250 619 1292 familia
639 1249 808 1304 quidem
830 1247 1008 1302 dignum
1028 1248 1189 1302 majore
1209 1247 1351 1304 aliquo
1374 1248 1546 1303 negotio
1558 1257 1590 1290 b.

108 1306 260 1360 putet?
292 1306 363 1346 An
380 1320 527 1348 eorum
547 1306 719 1348 servitus
740 1304 871 1347 dubia
887 1312 964 1353 est,
985 1303 1058 1359 qui
1080 1311 1120 1337 ³9
1138 1304 1370 1359 cupiditate
1391 1304 1547 1360 peculii

110 1361 270 1402 nullam
291 1362 577 1404 conditionem
598 1374 794 1404 recusant
815 1360 1051 1401 durissimae
1073 1360 1312 1402 servitutis?
1338 1361 1549 1402 heredita-

108 1417 162 1467 tis
183 1432 277 1474 spes
299 1419 402 1474 quid
421 1419 653 1475 iniquitatis
673 1420 714 1460 in
737 1417 955 1461 serviendo
976 1431 1060 1457 non
1086 1417 1288 1472 suscipit?
1322 1433 1447 1473 quem
1470 1432 1550 1458 nu-

109 1483 202 1515 tum
224 1475 448 1531 locupletis
468 1477 562 1518 orbi
582 1476 691 1517 senis
712 1491 798 1517 non
819 1474 1040 1515 observat?
1073 1473 1263 1529 loquitur
1281 1474 1335 1515 ad
1358 1474 1549 1515 volunta-

110 1538 230 1572 tem:
263 1531 469 1589 quidquid
498 1533 801 1574 denunciatum
836 1531 904 1580 sit,
931 1529 1064 1570 facit:
1101 1540 1347 1582 assectatur,
1379 1531 1549 1581 assidet,

109 1597 368 1630 muneratur.
401 1589 504 1646 quid
534 1589 690 1631 horum
721 1599 785 1631 est
814 1586 963 1630 liberi?
998 1585 1102 1641 quid
1130 1586 1314 1642 denique
1341 1602 1423 1628 non
1445 1588 1549 1628 servi

110 1643 284 1686 inertis?
317 1645 460 1702 Quid?
482 1645 572 1703 jam
602 1645 676 1687 illa
703 1643 913 1702 cupiditas
939 1646 1051 1698 (quae
1084 1643 1249 1684 videtur
1279 1658 1369 1685 esse
1396 1640 1597 1688 libera-3

109 1699 206 1756 lior)
231 1701 418 1752 honoris,
439 1702 620 1757 imperii,
641 1702 962 1757 provinciarum,
986 1714 1114 1754 quam
1134 1699 1239 1741 dura
1265 1709 1330 1741 est
1354 1700 1550 1741 domina!

113 1773 242 1814 quam
273 1758 516 1813 imperiosa!
551 1774 678 1815 quam
710 1756 959 1799 vehemens!
985 1764 1025 1787 40
1041 1755 1256 1812 Cethego,
1276 1756 1440 1798 homini
1467 1771 1554 1798 non

112 1814 428 1870 probatissimo,
447 1816 596 1857 servire
627 1815 773 1870 coegit
797 1830 886 1863 eos,
907 1812 980 1868 qui
1001 1811 1080 1853 sibi
1105 1827 1196 1854 esse
1222 1813 1472 1869 amplissimi
1491 1813 1554 1855 vi-

112 1871 348 1923 debantur3
379 1886 556 1913 munera
588 1873 772 1922 mittere,
810 1880 942 1913 noctu
972 1869 1110 1910 venire
1139 1869 1318 1911 domum
1351 1870 1405 1912 ad
1438 1885 1556 1922 eum,

114 1927 290 1984 precari,
311 1927 493 1984 denique
514 1929 763 1985 supplicare.
794 1944 891 1984 quae
919 1925 1095 1967 servitus
1117 1935 1194 1977 est,
1215 1927 1250 1967 si
1268 1927 1361 1969 haec
1382 1927 1554 1968 libertas

115 1984 342 2038 existimari
363 1987 531 2040 potest?
573 1985 687 2042 Quid
706 1986 717 2025 ?
743 2000 843 2026 cum
862 1981 1143 2037 cupiditatum
1164 1983 1407 2025 dominatus
1428 1992 1465 2015 41
1481 1999 1555 2025 ex-

115 2041 254 2091 cessit,
276 2051 319 2082 et
347 2041 454 2083 alius
482 2041 546 2082 est
575 2042 772 2083 dominus
802 2050 971 2082 exortus
1001 2053 1051 2078 ex
1080 2039 1337 2081 conscientia
1356 2050 1556 2096 peccato-

116 2112 226 2148 rum,
243 2097 394 2138 timor?
418 2113 544 2153 quam
566 2109 629 2139 est
649 2098 721 2139 illa
735 2099 901 2149 misera,
919 2112 1046 2153 quarn
1064 2094 1166 2136 dura
1184 2096 1380 2137 servitus!
1404 2106 1443 2129 42
1454 2097 1558 2138 ado-

116 2153 372 2195 lescentibus
397 2154 539 2209 paullo
560 2155 873 2210 loquacioribus
891 2165 956 2196 est
982 2151 1269 2195 serviendum:
1302 2168 1463 2205 omnes,
1484 2154 1558 2210 qui

116 2209 275 2266 aliquid
306 2211 410 2251 scire
441 2209 647 2263 videntur,
678 2222 896 2267 tamquam
936 2208 1113 2259 domini,
1143 2210 1359 2255 timentur.
1417 2210 1559 2252 Judex

120 2280 215 2308 vero
243 2275 448 2323 quantum
479 2267 608 2309 habet
637 2267 901 2309 dominatum
922 2269 935 2308 ?
969 2282 1055 2323 quo
1077 2265 1230 2311 timete
1248 2277 1448 2310 nocentes
1468 2267 1558 2310 affi-

163 2387 203 2414 36
228 2382 333 2422 Mitto]
348 2384 399 2414 Sic
416 2384 512 2414 habet
527 2385 576 2415 ed.
593 2385 706 2415 Colon.
723 2386 818 2426 idque
860 2386 900 2415 ad
916 2385 1103 2416 Lucullum.
1125 2395 1155 2417 v.
1172 2386 1262 2417 Clav,

119 2425 243 2466 pratuli
258 2425 387 2465 vulgato
406 2427 527 2457 Omitto.
905 2435 942 2458 41
969 2427 1102 2469 excessit]
1120 2429 1219 2466 Abiit,
1235 2429 1336 2462 desiit.

166 2475 204 2504 '237
230 2469 330 2498 Nonne
352 2469 452 2508 igitur*
467 2470 538 2509 ista]
558 2471 743 2510 Lege-ndum
760 2481 819 2510 pu·
905 2479 945 2502 42
979 2471 1203 2501 adolescentibus
1237 2472 1461 2514 loquacioribus]
1495 2475 1560 2505 aui

122 2519 167 2548 to,
184 2518 239 2541 aut
258 2512 322 2541 Non
338 2511 430 2550 igitur
446 2514 505 2542 ἃς.
522 2521 577 2543 aut
595 2515 696 2543 Nonne
710 2514 818 2554 inquit,
862 2514 920 2544 sibi
944 2514 1127 2553 eloquentes
1150 2516 1309 2552 videntur,
1326 2518 1380 2547 etsi
1406 2527 1471 2547 non
1494 2524 1562 2548 tam

122 2555 172 2586 vel
202 2555 308 2595 inquis.
336 2564 414 2585 mox
436 2564 478 2585 ex
500 2557 569 2587 edd.
597 2566 643 2597 pr.
669 2557 740 2587 dedi
763 2556 820 2586 sint
863 2557 1047 2596 eloquentes
1069 2567 1168 2597 quam
1191 2558 1339 2598 loquaces
1361 2568 1450 2597 sunt,
1469 2561 1563 2590 adeo-

123 2607 178 2637 pro
194 2597 280 2635 vulg.
297 2603 374 2626 sunt.
864 2610 926 2639 que
941 2608 1089 2639 quaerunt
1104 2602 1306 2632 occasionem
1327 2603 1509 2639 accusandi,
1526 2609 1564 2633 ut

168 2647 208 2670 38
239 2638 361 2669 vincula
386 2638 539 2681 virorum]
566 2641 651 2672 Quae
677 2642 760 2673 viros
789 2644 822 2672 in
866 2643 988 2673 famam
1013 2643 1205 2683 eloquentiae
1232 2653 1478 2684 consequantur.
1512 2646 1562 2676 his

122 2683 308 2714 servitutem
324 2683 474 2722 redigant.
867 2687 974 2725 igitur,
986 2688 1041 2726 qui
1057 2687 1203 2717 facinoris
1218 2687 1312 2726 alicuj
1319 2698 1354 2718 us
1369 2689 1429 2718 sibi
1444 2689 1563 2718 conscii

169 2732 210 2759 39
233 2725 393 2770 cupiditate
409 2724 536 2765 peculii]
555 2726 679 2757 Festive
691 2727 824 2768 pecuni-
865 2735 954 2764 sunt,
981 2731 1134 2767 servium,
1164 2740 1277 2761 eorum
1307 2731 1563 2761 benevolentiam

126 2777 193 2806 am,
204 2778 304 2809 quam
317 2769 548 2808 appetuntbistss
561 2769 706 2809 peculium
719 2777 822 2808 vocat,
865 2772 977 2810 quovis
1000 2775 1097 2805 modo
1119 2779 1260 2813 captant,
1284 2783 1326 2804 ne
1347 2774 1388 2805 ab
1410 2774 1446 2805 iis
1469 2783 1564 2805 accu-

127 2812 203 2851 quia
217 2812 247 2841 id
263 2818 309 2841 est
323 2813 444 2853 proprie
458 2820 632 2842 servorum.
865 2821 984 2845 sentur.

173 2862 214 2886 40
239 2853 373 2895 Cethego]
391 2854 505 2885 Publio
520 2854 555 2886 C.
571 2856 703 2894 pertinet
719 2862 823 2887 totum
