1844 3202
606 141 683 179 DE
719 138 1089 179 SENECTUTE.
1479 146 1553 179 803

136 248 372 291 moderatio
401 248 530 291 modo
559 247 707 288 Virium
739 246 861 298 adsit,
890 255 934 288 et
961 255 1141 296 tantum,
1167 253 1371 301 quantum
1402 255 1556 301 potest,

142 306 320 362 quisque
340 307 506 347 nitatur.
535 319 598 344 nae
629 304 698 345 ille
729 318 812 344 non
842 317 1001 359 magno
1030 301 1235 342 desiderio
1263 302 1473 343 tenebitur
1498 304 1557 345 vi-

137 362 262 402 rium.
321 361 530 418 Olympiae
568 375 640 416 per
676 359 856 402 stadium
890 359 1100 414 ingressus
1131 371 1220 398 esse
1250 358 1361 398 Milo
1391 358 1556 410 dicitur,

139 431 237 458 cum
260 418 443 458 humeris
464 417 686 458 sustineret
702 418 853 458 bovem
873 416 1023 457 vivum.
1054 424 1194 456 utrum
1217 414 1349 469 igitur
1367 412 1441 454 has
1462 428 1556 455 cor-

135 474 263 528 poris,
289 488 340 514 an
371 473 624 530 Pythagorae
655 474 731 515 tibi
761 473 880 514 malis
909 472 1002 512 viris
1034 470 1191 527 ingenii
1227 470 1345 511 dari?
1378 469 1556 525 denique

133 529 215 569 isto
247 529 361 570 bono
391 539 522 580 utare,
555 530 655 571 dum
688 530 821 580 adsit3
861 543 960 570 cum
990 528 1113 579 absit,
1143 541 1195 568 ne
1224 526 1441 582 requiras:
1480 527 1557 567 nisi

132 584 242 626 forte
269 585 552 627 adolescentes
581 587 819 642 pueritiam,
841 584 1029 642 paullum
1059 593 1182 626 aetate
1211 582 1424 639 progressi
1454 582 1558 624 ado-

131 640 372 683 lescentiam
403 642 581 684 debeant
609 644 831 699 requirere.
892 641 1050 683 Cursus
1079 650 1142 681 est
1172 650 1310 680 certus
1341 639 1492 690 aetatis,
1516 648 1558 680 et

133 712 218 738 una
248 698 311 739 via
343 708 517 750 naturae,
547 714 680 755 eaque
709 698 912 755 simplex:
944 711 1103 753 suaque
1124 696 1276 752 cuique
1297 696 1402 751 parti
1423 695 1558 737 aetatis

129 754 429 809 tempestivitas
449 765 512 796 est
532 755 653 807 data3
676 764 724 797 ut
740 765 784 797 et
803 755 1020 796 infirmitas
1039 767 1281 809 puerorum,
1301 761 1344 793 et
1361 752 1558 795 ferocitas

123 808 343 864 juvenum,
364 822 406 853 et
425 812 605 867 gravitas
629 813 721 868 jam
741 811 973 853 constantis
993 810 1142 860 aetatis,
1159 819 1201 849 et
1222 808 1448 850 senectutis
1465 824 1557 849 ma-

130 866 278 908 turitas
309 868 496 909 naturale
528 868 728 924 quiddam
757 868 924 918 habeat,
945 866 1061 923 quod
1085 880 1164 907 suo
1188 875 1379 920 tempore
1399 865 1557 921 percipi

130 921 296 964 debeat.
353 924 551 965 Arbitror
569 936 611 966 te
639 925 797 974 audire,
819 924 975 979 Scipio,
996 923 1150 978 hospes
1170 930 1269 963 tuus
1289 921 1437 972 avitus,
1459 923 1617 962 Ma->34

130 978 291 1031 sinissa‚
309 995 402 1036 quae
433 981 557 1022 faciat
589 981 728 1033 hodie,
760 981 990 1036 nonaginta
1019 993 1150 1021 annos
1180 987 1329 1019 natus:
1365 993 1461 1019 cum
1492 978 1556 1019 in-

128 1048 297 1090 gressus
324 1037 403 1077 iter
429 1037 606 1093 pedibus
634 1039 702 1089 sit,
722 1038 765 1078 in
792 1052 949 1093 equum
978 1036 1150 1077 omnino
1176 1050 1258 1076 non
1279 1033 1557 1086 adscendere3

129 1106 226 1132 cum
249 1106 373 1148 equo,
391 1108 442 1135 ex
468 1108 579 1150 equo
611 1109 695 1135 non
728 1094 1008 1136 descendere:
1039 1092 1157 1133 nullo
1178 1092 1326 1142 imbre,
1349 1091 1465 1132 nullo
1487 1091 1564 1133 sri-'

128 1161 232 1202 gore
253 1149 421 1199 adduci,
444 1159 491 1191 ut
509 1150 646 1206 capite
667 1160 815 1206 operto
835 1150 913 1191 sit:
936 1164 1144 1190 summam
1167 1149 1208 1189 in
1231 1162 1282 1188 eo
1300 1162 1391 1188 esse
1413 1155 1558 1188 350οτ-

128 1205 242 1258 poris
272 1205 532 1247 siccitatem:
563 1208 705 1263 itaque
736 1206 903 1262 exsequi
933 1206 1074 1247 omnia
1104 1205 1215 1260 regis
1244 1204 1379 1244 officia
1400 1213 1442 1244 et
1461 1216 1598 1246 mu-P-
1617 1212 1666 1237 34·

129 1274 241 1301 nera.
303 1262 443 1303 Potest
463 1263 593 1318 igitur
614 1263 870 1313 exercitatio,
892 1272 935 1303 et
963 1260 1241 1317 temperantia
1269 1261 1395 1301 etiam
1421 1260 1463 1301 in
1492 1259 1595 1301 se-a·

130 1327 299 1358 nectute
320 1333 562 1360 conservare
581 1319 739 1375 aliquid
762 1319 923 1375 pristini
949 1319 1127 1360 roboris.
1184 1318 1287 1358 Non
1309 1326 1406 1358 sunt
1425 1317 1467 1357 in
1491 1331 1556 1358 se·
1576 1299 1594 1344 Ῑ
1611 1298 1636 1344 l

130 1383 301 1415 nectute
320 1375 452 1416 vires?
476 1390 527 1417 ne
547 1376 815 1431 postulantur
836 1375 1007 1432 quidem
1028 1375 1131 1415 vires
1153 1388 1179 1414 a
1198 1382 1427 1414 senectute.
1453 1388 1559 1429 ergo

127 1438 185 1470 et'
199 1430 365 1486 legibus
396 1441 439 1473 et
470 1432 669 1474 institutis
696 1441 814 1474 vacat
835 1441 933 1473 aetas
955 1440 1096 1472 nostra
1114 1430 1358 1471 muneribus
1380 1430 1442 1480 iis,
1464 1445 1559 1486 quae

127 1499 209 1526 non
247 1498 422 1542 possunt
449 1489 537 1529 sine
565 1489 717 1530 viribus
748 1489 956 1530 sustineri.
986 1487 1129 1543 itaque
1160 1500 1244 1527 non
1274 1486 1420 1536 modo,
1446 1485 1561 1542 quod

126 1556 211 1582 non
232 1558 469 1598 possumus,
490 1544 563 1586 sed
592 1559 643 1586 ne
668 1554 871 1601 quantum
893 1558 1117 1600 possumus
1138 1541 1325 1598 quidem,
1348 1542 1558 1598 cogimur.

124 1598 187 1638 At
209 1599 266 1640 ita
286 1601 408 1642 multi
429 1610 526 1642 sunt
546 1601 748 1643 imbecilli
770 1615 902 1652 senes,
920 1611 969 1642 ut
990 1600 1154 1641 nullum
1175 1598 1315 1649 officii,
1333 1608 1406 1639 aut
1421 1599 1557 1640 omni·
1570 1607 1619 1639 35

128 1669 183 1695 no
204 1656 298 1697 vitae
319 1671 472 1698 munus
492 1659 661 1714 exsequi
681 1659 857 1714 possint.
901 1658 963 1698 At
982 1656 1024 1697 id
1046 1655 1216 1711 quidem
1238 1670 1320 1696 non
1339 1655 1558 1710 proprium

129 1713 355 1754 senectutis
386 1722 448 1755 est
476 1714 637 1765 vitium,
659 1715 731 1755 sed
760 1727 987 1755 commune
1006 1711 1258 1753 valitudinis.
1317 1712 1459 1754 Quam
1480 1712 1562 1752 fuit

128 1766 366 1810 imbecillus
390 1770 434 1810 P.
452 1770 641 1811 Africani
663 1770 770 1811 filius
793 1771 841 1821 is,
862 1770 933 1826 qui
955 1779 996 1810 te
1016 1767 1255 1823 adoptavit?
1280 1783 1407 1823 quam
1429 1768 1560 1819 tenui,

128 1832 201 1864 aut
222 1825 337 1866 nulla
358 1827 497 1881 potius
519 1826 773 1868 valitudine?
804 1826 920 1882 quod
950 1825 991 1866 ni
1019 1825 1079 1866 ita
1104 1824 1268 1875 fuisset,
1290 1824 1469 1865 alterum
1491 1824 1561 1865 ille

128 1881 355 1923 exstitisset
382 1882 526 1924 lumen
552 1883 743 1924 civitatis.
775 1883 828 1924 ad
855 1892 1070 1938 paternam
1091 1881 1202 1921 enim
1223 1880 1560 1936 magnitudinem

127 1936 255 1977 animi
278 1938 468 1980 doctrina
488 1940 658 1981 uberior
677 1950 922 1981 accesserat.
969 1937 1088 1995 Quid
1108 1937 1262 1978 mirum
1283 1937 1414 1992 igitur
1432 1937 1474 1977 in
1495 1952 1561 1977 se-

129 1992 266 2045 nibus,
304 1995 338 2036 si
373 1995 526 2045 infirmi
558 2006 655 2037 sunt
686 1995 929 2052 aliquando,
961 2008 1057 2035 cum
1096 2008 1148 2034 ne
1181 1993 1225 2034 id
1259 1993 1427 2048 quidem
1459 1993 1562 2034 ado-

126 2047 330 2092 lescentes
352 2052 536 2107 effugere
558 2053 748 2107 possint?
784 2051 1094 2100 Resistendum,
1112 2050 1232 2100 Laeli,
1254 2059 1296 2090 et
1317 2050 1473 2105 Scipio,
1495 2064 1561 2090 se-

128 2107 288 2148 nectuti
308 2117 386 2158 est,
406 2109 581 2165 ejusque
614 2109 713 2150 vitia
739 2109 957 2164 diligentia
974 2106 1288 2162 compensanda
1307 2117 1419 2147 sunt.
1478 2107 1561 2147 Pu-

127 2163 359 2217 gnandum,
382 2174 597 2221 tamquam
629 2176 776 2207 contra
801 2165 1014 2213 morbum,
1035 2163 1093 2204 sic
1119 2173 1268 2204 contra
1286 2172 1561 2204 senectutem.

128 2218 340 2261 Habenda
371 2221 476 2262 ratio
507 2221 776 2263 valitudinis:
806 2221 1011 2263 utendum
1032 2219 1401 2260 exercitationibus
1424 2218 1561 2260 modi·
1573 2217 1625 2254 36

129 2274 215 2317 cis:
241 2285 405 2318 tantum
427 2277 508 2320 cibi
529 2287 572 2319 et
593 2279 775 2333 potionis
797 2276 1096 2326 adhibendum,
1116 2285 1165 2317 ut
1183 2275 1422 2318 reficiantur
1439 2276 1560 2327 vires,

129 2345 215 2371 non
233 2333 538 2388 opprimantur,
596 2336 690 2376 Nec
710 2349 807 2375 vero
827 2333 994 2389 corpori
1022 2333 1102 2374 soli
1132 2331 1462 2373 subveniendum
1484 2341 1561 2382 est,

130 2386 202 2427 sed
223 2389 352 2430 menti
381 2400 508 2446 atque
536 2391 679 2432 animo
706 2390 842 2432 multo
863 2391 1015 2446 magis.
1045 2404 1141 2430 nam
1164 2388 1255 2430 haec
1276 2403 1460 2445 quoque,
1482 2389 1561 2429 nisi

127 2450 344 2499 tamquam
367 2446 514 2489 lumini
534 2447 674 2491 oleum
697 2447 886 2498 instilles,
907 2445 1233 2501 exstinguuntur
1257 2454 1487 2491 senectute.
1519 2453 1561 2485 et
1623 2460 1629 2465 ·
1665 2451 1678 2462 ‘

128 2513 305 2555 corpora
325 2502 494 2556 quidem
514 2503 830 2560 defatigatione,
851 2513 894 2544 et
914 2502 1209 2544 exercitatione
1236 2503 1530 2557 ingravescunt
1548 2517 1558 2542 t

129 2557 258 2598 animi
287 2569 428 2600 autem
458 2561 724 2602 exercitando
751 2560 953 2602 levantur.
983 2573 1080 2600 nam
1099 2573 1206 2614 quos
1227 2559 1285 2599 ait
1305 2556 1561 2598 Caecilius—-

131 2613 298 2655 comicos
319 2613 466 2656 Stultos
484 2631 594 2658 senes
612 2634 625 2657 .·
657 2617 733 2659 hos
755 2616 964 2672 significat
982 2615 1192 2665 credulos,
1213 2614 1452 2663 obliviosos,
1474 2613 1560 2653 dis-

130 2669 294 2712 solutos
315 2688 324 2712 z
356 2686 450 2727 quae
479 2671 577 2713 vitia
602 2682 700 2715 sunt
731 2688 817 2716 non
843 2672 1084 2721 senectutis,
1105 2671 1178 2713 sed
1205 2670 1363 2720 inertis,
1383 2670 1561 2724 ignavae‚

132 2726 428 2769 somniculosae
459 2730 700 2772 senectutis.
729 2739 778 2771 ut
805 2729 1051 2785 petulantia,
1077 2737 1127 2769 ut
1153 2726 1301 2777 libido,
1330 2725 1468 2780 magis
1497 2733 1565 2766 est·

172 2831 212 2856 ³5
247 2825 369 2866 corporis
402 2824 576 2866 siccitatem]
607 2825 756 2857 Dukerus
785 2827 823 2856 ad
866 2804 962 2854 Diod.
982 2824 1045 2854 Sic.
1069 2834 1120 2864 ap.
1142 2823 1294 2853 Photium
1318 2820 1440 2851 n’mvfav
1459 2827 1559 2854 vocet.

130 2868 199 2900 Liv.
214 2868 287 2908 epit.
306 2877 356 2912 so.
379 2869 504 2909 corrigit
514 2868 705 2909 firmitatem,
726 2877 825 2909 quam
868 2867 928 2898 Sed
942 2876 973 2896 v.
990 2866 1076 2898 Clav.
1096 2867 1125 2896 ὶη
1141 2866 1264 2896 siccitas.

878 2921 998 2966 31²4
