1844 3202
511 106 692 144 LIBER
730 105 1066 144 SECUNDUS.
1425 108 1501 146 665

76 221 175 277 post
196 227 272 255 xu
295 214 337 256 in
357 214 462 256 urbe
484 213 636 269 sepulti
659 221 771 263 sunt,
790 211 891 254 clari
911 212 1015 253 viri?
1050 213 1114 253 M.
1131 212 1295 277 Credo,
1311 215 1421 266 Tite,
1438 215 1506 256 fu-

76 285 184 320 isse3
215 280 289 313 aut
307 286 394 322 eos,
417 269 570 326 quibus
592 269 674 310 hoc
694 278 790 310 ante
815 269 923 310 hanc
943 269 1082 325 legem
1105 269 1266 310 vi1tutis
1289 284 1415 311 causa
1434 272 1509 312 tri-

76 326 226 389 butum
257 337 334 377 est,
365 336 411 368 ut
446 325 687 375 Publicolae,
720 334 769 366 ut
796 326 1000 376 Tuberto,
1032 325 1145 381 quod
1174 340 1321 366 eorum
1352 327 1508 390 posteri

68 381 166 437 jure
188 391 440 424 tenuerunt:
472 391 546 423 aut
565 396 653 432 eos,
675 382 708 423 si
730 382 802 437 qui
828 381 925 432 hoc,
945 389 993 422 ut
1016 382 1067 422 C.
1096 382 1321 433 Fabricius,
1346 383 1549 428 virtutisp
1566 396 1638 421 1⁸2.

75 452 215 489 causa,
241 439 366 480 soluti
397 439 578 494 legibus,
609 438 825 480 consecuti
857 447 968 480 sunt.
1027 437 1149 479 Sed
1140 454 1180 479 m
1210 438 1314 478 urbe
1345 438 1550 492 sepeliria·

75 494 142 534 lex
162 503 284 536 vetat.
344 495 412 536 Sic
441 496 656 536 decretum
678 510 702 535 a
721 495 966 550 pontificum
987 495 1185 550 collegio,
1206 509 1290 535 non
1310 509 1399 534 esse
1423 495 1512 550 jus,

75 549 117 590 in
139 550 233 592 loco
262 551 434 606 publico
466 551 552 592 fieri
584 552 838 606 sepulcrum.
870 551 1002 592 nostis
1032 560 1148 592 extra
1177 561 1342 606 portam
1377 550 1514 591 Colli—

76 621 172 647 nam
204 607 335 648 aedem
370 608 587 649 Honoris:
622 616 666 648 et
694 622 808 648 aram
840 608 882 648 in
912 622 963 648 eo
993 607 1090 648 loco
1121 608 1265 657 fuisse,
1295 606 1512 648 mcmoriae

75 663 290 718 proditum
324 674 401 705 est.
442 664 494 705 ad
524 679 617 705 eam
648 678 746 704 cum
777 664 933 706 lamina
962 673 1072 705 esset
1101 664 1281 714 inventa,
1312 673 1354 704 et
1384 665 1425 704 in
1463 677 1513 703 ea

77 720 297 775 scriptum,
323 734 531 762 DOMINA
562 734 790 761 HONORIS
810 737 819 761 :
851 735 901 761 ea
920 734 1046 761 causa
1063 720 1144 762 fuit
1166 720 1266 761 aedis
1288 720 1416 776 hujus
1437 720 1513 760 de-

75 775 278 817 dicandae.
339 777 420 817 Sed
447 792 544 818 curn
575 776 738 818 multa
729 792 771 817 ιη
793 791 843 817 eo
867 777 962 818 loco
989 777 1180 832 sepulcra
1200 777 1392 825 fuissent,
1413 791 1511 816 exa-

76 842 167 873 rata
186 842 297 874 sunt.
357 834 503 874 statuit
522 833 633 874 enim
655 833 901 888 collegium,
923 833 1065 874 locum
1087 833 1306 898 publ-icum
1328 847 1410 873 non
1418 847 1512 897 ‘po-

77 889 205 930 tuisse
235 890 394 944 privata
424 889 628 945 religione
658 890 853 945 obligari.
911 891 1008 931 Jam
1030 901 1169 931 cetera
1188 890 1230 930 in
1254 904 1348 940 ΧΠ,
1371 889 1511 930 minu·
1523 903 1574 944 59

76 945 173 986 endi
203 955 382 996 sumtus,
403 946 807 1011 lamentationesque
838 947 1009 997 funeris,
1031 947 1232 987 translata
1261 946 1314 987 de
1345 945 1512 987 Solonis

76 1001 161 1042 fere
182 1002 363 1057 legibus.
397 1001 469 1043 lzoc
483 1002 594 1058 plue,
615 1003 766 1058 inquit,
786 1002 999 1058 nefacitO.
1017 1017 1162 1059 rogum
1180 1002 1288 1043 ascia
1306 1018 1355 1043 ne
1367 1001 1512 1057 polito.

76 1059 226 1099 Nostis
255 1073 348 1114 quae
373 1069 621 1124 sequuntur.
661 1059 942 1100 Discebamus
964 1038 1086 1100 enim
1098 1059 1217 1114 pueri
1240 1073 1334 1110 ΧΠ,
1353 1070 1402 1100 ut
1421 1074 1513 1100 car-

78 1129 174 1155 men
196 1117 504 1156 necessarium:
534 1131 636 1172 quas
660 1116 752 1172 jam
783 1130 907 1156 nemo
928 1115 1065 1157 discit.
1124 1117 1363 1156 Extenuato
1384 1116 1515 1170 igitur

77 1180 236 1220 sumtu,
257 1173 391 1213 tribus
414 1173 582 1222 riciniis,
603 1182 646 1212 et
672 1172 844 1212 vinculis
873 1186 1083 1226 purpurae,
1103 1181 1144 1212 et
1166 1171 1311 1213 decem
1333 1172 1515 1212 tibicini·

77 1227 172 1276 bus,
193 1227 306 1268 tollit
325 1228 452 1268 etiam
475 1227 835 1279 lamentationem,
857 1227 1062 1269 Mulieres
1088 1242 1217 1284 genas
1245 1243 1295 1269 ne
1321 1228 1514 1281 radunto,

76 1299 174 1325 neve
204 1282 351 1325 lessam
366 1284 538 1339 funeris
567 1299 661 1340 ergo
693 1284 874 1325 habento.
933 1285 1033 1324 Hoc
1063 1293 1221 1325 veteres
1252 1284 1514 1339 interpretes,

78 1340 172 1381 Sex.
196 1340 349 1391 AElius,
373 1342 421 1381 L.
444 1340 623 1382 Acillius
646 1355 730 1381 non
751 1342 850 1382 satis
879 1355 923 1381 se
950 1340 1186 1395 intelligere
1211 1340 1420 1390 dixerunt,
1442 1340 1515 1382 sed

78 1397 279 1452 suspicari
311 1397 545 1438 vestimenti
574 1397 744 1453 aliquod
773 1411 908 1452 genus
934 1397 1151 1438 funebris:
1183 1398 1235 1438 L.
1257 1396 1411 1447 AElius,
1433 1397 1514 1438 les-

78 1467 189 1502 sum,
225 1454 346 1509 quasi
383 1454 609 1509 lugubrem
647 1454 934 1509 ejulationern,
967 1462 1017 1494 ut
1052 1468 1132 1494 vox
1167 1454 1257 1509 ipsa
1291 1453 1513 1508 significat.

76 1510 193 1564 quod
213 1524 264 1551 eo
286 1510 421 1565 magis
443 1510 594 1566 judico
614 1525 755 1551 verum
778 1524 882 1560 esse,
903 1509 1002 1565 quia
1022 1510 1088 1551 lex
1109 1511 1277 1551 Solonis
1305 1510 1349 1550 id
1376 1511 1515 1565 ipsum

77 1575 203 1607 vetat.
262 1567 370 1607 Haec
391 1567 632 1617 laudabilia,
651 1577 693 1608 et
714 1567 998 1631 locupletibus
1020 1566 1107 1607 fere
1127 1581 1224 1608 cum
1246 1566 1369 1622 plebe
1395 1581 1516 1607 com-

78 1623 238 1664 munia.
297 1623 430 1664 Quod
461 1623 634 1679 quidem
665 1623 847 1664 maxime
877 1637 900 1663 e
930 1634 1080 1664 natura
1109 1632 1188 1674 est,
1209 1623 1302 1663 tolli
1332 1623 1513 1664 fortunae
1527 1628 1580 1666 60

77 1678 299 1720 discrimen
332 1680 374 1720 in
405 1688 557 1721 morte.
627 1680 780 1720 Cetera
815 1680 916 1720 item
949 1679 1156 1731 funebria,
1185 1680 1338 1744 quibus
1374 1679 1515 1720 luctus
1529 1687 1600 1735 24

79 1745 275 1791 augetur,
297 1735 524 1777 duodecim
547 1736 819 1778 sustulerunt
859 1742 900 1770 69
914 1735 1099 1787 Homini,
1121 1736 1270 1791 inquit,
1292 1743 1446 1776 mortuo
1467 1751 1517 1777 ne

79 1806 168 1832 ossa
190 1791 327 1848 legito,
346 1807 423 1849 quo
441 1800 534 1847 post
546 1792 849 1848 funusfaciat.
921 1792 1089 1847 Excipit
1109 1793 1305 1833 bellicam
1327 1793 1517 1848 peregri-

79 1862 261 1904 namque
280 1857 475 1890 mortem.
522 1851 628 1889 Haec
651 1858 851 1904 praeterea
872 1858 969 1890 sunt
991 1848 1031 1889 in
1053 1849 1220 1912 legibus
1241 1848 1293 1889 de
1313 1859 1516 1890 unctura·
1505 1880 1517 1899 ,

79 1905 233 1960 quibus
253 1905 412 1946 servilis
433 1912 607 1946 unctura
628 1904 805 1955 tollitur,
827 1905 1048 1961 omnisque
1074 1905 1396 1959 circumpotatio.
1423 1921 1518 1960 quae

78 1970 122 2002 et
143 1970 256 2002 recte
278 1961 511 2002 tolluntur:
544 1976 680 2017 neque
710 1961 971 2011 tollerentur,
992 1962 1070 2002 nisi
1095 1962 1304 2002 fuissent:
1338 1977 1387 2002 ue
1406 1976 1518 2002 sum-

81 2023 197 2058 tuosa
215 2017 436 2072 ‘respersio,·
456 2033 506 2058 ne
526 2017 662 2074 Zongae
682 2032 854 2069 coronae,
876 2033 946 2059 nec
967 2033 1125 2059 acernae
1147 2026 1186 2054 70
1201 2027 1517 2073 praetereantur.

82 2073 198 2115 Illa
179 2088 272 2130 Jam
299 2050 551 2130 significatio
572 2083 650 2125 est,
671 2074 807 2115 laudis
830 2084 1076 2115 ornamenta
1096 2074 1148 2115 ad
1170 2084 1364 2115 mortuos
1386 2075 1562 2129 perti-b

81 2145 192 2181 nere,
213 2130 330 2186 quod
360 2145 546 2172 coronam
575 2131 728 2172 virtute
751 2138 935 2185 partam,
956 2140 999 2172 et
1027 2131 1081 2181 ei,
1108 2130 1181 2186 qui
1211 2131 1453 2185 peperisset,
1475 2140 1520 2172 et

80 2187 172 2244 ejus
192 2187 370 2242 parenti,
387 2187 475 2228 sine
495 2187 644 2228 fraude
664 2202 754 2228 esse
774 2187 841 2228 lex
861 2188 1105 2243 impositam
1120 2187 1266 2243 jubet:
1290 2187 1520 2243 credoque,

81 2243 197 2299 quod
224 2252 314 2284 erat
339 2243 594 2295 factitatum,
618 2252 650 2280 7¹
673 2254 721 2284 ut
749 2245 823 2284 uni
847 2244 969 2299 plura
990 2244 1150 2294 fierent,
1173 2243 1358 2298 lectique
1379 2244 1520 2298 plures

81 2309 379 2351 sternerentur,
400 2299 444 2340 id
469 2315 639 2356 quoque
661 2315 712 2340 ne
734 2300 864 2351 fieret,
887 2301 983 2356 lege
1007 2310 1199 2341 sanctum
1222 2309 1299 2340 est.
1358 2301 1488 2342 Qua'
1478 2315 1521 2341 m

81 2355 179 2411 lege
198 2371 293 2397 cum
316 2365 441 2408 esset,
461 2371 558 2398 ‘neve
577 2371 724 2398 aarum
744 2357 897 2406 addito,
919 2372 1046 2412 quam
1078 2357 1262 2397 humane
1283 2357 1437 2413 excipit
1458 2357 1520 2397 al-

82 2421 172 2454 tera
190 2412 257 2454 lex
275 2412 370 2469 quoi
395 2428 493 2454 auro
508 2413 645 2455 dentes
666 2413 793 2454 vincti
813 2421 964 2465 ewsczmt
988 2421 1052 2454 ast
1073 2413 1128 2453 im
1149 2428 1237 2453 cum
1260 2411 1331 2453 illo
1353 2413 1522 2468 sepelire

83 2483 259 2521 urereve,
281 2484 321 2510 se
324 2469 486 2525 fraude
505 2477 602 2512 esto
633 2478 675 2512 et
696 2470 824 2511 simul
843 2470 948 2511 illud
968 2470 1168 2521 videtote,
1191 2469 1305 2510 aliud
1327 2469 1520 2511 habitum

128 2620 168 2648 69
193 2615 233 2646 H.
260 2622 368 2645 mortuo
391 2626 425 2645 ne
448 2627 507 2646 ossa
532 2614 633 2657 legito]
651 2617 670 2648 i.
688 2627 715 2647 e.
740 2627 781 2647 ne
825 2624 871 2647 rat
885 2617 1134 2648 substantivum.
1157 2616 1258 2646 Credo
1272 2625 1347 2646 curn
1364 2615 1436 2644 viris
1452 2616 1522 2654 qui-

84 2664 157 2688 ante
172 2659 270 2690 funus
286 2669 356 2689 ossa
371 2668 388 2688 e
404 2660 552 2690 cadavere
568 2661 702 2691 eximas.
824 2661 959 2691 busdam
989 2661 1088 2689 doctis
1118 2660 1269 2689 excidisse
1291 2659 1415 2699 funera.
1455 2657 1523 2687 lecti

129 2707 170 2736 70
188 2700 417 2741 praetereantur]
443 2702 529 2732 Quid
554 2704 585 2733 id
611 2704 643 2733 h.
660 2703 682 2733 l.
709 2710 780 2743 apte
817 2703 931 2742 plures,
948 2713 1066 2742 nempe
1089 2703 1217 2732 honoris
1234 2710 1342 2736 causa,
1360 2708 1395 2730 ut
1410 2706 1441 2729 et
1457 2701 1522 2740 rogi

83 2743 252 2782 significet,
270 2754 367 2775 nemo
382 2745 504 2775 dixerit.
543 2746 710 2776 Manutius
727 2747 781 2776 be·
823 2746 928 2785 plures
958 2746 1117 2776 honorarii
1148 2745 1220 2774 facti
1252 2745 1460 2783 reperiuntur.
1490 2753 1522 2775 v.

86 2796 126 2816 ne
141 2788 277 2826 conjecit
287 2787 498 2828 praeferantur.
825 2790 972 2820 Oudend.
986 2790 1025 2819 ad
1040 2789 1127 2818 Suet.
1143 2789 1227 2826 Aug.
1246 2793 1297 2822 73.

129 2834 167 2864 71
192 2836 226 2859 ut
247 2830 298 2859 um'
314 2830 406 2870 plura
415 2829 540 2870 fierent]
559 2829 649 2871 plura
661 2832 781 2862 deside-
