1844 3202
656 153 1011 204 PARADOXA.
1471 159 1547 202 847

112 277 209 320 quae
238 277 316 306 nos
347 263 606 320 appellamus
627 262 755 304 etiam
784 260 912 302 bona.
970 259 1088 316 Quid
1117 267 1182 301 est
1211 260 1355 315 igitur,
1386 271 1548 326 quaeret

113 320 168 361 ali
200 320 279 372 uis,
299 321 458 362 bonum
477 321 491 360 ?
523 319 555 360 si
578 319 680 375 quid
700 327 814 360 recte
836 318 895 367 fit,
915 325 958 358 et
978 316 1168 367 honeste,
1189 325 1232 356 et
1251 331 1347 357 cum
1378 328 1545 371 virtute,

110 376 155 418 id
207 391 284 418 ene
304 377 404 428 fieri,
424 389 517 417 vere
545 375 728 417 dicitur:
761 382 817 425 et,
840 373 953 430 quod
974 382 1150 423 rectum,
1171 382 1212 413 et
1238 372 1478 427 honestum,
1501 386 1544 418 et

107 446 209 474 curn
239 434 390 474 virtute
419 442 496 483 est,
517 432 559 473 id
591 432 727 473 solum
758 431 909 486 opinor
938 431 1121 471 Bonum.
1181 429 1263 470 Sed
1295 429 1384 470 haec
1415 431 1587 481 vider12

105 499 284 544 possunt
304 489 561 540 obscuriora,
582 503 680 530 cum
703 487 856 529 lentius
876 486 1154 542 disputantur.
1172 486 1255 526 vita
1273 494 1400 542 atque
1421 487 1542 529 factis

105 544 354 586 illustranda
383 553 481 586 sunt
511 559 773 586 summorum
800 544 983 585 virorum
1015 542 1121 594 haec,
1151 557 1245 598 quae
1277 543 1409 584 verbis
1441 545 1541 585 sub-

105 600 234 653 tilius,
268 616 392 657 quam
431 602 531 643 satis
566 610 644 653 est,
677 601 880 666 disputari
916 599 1121 640 videntur.
1180 599 1340 641 Quaero
1373 599 1485 641 enim
1519 615 1544 641 a

102 657 236 709 vobis,
269 671 371 699 num
407 658 537 699 ullam
569 658 873 714 cogitationem
908 656 1105 697 habuisse
1144 655 1361 696 videantur
1393 656 1435 707 ii,
1468 657 1541 713 qui
1554 658 1584 690 b.

102 712 213 755 h'anc
232 715 534 771 rempublicam
558 724 643 756 tam
668 715 863 770 praeclare
885 713 1103 754 fundatam
1127 712 1248 754 nobis
1268 712 1543 768 reliquerunt,

104 776 208 812 ⁶·aut
228 772 391 826 argenti
410 771 463 812 ad
485 771 712 822 avaritiam,
730 779 804 811 aut
823 769 1115 812 amoenitatum
1133 769 1187 810 ad
1204 767 1544 822 delectationem,

102 835 177 868 aut
198 827 470 883 supellectilis
489 827 542 869 ad
563 827 746 878 delicias,
763 835 838 868 aut
857 826 1074 881 epularum
1097 825 1149 866 ad
1166 825 1426 881 voluptates?
1461 827 1542 868 Po-

102 883 190 924 nite
211 891 307 925 ante
327 884 474 925 oeulos
494 897 842 940 unumquemque
862 897 1029 938 regum.
1083 889 1097 918 7
1114 881 1256 924 Vultis
1275 897 1299 922 a
1322 883 1507 924 Romulo
1525 885 1539 925 ?

103 939 229 981 vultis
260 949 358 995 post
385 941 559 982 liberam
594 941 818 991 civitatem,
846 940 899 980 ab
931 939 983 980 iis*
1011 938 1125 995 ipsis,
1157 939 1230 994 qui
1261 939 1543 981 liberaverunt

103 998 225 1038 eam?
256 997 424 1054 Quibus
446 997 614 1038 tandem
634 996 837 1053 gradibus
861 994 1068 1037 Romulus
1086 995 1273 1036 escendit
1293 995 1334 1036 in
1355 997 1539 1038 coelum?

101 1052 220 1104 iisne,
242 1068 335 1109 quae
356 1054 424 1095 isti
445 1054 556 1095 bona
587 1053 798 1109 appellant
816 1054 828 1094 ?
863 1067 915 1094 an
945 1052 1068 1112 rebus
1097 1051 1243 1108 gestiS,
1265 1061 1390 1109 atque
1411 1053 1544 1094 virtu-

101 1109 248 1150 tibus?
281 1110 428 1166 Quid?
461 1126 486 1151 a
514 1112 662 1152 Numa
694 1109 933 1165 Pompilio?
966 1109 1160 1150 minusne
1189 1117 1331 1164 gratas
1361 1109 1440 1150 diis
1461 1109 1542 1151 im-

102 1166 354 1207 mortalibus
383 1167 622 1223 capedines,
651 1181 698 1208 ac
730 1165 1079 1207 fictilesurnulas
1099 1165 1242 1216 fuisse,
1264 1181 1389 1222 quam
1411 1166 1542 1207 filica-

101 1229 165 1263 tas
186 1222 363 1263 aliorum
383 1232 548 1279 pateras
567 1223 846 1264 arbitramur?
881 1222 1046 1263 Omitto
1068 1222 1250 1277 reliquos
1269 1239 1277 1262 :
1309 1232 1408 1264 sunt
1428 1223 1541 1263 enim

102 1292 251 1319 omnes
270 1293 388 1334 pares
410 1279 518 1321 inter
537 1294 595 1330 se,
616 1288 765 1335 praeter
788 1279 1041 1334 Superbum.
1098 1279 1280 1320 Brutum
1301 1280 1335 1320 si
1354 1279 1448 1335 quis
1470 1294 1542 1321 ro·

100 1344 190 1390 get,
221 1335 322 1391 quid
353 1337 488 1391 egerit
518 1336 560 1377 in
595 1337 728 1390 patria
758 1335 1000 1377 liberanda:
1033 1335 1067 1376 si
1100 1335 1193 1390 quis
1224 1336 1327 1376 item
1356 1336 1541 1392 reliquos

101 1391 292 1447 ejusdem
324 1393 486 1435 consilii
517 1394 668 1443 socios,
700 1392 801 1449 quid
832 1392 1119 1447 spectaverint,
1142 1392 1240 1447 quid
1274 1392 1407 1433 secuti
1428 1393 1540 1435 sint:

103 1462 203 1489 num
256 1448 319 1489 uis
339 1450 524 1500 exsistet,
547 1449 615 1491 cui
635 1449 841 1505 voluptas,
864 1449 932 1489 cui
953 1448 1121 1499 divitiae,
1143 1447 1212 1488 cui
1232 1447 1410 1504 denique
1432 1462 1542 1504 prae-

101 1513 167 1545 ter
187 1463 371 1546 officium
392 1506 512 1547 fortis
539 1516 581 1547 et
600 1507 746 1561 magni
775 1505 863 1554 viri,
884 1504 1115 1560 quidquam
1136 1505 1252 1545 aliud
1273 1506 1539 1560 propositum

100 1560 229 1602 fuisse
258 1561 471 1603 videatur?
505 1564 615 1618 Quae
646 1576 709 1603 res
739 1561 792 1602 ad
823 1576 968 1602 necem
1001 1562 1221 1601 Porsennae
1256 1562 1307 1602 C.
1338 1561 1540 1603 Mucium

100 1617 287 1673 impulit,
307 1618 396 1660 sine
425 1618 512 1659 ulla
542 1633 614 1674 spe
636 1619 782 1659 salutis
803 1619 919 1659 suae?
953 1619 1061 1673 Quae
1083 1618 1141 1657 vis
1165 1617 1374 1658 Coclitem
1393 1628 1542 1660 contra

101 1688 250 1715 omnes
281 1675 468 1717 hostium
498 1675 639 1729 copias
671 1675 806 1716 tenuit
835 1674 876 1714 in
898 1683 1026 1729 ponte
1055 1674 1226 1714 solum?
1260 1689 1354 1729 quae
1375 1684 1541 1730 patrem

101 1729 301 1781 Decium,
332 1746 425 1786 quae
463 1739 479 1762 8
498 1732 630 1772 filium
660 1730 882 1781 devotavit,
912 1740 1041 1784 atque
1072 1730 1249 1771 immisit
1280 1731 1320 1771 in
1359 1740 1543 1773 armatas

102 1786 290 1828 hostium
313 1788 456 1843 copias
475 1789 488 1828 ?
513 1787 628 1844 Quid
659 1787 917 1828 continentia
947 1785 997 1827 C.
1022 1787 1215 1837 Fabricii,
1237 1787 1337 1843 quid
1357 1789 1540 1829 tenuitas

101 1842 235 1884 victus
266 1844 346 1884 Μ’.
372 1844 490 1885 Curii
520 1844 805 1900 sequebatur?
839 1842 955 1899 Quid
977 1843 1062 1884 duo
1090 1844 1410 1899 propugnacula
1439 1845 1542 1886 belli

103 1899 262 1950 Punici,
288 1899 368 1941 Cn.
389 1910 431 1941 et
464 1902 506 1941 P.
529 1901 760 1955 Scipiones,
782 1901 854 1955 qui
878 1900 1291 1955 Karthaginiensium
1313 1901 1540 1942 adventum

101 1956 351 2011 corporibus
373 1956 458 1997 suis
480 1956 842 1998 intercludendum
872 1953 1152 2012 putaverunt?
1185 1956 1285 2012 quid
1318 1957 1540 1999 Africanus

101 2013 267 2069 major?
300 2013 402 2069 quid
435 2014 603 2054 minor?
637 2012 738 2069 quid
774 2013 882 2054 inter
921 2013 1075 2054 horum
1115 2022 1259 2054 aetates
1295 2014 1540 2070 interjectus

103 2068 244 2110 Cato?
276 2070 380 2126 quid
418 2069 746 2111 innumerabiles
781 2069 882 2110 alii?
921 2084 1018 2110 nam
1057 2069 1300 2110 domest-icis
1337 2070 1542 2125 exemplis

99 2123 366 2167 abundamus
386 2143 395 2168 z
421 2135 439 2161 9
456 2126 667 2182 cogitasse
696 2134 910 2182 putamus,
933 2125 1165 2182 quidquam
1194 2127 1238 2167 in
1267 2125 1349 2167 vita
1369 2127 1446 2168 sibi
1468 2141 1542 2168 ex-

101 2182 346 2236 petendum,
369 2183 446 2224 nisi
466 2182 585 2239 quod
599 2182 810 2224 laudabile
835 2197 939 2234 esse,
964 2191 1007 2224 et
1027 2182 1276 2238 praeclarum
1298 2183 1506 2224 videretur
1525 2184 1539 2224 ?

101 2236 286 2280 Veniant
303 2238 436 2294 igitur
458 2239 528 2280 isti
553 2239 741 2281 irrisores
763 2238 1125 2296 hujus‘orationis,
1145 2254 1194 2280 ac
1222 2240 1468 2282 sententiae:
1500 2234 1588 2281 et3

885 2382 904 2408 9
926 2373 1076 2414 cogitasse]
1110 2374 1149 2407 In
1175 2375 1209 2405 h.
1238 2374 1260 2404 l.
1290 2384 1324 2404 se
1350 2383 1464 2406 torsere
1486 2376 1544 2407 viri

841 2418 924 2448 docti
948 2424 979 2448 et
1000 2418 1143 2448 editores.
1166 2418 1241 2457 quia
1263 2419 1455 2448 constructio
1478 2429 1544 2449 non

143 2378 172 2404 6-
185 2380 237 2403 aut
253 2374 330 2413 auri,
353 2382 406 2405 aut
427 2374 554 2416 argenti]
574 2375 670 2406 Recte
683 2375 800 2406 delevit

102 2416 246 2447 Graevius
266 2425 319 2447 aut
341 2419 407 2454 auri
420 2431 429 2448 :
452 2428 530 2449 nam
552 2426 704 2458 argentum
725 2419 798 2449 satis

100 2466 147 2490 est
163 2461 207 2489 ad'
217 2461 458 2499 exprimendam
480 2462 661 2501 pecuniam.
686 2471 745 2491 nec
768 2463 798 2492 id

101 2509 148 2533 est
172 2503 204 2532 in
229 2503 413 2534 melioribus
434 2505 530 2535 libris.
576 2505 654 2535 Edd.
678 2515 722 2545 pr.
742 2506 798 2534 ha-

102 2545 185 2576 bent-
204 2546 270 2576 auri
296 2553 324 2575 e!
343 2547 581 2587 argentis-quod
607 2547 800 2583 toletabillus

104 2595 161 2619 est.

149 2637 173 2666 7·
194 2630 288 2661 Vultis
309 2644 327 2660 a
352 2632 469 2661 Romulo
483 2625 585 2663 fvflm,
612 2633 800 2673 exemplum

104 2682 218 2714 petere.
243 2675 280 2704 In
298 2674 382 2704 libris
399 2676 589 2714 quibusdam
605 2686 666 2707 scr.
683 2683 713 2706 et
729 2676 800 2706 edd.

104 2726 153 2757 pr.
175 2718 321 2748 additum
344 2725 390 2748 est
412 2718 548 2757 incipere,
565 2726 620 2749 aut
641 2719 801 2760 incipiam:

105 2766 270 2799 quaesunt
285 2760 397 2800 glossae
413 2770 478 2791 non
494 2761 599 2792 bonae.

151 2801 287 2842 &fllium
307 2803 479 2844 devoravit]
505 2804 576 2834 Hoc
591 2804 711 2834 habent
725 2804 806 2834 Mss.

107 2850 140 2875 et
153 2846 223 2876 edd.
239 2856 286 2887 pr.
298 2847 370 2878 inde
385 2856 405 2878 a
419 2846 533 2879 Colon.
545 2853 576 2878 et
591 2847 740 2886 Mogunt.
759 2847 807 2876 de-

110 2888 209 2917 vovit.

842 2461 1018 2496 constabat,
1051 2461 1195 2490 addidere
1223 2461 1353 2500 aliquid.
1400 2462 1549 2492 Graevius

841 2510 910 2543 post
938 2504 1096 2543 Langium
1125 2505 1242 2543 recepit
1276 2511 1425 2543 putamus,
1459 2504 1546 2543 quod

845 2555 891 2577 est
903 2548 936 2577 in
950 2548 1082 2586 edd-pr.
1099 2546 1153 2576 sed
1168 2556 1245 2576 cum
1263 2558 1300 2575 an
1313 2559 1323 2575 .-
1347 2559 1384 2575 an
1407 2547 1546 2586 cogitasse

844 2590 998 2632 quicquam
1018 2589 1188 2629 putamus?
1209 2590 1295 2628 quod
1320 2589 1434 2619 delevit
1466 2590 1545 2619 Lan-

844 2635 925 2672 gius'.
943 2634 997 2663 sed
1013 2633 1054 2662 ita
1070 2639 1142 2662 ante
1158 2642 1224 2662 esse
1239 2633 1365 2662 deberet
1383 2632 1544 2661 innumera-

844 2675 915 2705 biles
929 2675 1011 2705 alios.
1051 2676 1088 2705 In
1106 2675 1160 2704 alii
1177 2675 1279 2705 intell.
1292 2684 1482 2714 spectavere,
1498 2685 1546 2704 se-

848 2719 913 2748 cuti
937 2726 1024 2756 sunt,
1048 2728 1065 2747 e
1087 2718 1311 2757 superioribus.
1335 2719 1387 2747 sed
1411 2717 1547 2756 cogitasse

846 2770 924 2796 sane
944 2762 1079 2791 verbum
1102 2761 1267 2797 desiderat,
1283 2770 1302 2790 a
1324 2770 1389 2798 quo
1405 2760 1550 2800 pendeat.

851 2805 958 2842 itaque
974 2810 1115 2843 putamus
1137 2811 1168 2833 et
1191 2804 1255 2842 ipse
1278 2803 1393 2840 addidi,
1417 2803 1493 2841 quia
1516 2803 1549 2834 in

850 2846 937 2876 libris
955 2847 1064 2877 multis
1082 2853 1238 2886 repertum
1258 2853 1314 2875 est.

815 2943 931 2982 312
