1844 3202
304 108 382 154 674
831 110 905 148 DE
943 111 1198 150 LEGIBUS

305 214 527 271 legationis
546 229 627 272 ego
655 219 816 269 consul,
837 229 877 252 20
890 235 1143 275 quamquam
1172 219 1224 260 ad
1252 219 1524 260 commodum
1559 226 1724 260 senatus

306 272 508 326 pertinere
530 273 730 325 videatur,
751 284 904 325 tamen,
925 277 1182 330 approbante
1204 285 1348 317 senatu
1374 275 1724 331 frequentissimo,

307 327 385 368 nisi
418 329 522 369 mihi
560 339 594 361 21
618 330 845 372 levissimus
886 332 1075 372 tribunus
1115 332 1246 386 plebis
1286 342 1373 373 tum
1413 332 1727 381 intercessisset,

307 384 581 426 sustulissem.
611 395 750 427 tamen
783 387 912 427 minui
946 398 1126 442 tenipus,
1161 396 1215 437 et,
1247 389 1359 443 quod
1390 399 1476 429 erat
1504 388 1726 437 infinitum,

306 455 489 482 annuum
511 442 603 483 feci.
624 442 681 483 ita
703 443 919 497 turpitudo
939 454 1094 493 manet,
1115 443 1384 484 diuturnitate
1408 445 1584 485 sublata.
1645 442 1729 483 Sed

301 495 408 552 jani,
429 498 460 537 si
492 498 641 553 placet,
665 498 716 539 de
746 499 966 554 provinciis
995 499 1232 549 decedatur,
1254 500 1294 539 in
1325 501 1553 555 urbemque
1584 500 1728 540 redea-

307 561 388 593 tur.
447 555 539 595 Att.
572 555 708 595 Nobis
730 570 822 595 vero
844 556 1008 610 placet:
1042 556 1113 596 sed
1142 556 1203 605 iis,
1224 557 1292 610 qui
1314 556 1354 596 in
1378 556 1596 610 provinciis
1617 564 1727 606 sunt,

249 609 479 660 19minime
510 611 658 665 placet.
719 612 784 651 M.
816 612 874 652 At
905 627 1016 662 vero,
1046 612 1154 662 Tite,
1185 612 1217 652 si
1248 621 1416 666 pareant
1453 613 1516 652 his
1547 612 1728 667 legibuS,

310 665 409 706 nihil
436 667 514 707 erit
542 666 606 707 his
636 668 754 716 urbe,
776 668 878 708 nihil
909 668 1037 709 domo
1066 684 1140 709 sua
1161 668 1352 709 dulcius:
1385 683 1459 709 nec
1481 667 1730 709 laboriosius

308 722 610 778 molestiusque
629 724 854 778 provincia.

365 778 447 819 Sed
478 780 666 835 sequitur
694 781 772 831 lex,
795 797 887 836 quae
910 781 1041 822 sancit
1065 795 1155 821 eam
1177 782 1439 821 tribunorum
1471 780 1605 835 plebis
1634 788 1731 835 pot.-

308 843 500 885 estatem,
522 851 613 891 quae
634 837 672 876 in
695 838 910 892 republica
928 847 1068 878 nostra
1089 854 1096 876 :
1127 838 1178 878 de
1196 853 1277 893 qua
1298 837 1442 878 disseri
1465 837 1567 877 nihil
1587 851 1730 877 neces-

311 904 354 929 se
375 899 452 930 est.
487 893 541 947 Q.
564 892 619 932 At
640 893 877 933 mehercule
898 909 994 947 ego,
1013 894 1150 942 frater,
1173 909 1331 949 quaero,
1353 894 1404 934 de
1427 894 1503 934 ista
1524 901 1731 948 potestate

182 946 412 1004 p.1ss.quid
433 947 599 987 sentias.
620 962 713 988 nam
737 949 838 989 mihi
861 950 1029 1004 quidem
1051 950 1247 1004 pestifera
1265 950 1441 1000 videtur,
1464 950 1618 1005 quippe
1639 964 1732 1004 quae

270 1014 298 1035 a·
311 1002 353 1042 in
383 1001 601 1053 seditione,
631 1012 674 1044 et
704 1005 755 1044 ad
787 1005 1031 1045 seditionem
1065 1015 1157 1045 nata
1190 1006 1269 1046 sit:
1302 1006 1421 1061 cujus
1451 1006 1632 1060 primum
1664 1020 1733 1045 or-

311 1066 417 1107 tum,
449 1059 482 1098 si
511 1060 717 1100 recordari
746 1061 952 1110 volumus,
978 1062 1083 1102 inter
1114 1076 1229 1101 arma
1258 1062 1424 1111 civium,
1445 1070 1487 1102 et
1518 1061 1733 1115 occupatis

309 1122 351 1154 et
390 1115 570 1156 obsessis
609 1116 724 1156 urbis
771 1117 888 1168 locis,
927 1126 965 1149 22
987 1126 1251 1172 procreatum
1292 1118 1494 1159 videmus.
1571 1117 1736 1158 Deinde

310 1178 348 1202 23
366 1185 463 1212 cum
493 1182 602 1212 esset
630 1172 714 1213 cito
742 1173 977 1229 ablegatus,
998 1182 1211 1229 tamquam
1238 1189 1287 1214 ex
1319 1189 1411 1214 xl1.
1443 1174 1610 1224 tabulis,
1638 1174 1737 1214 insi-

309 1227 404 1282 gnis
431 1227 483 1268 ad
514 1228 824 1270 deformitatem
852 1245 968 1285 puer,
988 1239 1026 1261 ‘24
1044 1231 1151 1270 brevi
1174 1239 1363 1285 tempore
1382 1239 1558 1280 creatus,
1579 1229 1735 1270 multo-

266 1291 393 1344 9que
413 1285 572 1326 taetrior
592 1294 635 1325 et
659 1285 809 1326 foedior
838 1296 957 1327 natus
987 1296 1064 1327 cst.
1124 1290 1263 1343 Quem
1294 1287 1403 1327 enim
1436 1287 1505 1327 ille
1533 1301 1615 1327 non
1648 1286 1737 1326 edi-

312 1341 404 1381 dit?
451 1341 520 1396 qui
552 1341 750 1396 primum,
780 1351 826 1383 ut
857 1343 989 1398 impio
1019 1343 1192 1397 dignum
1227 1343 1318 1393 fuit,
1350 1343 1537 1398 patribus
1566 1356 1735 1383 omnem

310 1397 516 1438 honorem
536 1397 700 1452 eripuit,
722 1399 864 1439 omnia
890 1399 1032 1440 infima
1061 1400 1237 1440 summis
1269 1400 1381 1454 paria
1409 1400 1520 1450 fecit,
1542 1399 1737 1450 turbavit,

311 1452 506 1495 miscuit:
556 1468 653 1494 cum
693 1454 903 1497 afflixisset
940 1455 1176 1510 principum
1215 1456 1476 1511 gravitatem,
1507 1470 1736 1511 numquam

251 1514 303 1546 20
315 1517 454 1550 tamen
484 1511 735 1566 conquievit.
793 1513 936 1567 Atque
965 1520 1014 1553 ut
1036 1512 1085 1552 C.
1121 1512 1386 1561 Flaminium,
1407 1521 1531 1567 atque
1559 1526 1621 1562 ea,
1642 1527 1738 1568 quae

304 1566 396 1622 jam
416 1566 552 1621 prisca
573 1576 682 1617 sunt,
704 1568 935 1623 relinquam
956 1586 964 1608 ε
996 1569 1097 1624 quid
1121 1568 1228 1624 juris
1259 1568 1378 1609 bonis
1401 1568 1493 1609 viris
1514 1569 1579 1608 Ti.
1603 1569 1737 1609 Grac-

311 1622 380 1662 chi
407 1622 642 1663 tribunatus
673 1624 870 1679 reliquit?
903 1625 979 1665 etsi
1011 1625 1296 1680 quinquennio
1327 1634 1437 1675 ante,
1468 1625 1524 1665 D.
1556 1625 1737 1665 Brutum

311 1686 354 1719 et
395 1679 437 1718 P.
469 1679 708 1733 Scipionem
743 1681 951 1730 eonsules,
981 1697 1088 1736 quos
1123 1691 1165 1722 et
1204 1690 1382 1736 quantos
1419 1682 1554 1721 viros?
1606 1681 1738 1721 horno

313 1735 504 1778 omnium
534 1735 714 1786 infimus,
745 1746 787 1777 et
825 1737 1150 1788 sordidissimus,
1180 1738 1372 1778 tribunus
1409 1737 1541 1792 plebis
1574 1737 1625 1778 C.
1649 1737 1739 1777 Cu-

312 1791 457 1832 riatius
479 1791 519 1831 in
541 1792 701 1834 vincula
721 1793 903 1850 conjecit
922 1811 930 1833 :
963 1793 1074 1849 quod
1100 1803 1197 1835 ante
1217 1795 1376 1835 factum
1404 1807 1487 1833 non
1520 1803 1622 1834 erat.
1686 1793 1737 1834 C.

313 1861 410 1888 vero
442 1848 659 1889 Gracchus
691 1858 728 1881 2⁵
747 1850 874 1900 runis,
904 1859 945 1890 et
975 1850 1070 1891 sicis
1099 1850 1161 1901 iis,
1193 1865 1296 1906 quas
1324 1851 1412 1905 ipse
1443 1864 1486 1890 se
1515 1849 1739 1906 projecisse

315 1904 357 1944 in
387 1904 527 1945 forum
558 1904 676 1955 dixit,
707 1906 860 1961 quibus
890 1906 1219 1961 digladiarentur
1247 1908 1353 1948 inter
1383 1920 1425 1947 se
1454 1907 1577 1957 cives,
1602 1921 1740 1947 nonne

316 1974 486 2000 omnem
516 1962 755 2016 reipublicae
786 1971 940 2003 statum
983 1964 1265 2018 permutavit?
1306 1962 1422 2019 Quid
1452 1962 1542 2018 jam
1581 1963 1632 2003 de
1663 1964 1739 2003 Sa-

317 2016 473 2058 turnini
495 2018 716 2072 supplicio,
737 2019 988 2074 reliquisque
1011 2019 1146 2060 dicam
1167 2021 1179 2059 ?
1213 2034 1319 2075 quos
1340 2032 1390 2059 ne
1417 2018 1624 2073 depellere
1645 2019 1740 2075 qui-

255 2076 302 2114 21
318 2071 416 2113 dem
440 2088 465 2114 a
493 2087 536 2114 se
566 2074 653 2115 sine
684 2074 793 2115 ferro
823 2075 961 2129 potuit
990 2076 1253 2129 respublica?
1289 2076 1378 2116 Cur
1407 2084 1545 2115 autem
1577 2084 1650 2116 aut
1669 2091 1738 2117 ve-

317 2137 419 2179 tera,
439 2139 512 2171 aut
532 2129 666 2173 aliena
685 2136 724 2161 26
739 2132 947 2186 proferam
972 2132 1128 2187 potius,
1149 2146 1274 2187 quam
1294 2142 1336 2172 et
1358 2140 1511 2182 nostra,
1534 2141 1576 2172 et
1595 2147 1739 2173 recen-

359 2250 399 2273 20
423 2244 778 2285 quamquam—pertinere
787 2243 937 2283 videatur]
953 2246 1007 2274 Le-

317 2287 457 2325 gendum
474 2293 550 2324 puto
566 2286 730 2316 videbatur.

362 2336 398 2358 21
425 2328 585 2359 levissimus
598 2329 703 2369 tr.pl.]
724 2330 872 2360 hletellus
889 2331 1006 2370 Nepos,

318 2372 440 2411 opinor.

363 2421 402 2444 22
422 2420 602 2452 procreatum
618 2413 764 2452 videmus]
789 2415 842 2445 Nil
866 2422 922 2452 est,
946 2425 1009 2455 quo

320 2457 467 2487 referatur
484 2463 673 2495 procreatum.
690 2468 764 2487 nam
784 2459 822 2488 ad
838 2465 929 2487 ortum
945 2468 1009 2488 non

320 2501 488 2529 commode
512 2500 670 2537 referatur,
696 2508 730 2530 ut
752 2502 829 2531 vidit
850 2502 1009 2538 Davisius,

320 2543 373 2581 qui
390 2549 479 2582 putat
491 2542 666 2572 tribunatum
679 2544 839 2574 excidisse.
863 2544 928 2582 Ego
943 2553 1010 2573 cor-

321 2586 419 2623 rigam
439 2592 618 2624 procreatam
641 2595 684 2615 sc.
712 2592 907 2625 potestatem.
939 2593 1009 2616 tum

320 2627 447 2657 vidimus
464 2628 526 2658 Ms.
544 2629 574 2657 in
592 2638 636 2658 m.
653 2629 700 2658 ed.
718 2630 828 2658 Lamb.

363 2677 401 2701 23
426 2681 488 2699 cum
512 2677 580 2699 esset
604 2671 658 2700 cito
681 2671 841 2710 ablegatus]
868 2672 918 2701 Sic
938 2671 1008 2701 vul-

318 2720 428 2751 gatum
450 2712 559 2752 legatus
582 2715 761 2744 emendavit
785 2715 834 2744 Jo.
858 2715 1008 2750 AuratuS,

319 2757 495 2795 recepitque
510 2756 591 2786 bene
608 2757 766 2786 Davisius.
795 2757 920 2795 Nempe
939 2767 1008 2787 xri.

320 2799 435 2828 tabula*
459 2805 564 2838 partus
585 2806 775 2829 monstrosos
800 2802 935 2830 amoveri
957 2800 1009 2838 ju-

319 2841 445 2872 bebant.
471 2843 603 2882 pertinet
625 2849 732 2873 autem
755 2843 792 2873 ad
815 2843 907 2874 breve
927 2849 1007 2878 tern-

1050 2255 1121 2284 pus,
1138 2255 1202 2284 quo
1222 2246 1398 2276 tribunatus
1416 2245 1557 2276 sublatus
1576 2246 1646 2281 suit,
1664 2255 1740 2276 mox

1052 2289 1220 2318 restitutus.

1096 2339 1133 2360 24
1159 2331 1241 2360 brevi
1264 2337 1384 2369 tempore
1407 2329 1532 2369 creatus]
1559 2331 1608 2360 An
1633 2342 1742 2360 recrea—

1053 2381 1097 2402 tus
1111 2374 1128 2403 ?
1151 2373 1263 2404 ultima
1279 2373 1310 2402 in
1324 2379 1444 2411 tempore
1456 2373 1642 2412 absorpsisse
1657 2374 1740 2403 vide-

1053 2423 1103 2446 tur
1122 2416 1276 2455 syllabam
1293 2427 1332 2444 re.
1349 2422 1417 2454 post
1439 2417 1534 2446 etiam
1555 2423 1668 2446 renatus
1686 2417 1742 2446 ha-

1052 2460 1128 2489 bent
1144 2459 1210 2489 libri
1226 2460 1368 2498 quidam.

1097 2510 1134 2532 ‘25
1167 2502 1245 2531 runis
1276 2508 1302 2530 et
1331 2500 1395 2530 sicis
1427 2498 1477 2539 iis]
1519 2501 1634 2540 Recepi
1664 2510 1741 2532 cum

1053 2545 1180 2574 Davisio
1195 2545 1411 2583 conjecturam
1423 2545 1562 2574 virorum
1578 2545 1742 2574 doctorum

1053 2587 1131 2616 runis
1148 2597 1202 2626 pro
1220 2588 1320 2623 ruinis,
1339 2588 1423 2624 quod
1439 2594 1484 2616 est
1499 2596 1598 2626 genus
1615 2587 1677 2616 teli.

1097 2635 1135 2660 26
1162 2630 1307 2669 proferam
1336 2628 1441 2668 potius]
1468 2629 1625 2668 preferam.
1659 2630 1743 2669 quod

1052 2679 1097 2702 est
1120 2673 1150 2702 in
1183 2673 1257 2702 Mss.
1287 2672 1428 2711 pluribus
1457 2673 1552 2701 etiam
1577 2672 1683 2702 Guelf.
1713 2678 1743 2700 et

1052 2716 1120 2745 edd.
1142 2722 1216 2745 vett.
1243 2716 1356 2746 melius
1383 2716 1531 2745 convenit
1557 2715 1741 2754 praecedenti

1052 2757 1157 2794 dicam,
1174 2768 1269 2797 quam
1290 2759 1483 2800 proferamus,
1499 2764 1534 2788 ut
1556 2764 1602 2788 est
1624 2759 1656 2788 in
1672 2756 1742 2787 vul÷

1051 2802 1128 2841 gatis
1145 2801 1309 2842 plerisque.
