1844 3202
294 99 370 137 702
814 97 892 135 DE
929 98 1189 137 OFFICIIS

294 200 406 242 dicio
437 200 504 253 sit,
546 203 830 260 propinquum
870 207 1026 261 potius,
1059 216 1099 248 et
1139 207 1337 259 amicum,
1378 222 1503 262 quam
1541 207 1719 250 vicinum

296 252 544 300 defenderis.
605 261 712 301 Haec
750 261 879 316 igitur
916 272 958 303 et
988 263 1100 313 talia,
1137 264 1511 320 circumspicienda
1546 275 1643 307 sunt
1679 265 1722 306 in

295 314 410 354 omni
431 315 594 356 officio:
627 326 670 357 et
690 319 953 359 consuetudo
979 320 1305 376 exercitatioque
1333 320 1548 376 capienda,
1568 330 1616 362 ut
1643 321 1722 362 bo-

295 370 337 410 ni
369 371 682 414 ratiocinatores
713 374 945 414 officiorum
978 389 1068 415 esse
1098 376 1320 430 possimus,
1351 388 1393 418 et
1423 377 1617 418 addendo
1649 377 1722 418 de-

295 426 574 483 ducendoque
591 429 742 480 videre,
773 445 866 485 quae
896 431 1046 486 reliqui
1076 447 1241 473 summa
1271 433 1365 474 fiat:
1396 448 1445 474 ex
1468 448 1568 489 quo,
1589 448 1724 489 quan-

235 485 387 525 fiotum
418 485 572 540 cuique
602 485 817 535 debeatur,
847 487 1069 542 intelligaS.
1128 488 1210 528 Sed
1249 498 1297 530 ut
1337 504 1411 530 nec
1448 490 1616 540 medici,
1647 504 1723 531 nee

297 541 582 595 imperatores,
611 556 687 582 nec
714 551 916 593 oratores,
941 544 1129 598 quamvis
1160 544 1258 585 artis
1289 554 1499 601 praecepta
1526 560 1725 601 percepe-

294 597 392 646 rint,
424 597 654 653 quidquam
683 613 840 654 magna
863 599 987 640 laude
1018 600 1195 655 dignum
1228 601 1315 641 sine
1345 617 1423 642 usu
1450 612 1494 643 et
1522 603 1722 644 exercita-

296 654 411 694 tione
432 654 631 709 consequi
652 664 851 709 possunt:
884 656 941 696 sic
962 656 1087 697 officii
1106 656 1374 698 conservandi
1402 661 1614 713 praece'pta
1639 666 1724 699 tra-

298 710 455 751 duntur
487 710 558 751 illa
594 711 782 767 quidem,
817 721 864 752 ut
902 713 1078 753 facimus
1113 714 1217 769 ipsi:
1263 713 1336 754 sed
1374 714 1433 755 rei
1471 714 1724 769 magnitudo

294 782 420 808 usum
440 782 609 823 quoque
628 768 1054 825 exercitationemque
1076 770 1295 811 desiderat.
1353 771 1497 827 Atque
1518 771 1571 811 ab
1590 771 1639 812 iis
1658 785 1726 812 re-

293 823 389 875 bus,
426 839 519 879 quae
554 834 651 865 sunt
682 824 724 865 iu
751 826 848 881 jure
879 826 1089 867 societatis
1122 827 1332 876 humanae,
1365 827 1724 883 quemadmodum

293 879 473 921 ducatur
511 880 751 932 honestum,
783 896 833 922 ex
867 898 952 938 quo
989 891 1134 938 aptum
1172 892 1236 924 est
1269 884 1469 934 officium,
1504 884 1602 924 satis
1639 884 1725 924 ferc

294 936 492 978 diximus.

232 996 279 1034 61
354 992 682 1047 Intelligendum
703 1001 768 1034 est
786 1003 942 1044 autern,
962 1009 1060 1035 cum
1090 996 1305 1050 proposita
1325 996 1408 1036 sint
1426 1010 1582 1051 genera
1601 1004 1724 1051 quat-

294 1056 405 1100 tuor,
435 1064 458 1090 e
492 1049 645 1104 quibus
679 1049 877 1091 honestas
905 1050 1174 1107 officiumque
1207 1060 1408 1102 manaret,
1440 1051 1725 1108 splendidissi-

291 1120 411 1146 mum
432 1105 576 1157 videri,
600 1106 716 1162 quod
743 1107 884 1148 animo
914 1121 1085 1162 magno,
1110 1107 1323 1163 elatoque,
1348 1108 1635 1164 humanasque
1660 1123 1726 1150 res

291 1162 550 1218 despiciente
568 1163 724 1204 factum
749 1163 816 1204 sit.
876 1164 1024 1219 Itaque
1042 1164 1083 1204 in
1103 1165 1268 1219 probris
1289 1165 1470 1207 maxime
1492 1166 1534 1206 in
1552 1174 1726 1221 promtu

292 1227 369 1271 est,
391 1220 425 1261 si
445 1219 548 1276 quid
569 1219 653 1261 tale
672 1219 755 1261 dici
776 1228 915 1275 potest
932 1237 941 1261 :

404 1300 463 1336 1225
482 1301 599 1336 etenim
607 1300 764 1345 juvenes,
785 1300 933 1336 animum
946 1300 1065 1350 geritis
1086 1299 1295 1344 nzztlichrcm3

397 1354 468 1391 Illa
486 1353 611 1403 virago
627 1354 710 1392 viri.

292 1441 345 1480 Et
365 1439 398 1480 si
420 1439 521 1495 quid
541 1438 751 1494 ejusmodi
768 1456 776 1479 :

399 1518 564 1560 Salmaci,
584 1517 631 1554 da
647 1517 763 1568 spolia,
780 1518 848 1554 sine
866 1516 981 1554 sudore
997 1524 1029 1553 et
1047 1519 1223 1567 sanguine.

185 1604 541 1660 ala-Contraque
570 1604 611 1644 in
641 1603 852 1654 laudibus,
883 1619 975 1659 quae
1006 1618 1164 1660 magno
1192 1604 1349 1655 animo,
1375 1614 1417 1646 et
1448 1605 1626 1657 fortiter,
1653 1621 1726 1648 ex-

253 1661 574 1716 ³·cellenterque
601 1669 723 1716 gesta
753 1668 865 1711 sunt,
894 1675 943 1701 ea
972 1662 1111 1702 nescio
1140 1661 1358 1717 quomodo
1387 1662 1505 1718 quasi
1537 1662 1727 1718 pleniore

237 1716 239 1720 ’
291 1732 365 1760 ore
384 1716 620 1759 laudamus.
680 1717 794 1758 Hinc
821 1716 1039 1758 rhetorum
1071 1732 1244 1772 campus
1270 1717 1323 1759 de
1348 1718 1621 1770 Marathone,
1649 1720 1726 1761 Sa-

290 1775 461 1826 lamine,
501 1774 679 1824 Plataeis,
717 1772 1031 1830 Thermopylis,
1071 1773 1277 1816 Leuctris.
1318 1774 1416 1816 hinc
1455 1783 1598 1816 noster
1636 1775 1725 1817 Co-

290 1832 392 1882 cles,
424 1831 520 1872 hinc
550 1830 689 1881 Decii,
718 1830 817 1871 hinc
849 1830 929 1871 Cn.
960 1838 1004 1871 et
1038 1831 1080 1871 P.
1100 1830 1344 1886 Scipiones,
1374 1831 1471 1872 hinc
1500 1832 1567 1872 M.
1604 1832 1724 1873 Mar-

290 1888 438 1939 eellus,
460 1887 867 1943 innumerabilesque
886 1887 979 1928 alii:
1011 1887 1278 1942 maximeque
1305 1888 1394 1943 ipse
1423 1887 1607 1944 populus
1639 1890 1724 1929 Ro-

291 1960 442 1986 manus
475 1944 604 1985 animi
634 1943 926 1999 magnitudine
956 1943 1134 1984 excellit.
1193 1944 1446 1985 Declaratur
1472 1953 1613 1985 autem
1635 1954 1724 1986 stu-

292 2002 410 2043 dium
444 2001 606 2042 bellicae
637 2000 801 2055 gloriae,
832 1999 947 2055 quod
978 2008 1136 2040 statuas
1165 2015 1335 2056 quoque
1355 2000 1544 2041 videmus
1574 2010 1726 2043 ornatu

214 2056 378 2111 19fere
408 2057 592 2099 militari.
650 2057 735 2097 Sed
764 2070 814 2097 ea
842 2055 971 2097 animi
999 2056 1140 2107 elatio,
1162 2072 1256 2113 quae
1281 2057 1467 2098 cernitur
1492 2058 1533 2098 in
1558 2057 1726 2112 pericu-

229 2126 282 2163 62
293 2115 358 2167 lis,
377 2123 418 2155 et
445 2114 676 2164 laboribus,
698 2113 731 2153 si
752 2112 921 2168 justitia
941 2122 1073 2163 vacat,
1093 2121 1340 2169 pugnatque
1374 2128 1458 2154 non
1484 2128 1562 2169 pro
1591 2114 1726 2155 salute

292 2170 525 2221 communi,
556 2170 630 2211 sed
665 2185 742 2226 pro
775 2170 860 2211 suis
889 2169 1142 2221 commodis,
1172 2170 1214 2211 in
1244 2170 1344 2210 vitio
1377 2179 1455 2211 est.
1491 2185 1576 2211 non
1610 2171 1721 2211 enim

291 2228 424 2270 modo
457 2227 499 2268 id
527 2227 690 2268 virtutis
719 2241 803 2266 non
832 2236 911 2278 est,
944 2226 1016 2267 sed
1051 2226 1194 2281 potius
1228 2225 1515 2277 immanitatis,
1550 2241 1723 2268 omnem

291 2284 599 2326 humanitatem
633 2282 886 2339 repellentis.
947 2284 1095 2339 Itaque
1125 2284 1258 2337 probe
1290 2283 1484 2324 definitur
1516 2298 1540 2323 a
1567 2283 1723 2325 Stoicis

289 2341 512 2392 fortitudo,
534 2355 631 2381 cum
653 2355 761 2390 eam,
782 2341 978 2381 virtutem
999 2353 1088 2380 esse
1109 2340 1256 2381 dicunt
1274 2347 1614 2395 propugnantem
1644 2354 1724 2396 pro

288 2398 502 2454 aequitate.
561 2397 774 2453 Quocirca
811 2411 949 2447 nemo,
990 2396 1062 2452 qui
1102 2396 1360 2437 fortitudinis
1395 2395 1578 2451 gloriam
1618 2411 1722 2438 con-

289 2463 458 2496 secutus
496 2463 559 2494 est
596 2453 772 2504 insidiis,
802 2462 844 2494 et
882 2453 1055 2504 malitia,
1084 2452 1252 2494 laudem
1292 2460 1354 2493 est
1390 2451 1582 2508 adeptus.
1617 2452 1722 2494 nihil

226 2521 274 2559 63
289 2512 401 2553 enim
433 2511 659 2551 honestum
688 2525 777 2550 esse
799 2518 954 2564 potest,
976 2517 1015 2543 89
1029 2509 1144 2564 quod
1167 2509 1334 2565 justitia
1354 2517 1483 2549 vacet.
1543 2509 1720 2550 Praecla-

288 2583 383 2610 rum
411 2568 539 2623 igitur
570 2567 752 2607 Platonis
781 2566 914 2607 illud:
946 2567 1047 2607 Non
1074 2565 1227 2616 solum,
1249 2565 1399 2621 inquit,
1419 2565 1604 2616 scientia,
1624 2581 1719 2621 quae

286 2635 353 2667 est
374 2634 537 2666 remota
552 2623 769 2679 ajustitia,
789 2622 995 2664 calliditas
1016 2622 1172 2678 potius,
1193 2637 1319 2678 quam
1341 2622 1542 2678 sapientia
1562 2632 1626 2663 est
1646 2636 1721 2678 ap-

332 2768 371 2794 89
394 2760 469 2802 quod
479 2759 603 2800 justitia
622 2755 729 2797 vacat]
755 2758 882 2788 Rectius
906 2764 983 2797 puto
1016 2756 1139 2796 justitia
1164 2768 1274 2786 vacare
1299 2757 1398 2786 debeat
1427 2762 1458 2788 et
1487 2757 1560 2788 alibi
1591 2758 1719 2790 centies,

288 2811 384 2833 vacet.
402 2805 447 2835 sic
469 2812 566 2834 mox:
589 2801 700 2834 nullum
715 2808 756 2831 est
771 2808 893 2842 tempus,
909 2800 987 2843 quod
1026 2800 1065 2832 Et
1079 2807 1125 2832 est
1139 2800 1183 2835 sle
1199 2801 1232 2831 in
1249 2800 1311 2833 ΜΒ.
1329 2800 1428 2831 Goth.
