1844 3202
615 128 1031 167 CONSOLATIO.
1457 133 1536 175 989

105 239 262 290 labore,
297 252 458 295 suoque
494 238 698 292 sanguine
729 237 933 286 auxerint,
955 236 1154 292 juvarint,
1185 235 1398 285 servarint,
1433 249 1533 276 nus-

105 311 232 351 quam
264 305 358 337 tuto
390 294 577 349 nihilque
609 293 758 349 magis,
779 308 906 349 quarn
937 292 1270 347 propinquorum
1300 307 1463 342 manus,
1484 306 1532 333 ac

103 352 269 407 gladios
305 353 514 400 timentes,
552 350 920 406 horrescentesque
955 348 1124 389 videas:
1167 347 1335 388 illorum
1374 358 1531 400 autem,

104 423 285 464 quorum
312 422 405 462 ope,
432 415 557 462 atque
589 406 744 447 auxilio
773 415 956 447 servatus
983 405 1051 454 sis,
1074 419 1170 445 cum
1193 403 1428 453 horribiles,
1451 405 1532 446 mi-

103 479 300 520 serosque
326 478 447 504 casus
476 472 652 518 spectes,
674 463 788 504 nulla
818 473 958 503 tamen
987 462 1146 502 ratione
1171 459 1383 515 opitulari,
1405 461 1530 501 nihil-

105 535 187 575 que
215 522 361 561 afferre
391 520 626 575 adjumenti
657 534 799 575 queas.
834 518 926 574 quis
958 527 1084 573 neget
1113 517 1161 558 iis
1192 516 1306 572 ipsis,
1338 516 1409 572 qui
1441 517 1531 558 haec

101 577 250 618 intueri
271 585 493 631 cogantur,
516 586 695 616 mortem
725 589 814 615 esse
843 589 926 615 non
955 573 1084 614 modo
1109 573 1439 623 detrectandam,
1461 572 1533 614 sed

101 634 226 674 etiam
248 633 508 687 optandam?
541 632 613 687 qui
645 640 785 672 autern
817 645 867 672 ne
897 631 937 671 in
971 630 1121 671 horum
1147 639 1388 684 temporum
1412 629 1531 670 flam-

100 703 212 729 mam
234 689 434 739 incidant,
454 690 601 729 mortis
631 687 830 728 beneficio
856 687 1069 728 consecuti
1098 687 1194 736 sint,
1216 700 1289 727 eos
1314 700 1411 726 vero
1432 686 1533 726 bea-

99 746 282 786 tissimos
308 745 406 801 jure
436 759 583 786 omnes
612 743 938 785 existimabunt:
970 743 1136 799 qualem
1170 742 1297 783 fuisse
1328 744 1376 783 L.
1408 742 1534 783 Cras·

100 816 208 851 sum,
229 802 307 843 nisi
337 815 399 842 res
428 802 517 857 ipsa
547 801 819 856 probavisset,
840 799 942 841 nihil
973 809 1095 849 esset,
1115 814 1190 840 cur
1220 799 1409 840 oratione
1439 813 1534 854 per-

99 857 361 898 suadendum
381 858 612 898 videretur.
640 854 642 857 ’
671 857 754 898 Sed
783 857 873 897 haec
900 856 1042 911 paullo
1068 855 1317 912 antiquiora,
1335 870 1462 911 quam
1487 865 1534 897 ut

98 915 295 955 omnibus
330 915 371 954 in
403 914 653 955 memoriam
686 913 834 968 redigi,
867 927 915 954 ac
944 912 1204 968 cogitatione
1231 912 1533 967 comprehendi

97 971 273 1026 possint.
334 971 521 1025 Pompeii
541 979 696 1020 autem,
720 969 851 1010 nostri
876 969 1104 1019 familiaris,
1125 983 1226 1009 casu
1245 969 1347 1024 quid
1368 969 1410 1010 in
1431 969 1531 1010 civi·

98 1037 184 1068 tate
205 1027 360 1078 notius,
383 1027 484 1082 quid
506 1026 730 1067 illustrius?
752 1036 824 1067 aut
846 1026 946 1082 quid
967 1026 1156 1066 omnium
1181 1025 1328 1076 oculis,
1344 1040 1393 1066 ac
1412 1040 1533 1066 men-

96 1083 208 1124 tibus
228 1084 501 1138 perspectiuS,
515 1091 557 1123 et
575 1083 750 1123 clarius?
775 1083 901 1133 hunc,
923 1083 957 1122 si
977 1091 1140 1123 mature
1159 1082 1388 1123 exstinctus
1406 1092 1531 1133 esset,

96 1139 197 1180 nihil
220 1139 394 1189 doloris,
416 1139 518 1181 nihil
538 1139 750 1180 invasisset
771 1139 885 1180 mali.
909 1139 1023 1194 quod
1044 1150 1131 1180 tam
1153 1138 1225 1179 diu
1246 1139 1284 1179 in
1307 1140 1389 1179 vita
1409 1153 1529 1179 man-

95 1196 162 1246 sit,
193 1196 347 1236 iccirco
379 1197 538 1237 factum
573 1206 651 1246 est,
680 1204 728 1236 ut
757 1195 980 1250 singularis
1011 1194 1258 1236 calamitatis
1289 1196 1528 1250 exemplum

95 1251 291 1293 omnibus
312 1252 552 1308 praebuerit.
583 1252 651 1293 cui
672 1267 723 1292 eo
744 1251 978 1292 luctuosior
1003 1252 1184 1292 fortunae
1211 1251 1416 1292 acerbitas
1446 1251 1530 1292 visa

94 1319 172 1359 est,
190 1323 275 1364 quo
291 1309 491 1358 feliciore,
508 1324 556 1349 ac
577 1308 822 1349 secundiore
838 1308 1006 1349 fortuna
1023 1309 1063 1348 in
1081 1309 1197 1348 omni
1214 1308 1298 1348 vita
1311 1323 1409 1349 usus
1425 1317 1527 1349 erat.

92 1365 185 1420 quis
215 1366 327 1406 enim
360 1365 558 1406 universis
588 1364 746 1405 civibus
777 1365 1002 1421 aliquando
1033 1364 1196 1405 carior?
1231 1365 1325 1420 quis
1355 1365 1396 1405 in
1426 1374 1529 1420 toga

92 1421 154 1462 vel
177 1422 300 1462 rebus
319 1422 466 1477 gestis,
488 1421 551 1462 vel
572 1421 800 1462 honoribus
823 1431 938 1461 extra
955 1421 1148 1462 ordinem
1169 1421 1332 1471 delatis,
1349 1421 1525 1462 clarior?

91 1478 185 1533 quis
215 1478 382 1533 opibus,
404 1477 802 1534 propinquitatibuS,
828 1477 1021 1518 amicitiis
1051 1478 1295 1518 florentior?
1327 1476 1395 1518 cui
1424 1477 1528 1518 nihil

90 1547 260 1589 prorsus
291 1534 343 1574 ad
373 1548 599 1584 summam,
629 1533 955 1589 absolutamque
983 1533 1242 1584 felicitatem,
1267 1542 1418 1589 praeter
1448 1534 1526 1575 ho-

91 1599 274 1640 nestum,
302 1604 350 1631 ac
375 1589 613 1647 jucundum
638 1590 729 1630 vitae
749 1590 923 1641 exitum,
946 1590 1124 1631 deesset.
1183 1589 1266 1631 Sed
1295 1590 1527 1643 videamus,

90 1656 295 1702 quantum
318 1647 359 1687 in
381 1647 506 1688 rebus
527 1647 721 1687 humanis
741 1646 923 1687 fortunae
947 1646 1088 1702 possit·
1106 1646 1273 1702 injuria.
1305 1647 1383 1687 nisi
1403 1647 1525 1688 mali-

89 1717 182 1743 mus
212 1703 265 1743 ad
293 1703 504 1758 propriam
534 1703 723 1744 mortalis
752 1704 844 1743 vitae
871 1703 996 1744 nimis
1017 1717 1223 1757 asperam,
1243 1703 1526 1759 miseramque

88 1758 372 1800 conditionem
397 1759 540 1800 omnia
559 1758 670 1799 mala
691 1773 895 1800 revocare.
915 1760 986 1815 qui
1006 1759 1119 1800 enim
1146 1759 1412 1814 amplissimis
1436 1760 1523 1801 for-

89 1815 200 1856 tunis
223 1830 323 1857 usus
343 1825 457 1856 erat:
487 1815 605 1865 nihil,
629 1815 707 1856 nisi
728 1816 923 1865 sublime,
945 1830 992 1856 ac
1014 1816 1183 1856 beatum
1213 1830 1289 1857 nec
1318 1817 1523 1871 cogitare,

90 1886 165 1912 nec
187 1881 333 1927 optare
354 1882 627 1912 consueverat
647 1889 656 1912 ε
688 1872 756 1913 cui
780 1873 922 1913 omnia
951 1873 1011 1913 vel
1046 1871 1097 1913 ad
1130 1887 1269 1921 usum,
1294 1873 1353 1913 vel
1376 1873 1428 1913 ad
1449 1888 1521 1914 vo-

88 1927 293 1983 luptatem
324 1937 582 1983 supererant,
602 1928 757 1969 bellum
791 1943 887 1969 cum
920 1943 1064 1969 socero
1093 1930 1305 1983 suscepit:
1338 1929 1522 1971 deseruit

84 1983 276 2035 domum,
307 1985 497 2040 profugi-t
531 1999 583 2024 ex
618 1985 765 2025 ltalia:
806 1995 848 2025 et
883 2000 981 2026 cum
1013 1995 1135 2025 antea
1165 1984 1268 2025 nihil
1299 1986 1339 2026 in
1371 1987 1521 2028 ceteris

85 2040 220 2091 bellis,
247 2041 324 2082 nisi
350 2056 518 2082 summo
546 2041 722 2082 consilio
749 2041 1054 2097 prudentiaque
1083 2042 1297 2097 gessisset,
1327 2057 1422 2083 cum
1456 2043 1520 2084 vel

83 2098 267 2138 maxime
303 2097 490 2153 ingenio,
519 2097 770 2154 judicioque
802 2098 1004 2139 excellere
1034 2098 1263 2148 debuisset,
1299 2099 1363 2139 sui
1398 2113 1520 2154 paene

82 2153 240 2194 oblitus
268 2163 344 2195 est.
375 2155 517 2210 itaque
547 2154 752 2205 imbelles,
774 2163 817 2195 et
844 2154 1026 2195 infirmas
1055 2155 1214 2209 copias,
1237 2156 1406 2206 tirones,
1428 2156 1518 2197 col-

82 2209 349 2266 lectitiosque
365 2211 520 2252 milites
536 2225 635 2251 cum
652 2210 952 2252 robustissimis
969 2211 1209 2268 legionibus
1228 2212 1419 2252 conferre
1436 2227 1519 2254 non

83 2264 318 2309 dubitavit:
349 2276 391 2308 et
420 2267 575 2308 amisso
603 2268 803 2317 exercitu,
833 2268 1072 2323 ereptisque
1102 2268 1247 2308 castris
1278 2269 1519 2323 turpissime

81 2322 229 2372 victus,
251 2323 293 2363 in
314 2337 526 2364 servorum
549 2337 699 2364 manus
719 2324 779 2364 vir
798 2339 1004 2374 summus,
1020 2333 1062 2365 et
1079 2325 1334 2366 clarissimus
1356 2325 1517 2367 incidit.

81 2378 165 2419 vita
184 2393 280 2420 vero
303 2389 350 2420 ut
369 2380 660 2421 miserabiliter
682 2381 866 2435 privatus
887 2381 953 2431 sit,
975 2395 1309 2422 commemorare
1330 2381 1435 2422 nihil
1453 2391 1518 2423 est

82 2449 275 2476 necesse:
307 2450 405 2477 cum
438 2451 489 2477 eo
516 2437 621 2492 ipso,
643 2437 773 2492 quod,
794 2438 834 2477 in
866 2446 952 2478 tam
981 2437 1177 2478 miseram
1205 2438 1419 2478 fortunam
1441 2438 1516 2479 de-

80 2491 236 2546 lapsus,
257 2492 385 2532 vitam
406 2494 491 2533 cito
512 2493 712 2544 amiserit,
732 2494 870 2535 minus
892 2495 1068 2534 fortasse
1089 2495 1216 2535 miser
1235 2495 1394 2535 censeri
1413 2510 1515 2550 pos-

79 2547 147 2589 sit.
177 2548 443 2589 beatissimus
464 2559 606 2591 autem
629 2550 816 2600 obiisset,
838 2551 885 2600 si,
902 2565 1000 2591 cum
1025 2551 1065 2591 in
1089 2551 1306 2607 republica
1326 2551 1514 2601 florebat,

79 2618 177 2644 cum
214 2604 376 2645 valebat
408 2607 670 2657 auctoritate,
708 2615 751 2647 et
783 2607 934 2662 gratia,
970 2622 1068 2648 cum
1102 2608 1250 2662 copiis,
1279 2608 1515 2663 opibusque

79 2659 290 2711 affluebat,
321 2676 343 2702 e
374 2662 456 2702 vita
485 2661 743 2704 decessisset.
785 2663 906 2719 cujus
936 2665 1188 2719 propagatio
1219 2674 1420 2719 quantum
1454 2665 1515 2704 illi

80 2717 286 2768 moeroris,
319 2731 367 2758 ac
399 2718 537 2758 luctus
569 2719 772 2769 attulerit,
802 2735 885 2760 non
918 2719 1047 2760 modo
1078 2720 1314 2769 scribendo,
1346 2720 1416 2760 sed
1450 2721 1514 2760 vix

79 2773 205 2813 etiam
226 2774 456 2829 cogitando
476 2776 674 2830 consequi
697 2777 919 2831 quisquam
942 2776 1088 2831 possit.
1119 2777 1261 2832 itaque
1280 2776 1360 2816 hoc
1383 2777 1512 2817 stabi-

79 2828 169 2879 lito,
197 2839 238 2870 et
267 2830 365 2881 fixo,
395 2839 576 2871 mortem
607 2833 832 2886 saepissime
864 2833 1026 2872 beatam
1060 2832 1223 2872 homini
1253 2833 1512 2887 contingere,

138 2898 251 2926 VOL.
276 2900 343 2927 lv.
369 2900 407 2927 Ρ.
429 2900 484 2927 11.
868 2902 891 2942 3
920 2902 938 2927 s
