1844 3202
634 158 712 202 DE
751 156 1062 202 AMICITIA.
1489 168 1560 202 831

135 273 292 317 tollunt
310 291 318 316 :
351 289 434 331 qua
451 287 475 314 a
495 271 572 313 diis
592 270 900 312 immortalibus
923 268 1024 310 nihil
1045 269 1194 311 melius
1219 268 1437 321 habemus,
1459 271 1564 314 nihil

126 330 374 387 jucundius.
394 339 486 387 q'uae
501 337 564 369 est
578 326 688 368 enim
708 328 785 369 ista
801 327 1024 368 securitas?
1042 327 1179 380 specie
1195 325 1381 381 quidem,
1396 327 1562 380 blanda,

131 387 204 428 sed
234 401 376 443 reapse
407 385 550 427 multis
584 383 688 425 locis
719 383 992 439 repudianda.
1051 382 1203 438 Neque
1231 382 1342 422 enim
1370 391 1433 422 est
1459 399 1561 424 con-

128 452 388 492 sentaneum,
422 441 549 483 ullam
585 439 803 483 honestam
841 453 931 480 rem
967 438 1241 490 actionemve,
1275 452 1325 478 ne
1356 439 1560 481 sollicitus

129 493 199 551 sis,
217 508 291 540 aut
321 513 405 539 non
435 497 659 552 suscipere,
682 506 754 538 aut
780 506 1018 552 susceptam
1039 495 1262 551 deponere.
1294 495 1408 551 quod
1431 495 1463 535 si
1484 510 1559 537 cu-

127 569 215 596 ram
237 555 438 610 fugimus,
460 555 588 595 virtus
609 552 811 609 fugienda
837 562 900 594 est
913 568 925 604 3
958 567 1051 608 quae
1073 564 1242 592 necesse
1262 561 1341 602 est,
1362 565 1460 592 cum
1482 552 1559 593 ali-

126 621 211 667 qua
231 625 331 652 cura
351 626 414 652 res
435 610 513 652 sibi
533 610 760 651 contrarias
782 617 1039 665 aspernetur,
1060 618 1187 664 atque
1213 607 1371 658 oderit3
1404 619 1450 649 ut
1480 608 1559 650 bo-

125 667 232 708 nitas
266 666 486 717 malitiam,
520 667 795 722 temperantia
829 665 1061 716 libidinem,
1093 665 1301 720 ignaviam
1336 664 1557 706 fortitudo.

125 723 274 780 Itaque
296 724 433 766 videas
454 724 577 765 rebus
597 722 762 780 injustis
786 723 927 779 justos
953 722 1134 763 maxime
1154 721 1312 770 dolere,
1334 721 1559 762 imbecilli-

122 779 202 821 bus
223 780 367 830 fortes,
387 776 605 836 flagitiosis
627 778 854 820 modestos.
904 779 1019 833 Ergo
1041 777 1122 818 hoc
1142 778 1359 833 proprium
1383 786 1446 818 est
1467 778 1557 819 ani-

123 836 183 877 mi
200 836 306 878 bene
328 836 561 887 constituti,
578 845 618 877 et
639 835 771 877 laetari
792 835 912 876 bonis
934 835 1072 885 rebus,
1093 842 1136 875 et
1158 834 1301 875 dolere
1321 835 1556 875 contrariis.

122 893 413 950 Quamobrem
437 893 470 934 si
490 893 604 934 cadit
633 892 673 933 in
706 892 936 948 sapientem
959 891 1086 932 animi
1109 890 1230 932 dolor
1255 891 1344 946 (qui
1363 891 1554 946 profecto
1565 903 1617 937 48

121 949 248 1001 cadit,
271 950 349 990 nisi
374 965 425 991 ex
455 949 546 1006 ejus
577 949 720 990 animo
751 948 1021 1004 exstirpatam
1051 947 1352 989 humanitatem
1379 948 1556 990 arbitre-

123 1008 234 1058 mur)
260 1021 354 1062 quae
376 1021 502 1048 causa
521 1015 600 1058 est,
621 1020 695 1047 cur
722 1005 949 1046 amicitiam
980 1003 1167 1046 funditus
1195 1004 1393 1045 tollamus
1414 1015 1436 1046 e
1458 999 1555 1057 vita,

121 1073 174 1102 ne
202 1063 362 1118 aliquas
392 1072 564 1118 propter
598 1077 691 1103 eam
720 1062 995 1117 suscipiamus
1026 1057 1268 1102 molestias?
1302 1060 1417 1117 Quid
1442 1062 1556 1103 enim

118 1118 306 1170 interest,
327 1129 448 1162 motu
473 1118 600 1160 animi
628 1118 810 1170 sublato,
833 1132 913 1159 non
942 1117 1038 1158 dico
1059 1117 1166 1158 inter
1186 1117 1399 1158 hominem
1419 1126 1461 1159 et
1478 1133 1555 1173 pe-·

118 1175 304 1217 cudemx
349 1175 423 1217 sed
460 1176 566 1217 inter
599 1175 831 1224 hominem,
869 1176 911 1215 et
942 1188 1105 1224 saxum,
1135 1183 1209 1215 aut
1238 1183 1449 1223 truncum,
1481 1184 1555 1217 aut

115 1231 279 1287 quidvis
306 1232 471 1287 generis
499 1231 687 1288 ejusdem
707 1233 720 1273 ?
754 1243 889 1287 neque
911 1231 1022 1271 enim
1043 1237 1141 1270 sunt
1162 1230 1230 1271 isti
1248 1230 1458 1281 audiendi,
1480 1232 1554 1287 qui

117 1287 313 1329 virtutem
335 1288 497 1339 duram,
519 1298 562 1329 et
590 1295 630 1321 30
648 1287 767 1344 quasi
799 1288 975 1328 ferream
1001 1301 1091 1328 esse
1122 1287 1292 1328 volunt:
1334 1302 1427 1342 qut-e
1457 1288 1552 1343 qui·

116 1342 215 1385 dem
243 1354 308 1386 est
333 1359 430 1386 cum
460 1345 602 1386 multis
628 1344 671 1385 in
692 1345 831 1395 rebus,
852 1353 942 1384 tum
964 1344 1005 1384 in
1027 1343 1225 1394 amicitia,
1247 1353 1403 1392 tenera,
1426 1352 1553 1399 atque

115 1399 373 1454 tractabilis:
405 1410 453 1443 ut
481 1411 523 1442 et
552 1401 673 1442 bonis
702 1401 826 1441 amici
855 1400 974 1456 quasi
1003 1400 1302 1449 diffundantur,
1325 1409 1366 1440 et
1387 1400 1552 1440 incom-

113 1457 253 1498 modis
273 1459 589 1500 contrahantur.
648 1457 938 1514 Quamobrem
967 1471 1101 1512 angor
1127 1457 1220 1506 iste,
1243 1457 1314 1512 qui
1341 1471 1418 1510 pro
1443 1457 1550 1497 ami-

112 1528 166 1555 co
200 1529 312 1570 saepe
339 1515 572 1571 capiundus
602 1524 680 1564 est,
711 1528 795 1554 non
832 1523 994 1555 tantum
1033 1513 1155 1567 valet,
1186 1524 1234 1554 ut
1264 1512 1386 1553 tollat
1415 1527 1438 1553 c
1468 1514 1552 1554 vita

112 1571 340 1612 amicitiam
361 1588 371 1612 ι
404 1586 486 1612 non
516 1570 624 1627 plus,
645 1585 771 1626 quam
793 1580 841 1611 ut
860 1570 1046 1617 virtutes,
1070 1569 1169 1625 quia
1187 1568 1408 1610 nonnullas
1427 1583 1547 1610 curas

115 1635 160 1668 et
179 1627 393 1669 molestias
413 1628 606 1679 afferunt,
626 1626 911 1682 repudientur.
971 1634 1007 1658 31
1028 1627 1141 1666 Cum
1163 1634 1303 1666 autem
1325 1626 1548 1668 contrahat
1565 1620 1632 1670 14

113 1683 344 1725 amicitiam
369 1686 432 1738 (ut
464 1699 590 1740 supra
617 1683 718 1735 dixi)
745 1683 778 1723 si
799 1698 881 1738 qua
903 1682 1153 1738 significatio
1178 1682 1341 1722 virtutis
1369 1682 1547 1733 eluceat,

113 1739 166 1780 ad
195 1755 324 1795 quam
356 1753 401 1782 se
437 1740 584 1782 similis
615 1739 780 1781 animus
813 1739 1011 1794 applicet,
1045 1747 1088 1779 et
1118 1738 1347 1794 adjungat3
1379 1738 1420 1779 id
1448 1753 1547 1780 cum

111 1796 338 1852 contingit,
354 1811 474 1838 amor
492 1795 703 1838 exoriatur
721 1810 889 1837 necesse
907 1805 984 1836 est.
1020 1795 1137 1852 Quid
1157 1795 1268 1835 enim
1291 1804 1378 1835 tam
1400 1796 1546 1837 absur-
1558 1804 1612 1846 49

112 1853 231 1903 dum,
265 1865 393 1909 quam
431 1852 629 1894 delectari
658 1852 802 1893 multis
836 1852 1028 1893 inanibus
1059 1853 1198 1903 rebus,
1225 1859 1274 1892 ut
1303 1851 1478 1903 honore,
1499 1863 1548 1894 ut

110 1909 260 1964 gloria,
282 1918 330 1950 ut
355 1909 548 1960 aedificio,
569 1918 615 1950 ut
642 1909 808 1959 vestitu,
838 1908 1040 1964 cultuque
1069 1908 1273 1964 corporis,
1301 1908 1442 1949 animo
1471 1924 1547 1952 au*

108 1973 195 2006 tem
218 1966 368 2007 virtute
388 1966 581 2021 praedito,
604 1980 670 2016 eo,
693 1965 767 2021 qui
785 1965 847 2006 vel
868 1976 1022 2014 amare,
1044 1965 1105 2005 vel
1131 1966 1193 2017 (ut
1219 1965 1278 2005 ita
1302 1965 1456 2018 dicam)
1481 1979 1548 2006 rez-

109 2021 279 2063 damare
300 2023 446 2078 possit,
467 2038 552 2064 non
573 2021 804 2063 admodum
827 2021 1056 2062 delectari?
1098 2021 1218 2062 Nihil
1250 2030 1314 2062 est
1337 2022 1449 2062 enim
1476 2036 1544 2062 rea

107 2079 400 2120 muneratione
419 2079 735 2128 benevolentiae,
756 2078 860 2119 nihil
881 2077 1164 2119 vicissitudine
1186 2077 1437 2129 studiorum,
1454 2079 1545 2119 offi-

104 2135 354 2191 ciorumque
375 2134 621 2192 jucundius.
681 2134 811 2192 Quod
841 2135 875 2175 si
895 2135 1020 2176 etiarn
1053 2134 1158 2175 illud
1188 2134 1399 2185 addimus,
1426 2135 1542 2190 quod
1555 2139 1608 2174 50

105 2201 219 2235 recte
239 2192 338 2233 addi
356 2202 518 2248 potest,
537 2192 641 2233 nihil
660 2206 764 2243 esse,
785 2199 824 2223 32
842 2191 956 2247 quod
976 2190 1027 2232 ad
1048 2206 1092 2237 se
1113 2205 1202 2231 rem
1222 2191 1352 2231 ullam
1372 2200 1457 2231 tam
1480 2191 1543 2232 ala·-

106 2245 236 2300 liciat,
255 2258 302 2290 et
320 2258 406 2290 tam
434 2249 633 2300 attrahat,
654 2264 781 2305 quam
806 2249 860 2289 ad
887 2247 1113 2289 amicitiam
1144 2246 1376 2288 similitudo
1397 2263 1406 2288 ε
1439 2262 1543 2289 con-

107 2304 281 2346 cedetur
304 2305 496 2361 profecto
526 2316 670 2346 verum
697 2318 802 2355 esse,
822 2314 870 2346 ut
896 2305 1031 2346 bonos
1062 2304 1163 2345 boni
1191 2303 1384 2359 diligant,
1404 2304 1541 2345 adscia

107 2371 308 2417 scantque
333 2362 426 2412 sibi,
447 2362 565 2418 quasi
593 2362 908 2417 propinquitate
940 2359 1191 2417 conjunctos
1220 2367 1347 2416 atque·
1378 2370 1540 2402 natura,

106 2417 227 2459 Nihil
247 2427 310 2459 est
325 2419 436 2459 enim
457 2419 720 2474 appetentius
742 2418 942 2459 similium
964 2418 1043 2465 sui,
1065 2417 1170 2458 nihil
1189 2416 1396 2471 rapacius,
1411 2428 1540 2473 quam

106 2483 268 2515 natura·
320 2475 619 2531 >Quamobrem
650 2474 733 2515 hoe
762 2473 951 2531 quidem,
980 2474 1109 2514 Fanni
1138 2481 1181 2514 et
1211 2473 1414 2525 Scaevola,
1435 2487 1539 2514 con—

145 2600 186 2626 30
213 2593 298 2636 quasi
311 2590 445 2635 firream
467 2594 626 2636 quandam]
653 2593 799 2636 quandam
843 2594 906 2625 Ms.
923 2593 1037 2624 Duisb.
1055 2593 1248 2631 contrabant:
1270 2593 1356 2632 quod
1378 2598 1486 2623 tamen
1509 2598 1541 2623 et

102 2643 149 2667 est
177 2634 321 2674 alienum
350 2637 392 2667 ab
418 2638 453 2667 h.
480 2637 501 2667 1.
527 2635 691 2678 delevique
721 2642 799 2668 cum
842 2638 949 2677 ipsum
964 2645 1071 2667 ortum
1083 2637 1218 2671 videtur,
1232 2637 1318 2675 quod
1333 2645 1397 2674 quo
1412 2636 1540 2666 referre-

104 2679 241 2710 Graevio.
841 2687 893 2711 tur
907 2680 1057 2709 contrabat
1073 2689 1138 2710 non
1154 2679 1397 2718 intelligebatur.

145 2728 184 2754 31
216 2719 290 2753 Cum
313 2729 411 2754 autem
440 2722 590 2752 contrahat
616 2720 796 2763 amicitiam]
884 2729 924 2753 :32
946 2720 1023 2764 quod
1033 2723 1076 2751 ad
1088 2715 1273 2753 se—-wlliciat
1286 2728 1375 2762 atque
1390 2718 1537 2759 attrahat]

103 2762 167 2795 Hic
196 2762 314 2805 aliquid
342 2766 494 2796 desideret
521 2771 658 2796 attentus
687 2765 797 2796 lector.
839 2764 957 2795 alliciat
980 2766 1011 2796 in
1037 2765 1193 2805 plerisque
1221 2764 1306 2794 libris
1335 2773 1396 2793 scr.
1427 2764 1538 2802 reperi,

103 2808 160 2838 Ed.
178 2807 273 2839 Rom.
286 2809 371 2839 addit
392 2809 503 2845 virtus,
527 2807 604 2839 stem
626 2809 705 2839 Mss.
726 2810 797 2848 qui·
841 2810 983 2847 itemque
1008 2809 1078 2838 edd.
1103 2817 1149 2847 pr.
1178 2806 1348 2848 plerisque,
1375 2812 1410 2838 ut
1441 2806 1539 2837 Rom.

101 2852 189 2881 dam.
211 2861 248 2880 ea
261 2856 308 2881 est
323 2852 436 2891 glossa.
458 2861 535 2881 nam
551 2852 582 2882 id
597 2850 729 2891 intelligi
743 2852 798 2882 de‘-
839 2849 920 2882 Vcn.
940 2855 1032 2886 1470.
1049 2849 1183 2882 Mediol.

100 2893 154 2927 bet
179 2902 197 2923 e
221 2903 288 2934 seq.
313 2894 488 2935 significatio
511 2893 647 2927 virtum.
680 2893 797 2926 melius

862 2942 989 2987 3ης-
