1844 3202
277 90 361 137 ψ
650 89 711 127 Μ.
743 83 963 126 TULLn
997 82 1340 128 -c1cERON1s

787 196 839 238 id
857 203 1000 239 autem
1017 205 1144 255 caput
1173 200 1200 226 Ξ*

281 266 465 356 λῖξιὶηέεης
482 263 611 316 dfissa
627 266 723 303 velut
743 267 910 304 maerentis
930 267 1040 316 imago

315 319 447 356 ertitnr.
503 323 526 346 ³⁶

756 405 883 447 quam
901 390 1071 447 quidem
1088 391 1232 434 Graeci

283 456 471 506 Ἐγγόνασιν
489 460 654 504 vocitant,
668 458 811 509 genibus
830 458 920 509 quod
934 459 1016 496 nixa
1022 459 1179 508 feratur.

284 513 352 551 Hic
370 513 431 550 illa
448 514 564 550 eximio
576 513 689 563 posita
705 519 753 548 est
759 512 901 562 fulgore
919 525 1050 551 corona.

592 575 737 616 propter,
755 574 853 616 caput
873 566 1144 614 Anguitenentis,

288 621 391 669 Quem
409 620 500 656 claro
512 618 685 670 perhibent
702 621 836 667 ὃφιέχον
854 619 979 655 nomine
1001 619 1111 657 Graii.

282 673 377 710 Huic
394 684 494 724 supra
513 672 657 723 duplices
676 672 823 709 humeros
842 671 951 720 affixa
967 672 1106 709 videtur

283 726 392 763 Stella
411 727 548 769 micans,
568 726 631 763 tali
648 726 760 777 specie,
780 725 907 777 talique
925 726 1039 764 nitore.

282 780 351 816 Hic
362 790 479 830 pressu
497 779 624 831 duplici
634 780 829 830 palmarum
848 779 990 816 continet
1009 781 1180 830 Anguem,

283 833 368 880 Ejus
387 841 419 870 et
436 834 502 884 ipse
519 839 631 870 manet
648 833 812 883 religatus
828 841 956 883 corpore
973 842 1048 871 toto.

284 886 442 936 Namque
458 887 573 924 virum
591 886 732 924 medium
754 887 893 937 Serpens
916 894 934 916 2
947 886 1011 923 sub
1026 895 1157 937 pectora
1173 886 1295 936 cingit,

282 939 347 976 Ille
365 947 474 977 tamen
492 940 597 977 nitens
610 940 772 989 graviter
789 940 939 989 vestigia
950 941 1059 990 ponit,

283 996 397 1044 Atque
413 994 517 1030 oculos
538 991 637 1043 urget
650 992 804 1044 pedibus,
819 1003 997 1044 pectusque
1015 994 1140 1044 Nepai.

729 1067 1057 1122 Septemtriones
1078 1066 1267 1124 seqnitur

282 1135 526 1186 Arctophylax,
547 1135 654 1186 vulgo
673 1136 731 1186 qui
749 1135 873 1173 dicitur
891 1149 955 1173 esse
975 1136 1104 1178 Bootes,

287 1189 387 1240 Quod
401 1190 498 1240 quasi
517 1199 638 1227 temone
655 1189 851 1237 adjunctum
868 1201 943 1240 prce
960 1202 994 1226 se
1011 1190 1123 1241 quatit
1144 1190 1284 1226 Arcton.

867 1262 985 1304 Huic
1004 1263 1133 1305 Booti

338 1334 361 1357 κ’
574 1332 688 1369 subter
701 1331 891 1383 praecora’ia
898 1332 983 1378 fixa
1002 1339 1131 1370 tenetur

285 1385 393 1424 Stella
413 1385 535 1423 micans
554 1385 674 1430 radiis,
693 1388 863 1423 Arcturus
882 1387 1008 1423 nomine
1024 1386 1128 1424 claro,

393 1462 419 1487 ³*
644 1459 712 1501 cui
730 1459 920 1515 subjecta
939 1460 1072 1502 fertur

289 1535 307 1559 3
326 1529 460 1580 Spicum
479 1529 608 1566 illustre
626 1535 732 1566 tenens
751 1529 932 1579 splendenti
950 1539 1076 1580 corpore
1099 1530 1215 1580 Virgo.

282 1583 400 1620 Ferrea
418 1592 488 1620 tum
507 1596 587 1619 vero
596 1582 704 1632 proles
721 1589 837 1619 exorta
855 1592 983 1633 repente
1001 1590 1048 1619 est
1062 1599 1074 1620 :

280 1640 441 1686 Ansaque
445 1637 626 1685 funestum
642 1636 800 1686 prima'st
805 1635 1019 1682 fabricarier
1035 1650 1151 1679 ensem,

283 1691 331 1727 Et
344 1697 487 1739 gustare
506 1702 608 1726 manu
627 1689 757 1726 victum
775 1688 997 1740 domitumque
1004 1689 1206 1736 juvencum.

336 1745 384 1780 Et
401 1751 495 1780 natos
507 1743 655 1793 geminos
674 1743 796 1779 invises
813 1741 874 1779 sub
893 1750 996 1792 caput
1012 1743 1112 1780 arcti.

284 1796 462 1845 Subjectus
481 1796 598 1834 medice
614 1803 663 1833 est
682 1796 836 1833 Cancer:
860 1795 1062 1847 pedibusque
1079 1804 1207 1834 tenetur

280 1852 433 1901 Magnu'
454 1851 520 1887 Leo
539 1849 716 1887 tremulam
735 1850 887 1900 quatiens
904 1862 922 1886 e
939 1860 1067 1900 corpore
1072 1851 1271 1898 flammam.

282 1905 357 1941 Hoc
374 1911 463 1942 motu
481 1903 650 1941 radiantis
669 1903 795 1940 Etesiae
813 1903 848 1940 in
866 1902 965 1940 vada
984 1904 1099 1947 Ponti,

284 1958 449 1996 Navibus
464 1958 620 1995 assumtis
625 1956 815 2003 fluitantia
833 1969 982 2007 quaerere
998 1957 1166 2008 aplustra.

925 2044 1073 2087 aurlga

284 2100 358 2139 Sub
376 2101 472 2139 laeva
493 2101 703 2139 Geminorum
722 2099 882 2137 obductus
893 2101 1151 2151 partefiretztr.

278 2154 475 2193 Adversum
495 2161 598 2205 caput
617 2153 693 2191 huic
711 2153 824 2191 Helice
843 2154 1036 2192 truculenta
1054 2154 1182 2193 tuetur.

279 2209 331 2247 At
355 2208 473 2259 Capra
492 2208 620 2245 laevum
639 2207 810 2245 humerum
829 2207 924 2245 clara
943 2207 1080 2245 obtinet.
1190 2210 1215 2234 θ

339 2261 457 2299 Verum
477 2261 548 2299 haec
566 2268 614 2298 est
633 2274 753 2312 magno
771 2268 870 2312 atque
884 2261 1010 2299 illustri
1023 2260 1175 2312 praedita
1193 2261 1313 2313 signoe

284 2314 426 2359 Contra,
448 2315 554 2353 Hoedi
572 2316 729 2366 exiguum
738 2315 876 2362 jaciunt
895 2315 1093 2352 mortalibus
1113 2316 1233 2366 ignem.

787 2389 910 2446 cujus
931 2390 1009 2431 sub
1031 2388 1214 2446 pedibus

286 2458 445 2508 Corniger
460 2466 510 2496 est
527 2458 644 2496 valido
663 2459 819 2496 connixus
838 2470 966 2509 corpore
988 2459 1136 2503 Taurus,

282 2513 361 2549 Has
382 2513 496 2550 Graeci
511 2513 625 2549 stellas
644 2513 746 2552 ὑάδας
764 2512 914 2549 vocitare
931 2521 1080 2549 suerunt.

282 2567 440 2617 Namque
455 2567 562 2618 ipsum
581 2566 631 2603 ad
647 2572 777 2615 tergum
802 2565 981 2615 Qynosurae
995 2565 1144 2603 vertitur
1161 2565 1261 2604 arcti.

323 2716 341 2740 2
364 2709 414 2739 sub
425 2716 542 2751 pectora
557 2707 663 2749 cingit]
681 2709 764 2739 Libri
780 2710 911 2748 quidam
922 2715 976 2748 pe-
1060 2715 1078 2739 3
1102 2708 1222 2748 Spicum
1247 2707 1373 2749 illustre]
1405 2710 1493 2741 Hinc
1520 2710 1647 2749 Servius
1674 2713 1716 2743 ad.

279 2759 364 2783 ctare.
377 2754 411 2784 in
423 2753 553 2794 vulgato
568 2759 613 2785 ast
628 2752 749 2792 tmesis,
763 2762 820 2793 pto
835 2751 976 2793 succingit
1017 2751 1126 2792 virgil.
1153 2753 1266 2792 Georg.
1292 2754 1318 2790 1,
1345 2761 1415 2785 111.
1434 2755 1538 2792 docet,
1562 2755 1623 2787 dici
1645 2765 1711 2786 non

272 2802 401 2835 pectora.
1018 2796 1114 2827 modo
1129 2794 1246 2838 Spicus,
1255 2796 1315 2828 'sed
1329 2797 1426 2829 etiam
1440 2797 1572 2839 Spicum.
