1844 3202
247 102 327 147 794
751 98 916 137 CATO
952 99 1166 138 MAJOR

243 206 399 262 gentiS,
420 213 493 248 aut
510 213 624 248 certe
644 205 904 249 adventantis
926 208 1170 262 senectutis,
1187 218 1230 251 et
1251 217 1308 260 te,
1324 218 1366 251 et
1386 210 1598 272 meipsum
1616 207 1679 249 le-

247 263 331 304 vari
363 262 487 304 volo:
531 264 609 304 etsi
644 271 685 304 te
720 265 892 320 quidem
927 265 971 306 id
1006 266 1171 307 modice
1203 281 1251 307 ac
1288 267 1509 322 sapienter,
1551 265 1677 318 (sicut

246 319 404 373 omnia)
425 330 468 361 et
486 320 607 370 ferre,
628 329 670 361 et
690 319 874 363 laturum
905 335 996 362 esse
1027 329 1143 363 certo
1175 323 1276 364 scio.
1337 323 1419 365 Sed
1440 321 1558 372 mihi,
1579 335 1679 362 cum

245 375 299 417 de
320 386 535 418 senectute
554 376 714 432 aliquid
734 378 881 418 vellem
903 378 1096 428 scribere,
1118 388 1166 419 tu
1186 381 1435 421 occurrebas
1455 379 1607 434 dignus
1627 391 1679 417 eo

246 447 432 484 munere,
455 448 541 488 quo
573 443 751 489 uterque
780 436 971 474 nostrum
1003 436 1286 477 communiter
1306 446 1505 478 uteretur.
1565 432 1679 475 Mihi

246 489 418 545 quidem
449 490 505 530 ita
529 490 721 545 jucunda
748 489 874 546 hujus
905 490 999 531 libri
1028 491 1242 532 confectio
1263 493 1356 543 fuit,
1380 502 1425 534 ut
1446 507 1529 533 non
1550 489 1681 531 modo

245 561 393 587 omnes
421 546 662 587 absterserit
689 547 915 588 senectutis
944 547 1173 598 molestias,
1194 548 1270 589 sed
1294 550 1478 590 effecerit
1504 547 1679 588 mollem

203 610 235 643 b.
247 602 374 643 etiam
393 612 436 643 et
448 602 683 657 jucundam
704 612 979 644 senectutem.
1001 619 1232 659 numquam
1252 605 1382 660 igitur
1399 606 1498 646 satis
1518 603 1680 645 laudari

247 659 376 714 digne
396 658 550 714 poterit
571 658 854 723 philosophia,
873 659 941 700 cui
970 675 1041 715 qu1
1070 669 1226 716 pareat,
1245 676 1370 702 omne
1378 672 1557 726 tempus
1578 668 1679 700 aeta-

209 716 300 757 Stis
333 715 421 756 sine
452 715 647 756 molestia
676 716 810 771 possit
839 715 1009 771 degere.
1068 717 1150 758 Sed
1180 717 1231 758 de
1263 717 1410 759 ceteris
1431 728 1474 759 et
1498 716 1680 759 diximus

246 771 396 836 multa,
430 781 473 813 et
502 786 612 827 saepe
642 772 857 813 dicemus:
903 773 1015 814 hunc
1046 774 1200 815 librum
1232 774 1284 815 de
1315 783 1527 815 senectute
1556 772 1610 813 ad
1639 780 1682 813 te

246 829 454 869 misimus.
504 828 686 869 Omnem
708 838 850 870 autem
873 843 1110 871 sermonem
1131 831 1356 872 tribuimus
1375 845 1459 871 non
1475 829 1680 879 Tithono,

246 894 295 926 ut
314 885 461 926 Aristo
484 884 634 934 Chius,
656 900 707 926 ne
738 899 886 949 parum
918 896 1028 928 esset
1055 887 1316 929 auctoritatis
1347 888 1388 928 in
1409 887 1576 928 fabula:
1608 885 1682 926 sed

246 942 313 983 Μ.
336 941 490 982 Catoni
519 941 621 991 seni,
643 956 728 997 quo
756 941 959 997 majorem
990 943 1285 984 auctoritatem
1315 944 1490 984 haberet
1517 942 1681 991 orati03

244 997 359 1063 apud
379 1012 505 1053 quem
532 998 713 1039 Laelium
741 1006 784 1038 et
812 999 1053 1063 Scipionem
1074 1000 1252 1041 facimus
1272 1000 1543 1049 admirantes,
1565 998 1682 1062 quod

245 1054 280 1096 is
302 1064 387 1096 tam
410 1053 532 1095 facile
551 1062 812 1095 senectutem
834 1054 954 1106 ferat,
973 1055 1105 1111 iisque
1125 1070 1221 1096 eum
1242 1056 1580 1120 respondentem.
1611 1070 1683 1110 qui

245 1111 281 1152 si
306 1110 510 1152 eruditius
538 1110 747 1152 videbitur
778 1111 1006 1165 disputare,
1028 1127 1154 1169 quam
1182 1113 1397 1154 consuevit
1417 1113 1506 1168 ipse
1526 1127 1567 1152 m
1597 1111 1681 1152 suis

244 1167 377 1219 libris,
397 1167 618 1208 attribuito
639 1168 799 1208 Graecis
826 1168 992 1218 litteris,
1013 1184 1191 1225 quarum
1212 1178 1378 1210 constat
1397 1184 1493 1210 eum
1514 1176 1682 1232 perstu-

246 1224 414 1266 diosum
434 1224 592 1265 fuisse
582 1240 623 1265 111
646 1233 877 1266 senectute.
936 1226 1018 1266 Sed
1047 1226 1149 1281 quid
1181 1240 1286 1281 opus
1320 1237 1383 1267 est
1414 1226 1560 1282 plura?
1588 1227 1681 1281 jam

247 1282 360 1321 enim
380 1281 510 1336 ipsius
533 1281 710 1323 Catonis
731 1296 871 1324 sermo
891 1281 1118 1337 explicabit
1137 1292 1322 1324 nostram
1343 1297 1514 1324 omnem
1537 1282 1589 1323 de
1616 1295 1682 1323 se-

248 1346 419 1379 nectute
439 1338 705 1379 sententiam.

201 1394 232 1441 2
305 1395 496 1436 851Ρ10.
528 1395 829 1450 Saepenumero
855 1395 1053 1437 admirari
1081 1397 1197 1438 soleo
1224 1411 1321 1437 cum
1352 1397 1435 1438 hoc
1457 1395 1509 1437 C.
1532 1395 1681 1445 Laelio,

209 1459 340 1500 4tum
372 1460 606 1492 ceterarum
642 1466 780 1493 rerum
813 1461 930 1494 tuam
966 1453 1257 1503 excellentem,
1290 1455 1354 1494 M.
1386 1454 1512 1503 Cato,
1544 1452 1682 1508 perfe-

246 1517 445 1564 ctamque
465 1508 724 1564 sapientiam,
746 1518 836 1550 tum
859 1509 923 1550 vel
948 1509 1144 1573 maxime,
1167 1510 1281 1566 quod
1306 1524 1538 1566 numquam
1561 1523 1681 1549 sene-

245 1574 407 1606 ctutem
429 1565 506 1606 tibi
523 1579 694 1620 gravem
716 1580 806 1606 esse
824 1566 1053 1607 senserim:
1086 1582 1180 1623 quae
1202 1566 1410 1622 plerisque
1430 1566 1600 1607 senibus
1621 1564 1679 1605 sic

245 1621 393 1663 odiosa
411 1630 489 1672 est,
508 1631 558 1662 ut
578 1636 683 1662 onus
706 1636 748 1662 se
768 1623 900 1662 AEtna
918 1623 1086 1677 gravius
1104 1622 1183 1664 dic
1175 1632 1245 1664 mt
1265 1624 1482 1664 sustinere.
1524 1621 1681 1663 CATO.

245 1679 353 1720 Rem
383 1652 497 1718 haud
518 1692 615 1718 sane
636 1677 864 1729 difficilem,
886 1678 1027 1741 Scipio
1049 1689 1092 1720 et
1112 1679 1232 1730 Laeli,
1254 1679 1451 1720 admirari
1473 1678 1682 1719 videmini.

245 1735 409 1799 quibus
420 1734 531 1775 enim
561 1733 663 1775 nihil
690 1734 782 1799 opis
811 1744 875 1776 est
904 1750 946 1775 m
976 1735 1075 1790 ipsis
1104 1736 1157 1776 ad
1186 1737 1293 1777 bene
1322 1737 1526 1791 beateque
1547 1735 1686 1775 niven-

246 1791 434 1858 dum,'1is
455 1791 593 1832 omnis
613 1792 750 1846 gravis
771 1800 835 1833 est
856 1800 978 1833 aetas:
1011 1792 1083 1847 qui
1105 1802 1247 1834 autem
1269 1793 1413 1834 omnia
1431 1793 1544 1833 bona
1569 1800 1619 1832 la
1640 1805 1685 1832 se

247 1848 348 1904 ipsis
367 1856 532 1903 petunt,
552 1848 601 1888 iis
630 1848 734 1889 nihil
761 1857 901 1904 potest
927 1848 1087 1889 malum
1117 1849 1261 1900 videri,
1281 1849 1396 1906 quod
1426 1858 1585 1890 naturae
1612 1861 1686 1888 ne·

247 1905 419 1946 cessitas
447 1904 605 1946 afferat.
638 1919 723 1961 quo
750 1905 791 1945 in
820 1919 975 1960 genere
1004 1904 1045 1945 in
1073 1906 1219 1961 primis
1241 1916 1304 1947 est
1328 1915 1536 1955 senectus,
1556 1919 1683 1960 quam

248 1970 296 2003 ut
325 1961 623 2025 adipiscantur,
651 1975 798 2003 omnes
827 1970 1004 2017 optant:
1042 1963 1250 2004 Qeandem
1283 1973 1482 2004 accusant
1511 1961 1681 2016 adepti·

248 2027 366 2060 tanta
384 2027 448 2059 est
466 2017 749 2060 inconstantia
769 2018 974 2069 stultitiae,
997 2028 1122 2075 atque
1143 2020 1404 2074 perversitas.
1452 2018 1682 2073 Obrepere,

248 2075 379 2126 aiunt,
400 2089 493 2115 eam
513 2074 652 2126 citius,
674 2089 799 2129 quam
821 2084 1052 2130 putassent.
1113 2077 1313 2127 Primum,
1336 2076 1429 2132 quis
1448 2075 1592 2131 coe'git
1611 2088 1684 2115 eos

141 2150 173 2181 p.
186 2145 239 2177 7⁸.
249 2131 402 2172 falsum
424 2132 601 2187 putare?
632 2146 703 2186 qui
733 2131 843 2172 enim
868 2131 991 2172 citius
1012 2131 1305 2173 adolescentiae
1326 2141 1535 2182 senectus,
1555 2145 1682 2187 quam

207 2188 440 2253 &pueritiae
460 2186 742 2229 adolescentia
764 2188 956 2252 obrepit?
982 2187 1148 2239 deinde,
1166 2204 1237 2244 qui
1259 2189 1398 2230 minus
1419 2188 1555 2245 gravis
1575 2196 1686 2228 esset

248 2245 299 2286 iis
320 2253 526 2295 senectuS,
547 2244 580 2285 si
607 2244 1008 2309 octingentesimum
1029 2260 1183 2286 annum
1206 2255 1394 2302 agerent,
1414 2260 1541 2302 quam
1563 2253 1684 2285 octo-

247 2301 491 2357 gesimum?
515 2300 726 2356 praeterita
744 2301 858 2342 enim
880 2310 994 2352 aetas,
1011 2303 1197 2358 quamvis
1217 2303 1359 2359 longa,
1380 2316 1477 2343 cum
1500 2301 1685 2343 effluxis-

249 2366 328 2409 set,
357 2357 473 2399 nulla
501 2357 791 2399 consolatione
822 2358 1082 2414 permulcere
1116 2369 1260 2415 posset
1286 2359 1457 2400 stultam
1490 2368 1685 2400 senectu-

213 2424 352 2459 5tem.
411 2414 625 2456 Quocirca
658 2414 693 2455 si
724 2415 972 2480 sapientiam
1004 2430 1141 2456 meam
1173 2416 1369 2457 admirari
1399 2415 1542 2456 soletis
1572 2419 1683 2471 (quae

250 2471 413 2515 utinam
433 2470 564 2527 digna
581 2479 691 2513 esset
711 2471 909 2528 opinione
931 2481 1078 2524 vestra,
1103 2480 1361 2529 dnostroque
1382 2473 1639 2528 cognomine
1653 2471 1681 2525 l)

296 2627 310 2651 1
336 2631 356 2648 a
369 2630 398 2649 se
411 2618 467 2659 ipsi
477 2616 600 2660 petunt]
615 2619 759 2649 Graevius
774 2618 869 2649 edidit
884 2631 902 2647 a
918 2630 945 2648 se
987 2621 1096 2659 putavi
1118 2620 1291 2659 legendum
1311 2619 1420 2660 adepti.
1443 2621 1528 2659 quod
1543 2620 1617 2659 quia
1632 2620 1687 2650 dc-

250 2663 332 2704 ipsis,
349 2669 385 2692 ut
399 2669 445 2692 est
460 2663 492 2692 in
508 2663 577 2692 edd.
594 2672 640 2702 pr.
655 2662 740 2702 quod
757 2668 801 2692 est
818 2662 945 2692 melius.
989 2664 1062 2693 inde
1086 2664 1117 2693 in
1138 2664 1188 2694 ed.
1207 2664 1333 2693 Victorii
1354 2664 1462 2703 reperi,
1480 2663 1592 2703 recepi.
1631 2663 1686 2694 Est

251 2716 328 2737 nam
351 2707 520 2745 opponitur
543 2706 584 2744 τῷ
604 2704 732 2741 aliunde,
749 2705 788 2735 ab
812 2705 879 2736 aliis
901 2715 946 2735 re·
988 2713 1019 2736 et
1035 2707 1067 2736 in
1084 2706 1147 2737 Ms.
1165 2707 1228 2737 Erf.

250 2750 328 2780 bus:
355 2756 390 2779 ut
412 2760 430 2777 a
453 2760 480 2778 se
502 2748 557 2788 ipsi
584 2748 692 2778 locum
717 2759 782 2778 non
810 2749 944 2778 habeat:
1032 2755 1049 2780 3
1089 2759 1179 2779 nostro
1210 2746 1384 2790 cognomine]
1415 2747 1542 2789 Nempe
1574 2748 1687 2788 sapien-t

252 2792 367 2823 melius
383 2800 489 2822 tamen
506 2792 585 2822 soret
599 2803 618 2821 a
632 2798 717 2821 semet
731 2791 811 2831 ipsis.
987 2792 1085 2833 vulgo
1100 2793 1273 2824 dicebatur.

295 2842 313 2865 2
336 2834 452 2865 eandem
478 2841 614 2865 accusant
643 2833 791 2876 adeptam]
816 2835 947 2875 Semper
