1844 3202
266 122 344 169 694
792 121 868 159 DE
906 121 1165 161 OFFICIIS

266 236 415 269 contra
444 229 628 270 officium
659 236 734 279 est,
765 229 901 286 majus
935 231 1135 295 anteponi
1163 230 1341 272 minori.
1381 239 1442 280 ut,
1473 231 1507 272 si
1537 231 1692 273 consti-

266 285 395 325 tueris
415 295 457 326 te
477 286 667 350 cuipiam
689 285 937 326 advocatum
971 287 1011 327 in
1040 301 1127 328 rem
1156 296 1403 342 praesentem
1434 300 1523 327 esse
1548 296 1693 328 ventu-

267 355 375 391 rum,
395 351 519 398 atque
551 342 712 382 interim
742 342 922 396 graviter
952 354 1157 398 aegrotare
1191 343 1297 384 filius
1325 343 1515 399 coeperit,
1537 358 1620 384 non
1641 344 1696 384 sit

267 406 414 439 contra
434 398 634 447 officium,
656 413 740 437 non
761 398 911 448 facere,
931 399 1045 454 quod
1064 399 1244 440 dixeris:
1283 400 1501 455 magisque
1522 400 1604 450 ille,
1627 400 1695 440 cui

223 459 253 487 b
267 455 519 509 promissum
553 455 619 506 sit,
651 454 702 494 ab
734 454 872 494 officio
898 454 1098 505 discedat,
1126 455 1157 495 si
1191 470 1234 496 se
1262 455 1511 496 destitutum
1545 470 1694 511 quera-

267 518 349 551 tur.
407 512 501 552 Jam
529 511 609 551 illis
630 510 846 574 promissis
867 511 1061 552 standum
1096 526 1179 551 non
1210 525 1315 561 esse,
1338 512 1430 567 quis
1458 527 1541 552 non
1568 512 1695 562 videt,

265 581 359 622 quae
379 575 550 608 coactus
573 567 665 621 quis
684 575 814 617 metu,
837 582 930 622 quae
955 567 1156 622 deceptus
1178 567 1277 608 dolo
1298 568 1566 622 promiserit?
1601 583 1695 623 quae

267 623 435 678 quidem
459 623 654 678 pleraque
677 631 714 654 ⁵4
725 623 822 678 jure
850 624 1049 678 praetorio
1084 624 1326 673 liberantur,
1357 623 1558 664 nonnulla
1582 624 1696 678 legi-

203 685 252 718 33
268 679 359 720 bus.
420 680 636 721 Exsistunt
655 679 781 720 etiam
809 694 920 734 saepe
942 680 1104 744 injuriae
1126 680 1334 721 calumnia
1355 679 1551 735 quadam,
1573 688 1615 720 et
1638 680 1698 720 ni-

266 735 347 776 mis
385 735 550 786 callida,
584 736 658 777 sed
695 736 903 776 malitiosa
935 752 1042 791 Jurls
1078 736 1433 799 interpretatione.
1511 737 1574 776 Ex
1610 751 1696 792 quo

265 791 403 833 illud.
434 807 637 833 summum
652 793 743 847 jus,
774 807 933 833 summa
960 808 1069 847 7722117
1073 807 1126 842 ια,
1149 793 1308 834 factum
1339 802 1403 833 est
1426 792 1515 848 Jam
1548 793 1694 833 'tritum

266 863 459 890 sermone
494 849 777 904 proverbium.
836 850 936 891 Ouo
975 850 1014 890 in
1051 864 1206 905 genere
1242 850 1366 891 etiam
1407 849 1447 889 in
1481 849 1698 903 republica

265 905 401 946 multa
420 913 667 959 peccantur:
691 914 728 936 ⁵5
744 913 791 945 ut
809 892 893 955 ille,
911 907 996 961 qui,
1013 921 1109 946 curn
1133 906 1305 960 triginta
1323 905 1483 946 dierum
1509 911 1547 937 ⁵⁶
1559 915 1698 946 essent

265 975 363 1001 cum
396 960 518 1001 hoste
551 969 684 1016 pactae
717 960 904 1011 indutiae,
937 972 1065 1002 noctu
1102 962 1384 1016 populabatur
1413 976 1552 1016 agrOS,
1580 961 1698 1024 quod

265 1016 429 1057 dierum
449 1023 586 1057 essent
605 1026 754 1072 pactae,
774 1031 858 1057 non
879 1018 1065 1058 noctium
1087 1017 1274 1058 indutiae.
1334 1019 1403 1057 Ne
1433 1026 1572 1058 noster
1602 1032 1698 1073 qul-

265 1072 362 1114 dem
393 1073 651 1128 probandus,
684 1073 717 1113 si
747 1087 888 1113 verum
920 1081 996 1124 est,
1028 1074 1085 1116 Q
1118 1074 1290 1114 Fabium
1331 1074 1591 1124 Labeonem,
1624 1088 1699 1116 seu

264 1144 392 1184 quem
425 1130 553 1170 alium
595 1129 714 1182 (nihil
753 1130 864 1170 enirn
895 1139 1046 1184 praeter
1079 1129 1268 1170 auditum
1304 1128 1457 1183 habeo)
1494 1130 1696 1171 arbitrum

264 1186 443 1227 Nolanis
472 1195 515 1227 et
541 1185 833 1241 Neapolitanis
858 1186 910 1226 de
938 1186 1089 1228 finibus
1110 1201 1135 1226 a
1155 1194 1302 1227 senatu
1332 1186 1493 1237 datum,
1521 1201 1618 1227 cum
1645 1186 1699 1227 ad

265 1242 407 1283 locum
429 1243 620 1293 venisset,
640 1257 737 1284 cum
769 1242 958 1298 utrisque
990 1243 1213 1298 separatim
1242 1242 1449 1293 locutum,
1470 1252 1517 1283 ut
1546 1258 1598 1284 ne
1622 1257 1697 1284 cu-

265 1298 363 1354 pide
397 1298 499 1354 quid
530 1308 716 1354 agerent,
749 1313 801 1339 ne
833 1308 1092 1364 appetenter,
1125 1308 1250 1354 atque
1281 1308 1328 1339 ut
1357 1299 1538 1354 regredi,
1569 1313 1697 1355 quam

264 1355 463 1420 progredi
483 1356 671 1397 mallent.
712 1355 761 1396 Id
782 1370 880 1396 curn
903 1357 1070 1411 utrique
1092 1355 1302 1406 fecissent,
1324 1355 1586 1419 aliquantum
1609 1356 1699 1410 agri

263 1412 307 1452 in
343 1411 485 1452 medio
516 1413 708 1453 relictum
742 1421 818 1453 est.
880 1413 1029 1468 Itaque
1063 1412 1233 1453 illorum
1270 1412 1385 1462 fines,
1420 1420 1455 1448 ⁵7
1477 1412 1585 1453 sicut
1620 1412 1698 1467 ipsi

264 1468 469 1518 dixerant,
495 1469 761 1509 terminavit:
794 1469 835 1509 in
864 1469 1006 1510 medio
1036 1469 1231 1510 relictum
1262 1468 1378 1525 quod
1408 1477 1510 1519 erat,
1538 1468 1699 1524 populo

265 1525 459 1565 Romano
479 1525 747 1580 adjudicavit.
775 1525 984 1580 Decipere
1005 1525 1086 1567 hoc
1106 1525 1277 1581 quidem
1296 1534 1374 1576 est,
1392 1540 1475 1566 non
1490 1525 1697 1581 judicare.

264 1581 463 1636 quocirca
482 1582 522 1621 in
543 1581 658 1622 omni
680 1596 723 1622 re
742 1581 946 1636 fugienda
964 1591 1027 1623 est
1045 1582 1139 1623 talis
1161 1581 1360 1622 sollertia.

186 1646 210 1691 1
226 1646 248 1690 1
322 1637 431 1678 Sunt
450 1646 590 1678 autem
612 1638 807 1693 quaedam
829 1638 965 1680 officia
984 1639 1110 1679 etiam
1133 1637 1326 1679 adversus
1346 1652 1418 1679 eos
1440 1638 1652 1689 servanda,
1675 1653 1700 1679 a

264 1693 455 1749 quibus
446 1693 639 1749 injuriam
671 1695 896 1749 acceperis.
956 1696 1032 1735 Est
1052 1695 1164 1735 enim
1186 1694 1417 1736 ulciscendi
1435 1702 1478 1734 et
1498 1695 1699 1759 puniendi

263 1750 431 1791 modus.
462 1760 588 1806 atque
609 1751 720 1801 haud
741 1751 843 1800 scio,
864 1766 916 1792 an
937 1751 1037 1792 satis
1057 1751 1125 1802 sit,
1145 1765 1258 1800 eum,
1281 1752 1353 1807 qui
1372 1751 1614 1802 lacessierit,
1634 1751 1698 1791 in-

257 1806 383 1871 juriae
405 1822 490 1847 suae
511 1807 738 1862 poenitere·
771 1816 818 1848 ut
835 1817 877 1848 et
897 1808 986 1863 ipse
1007 1822 1057 1848 ne
1077 1807 1179 1871 quid
1199 1808 1281 1848 tale
1301 1807 1491 1862 posthac,
1511 1816 1554 1849 et
1571 1808 1698 1848 ceteri

200 1874 252 1907 34
265 1864 346 1904 sint
367 1864 449 1904 ad
439 1864 635 1920 injuriam
656 1863 873 1905 tardiores.
929 1865 1103 1919 Atque
1093 1879 1136 1904 m
1157 1864 1374 1919 lepublica
1395 1864 1578 1905 maxime
1596 1878 1698 1904 con-

265 1920 462 1961 servanda
496 1929 592 1961 sunt
615 1921 713 1976 jura
745 1920 859 1962 belli.
917 1921 1031 1960 Nam
1053 1935 1150 1961 cum
1171 1921 1254 1961 sint
1274 1920 1359 1961 duo
1378 1934 1534 1975 genera
1552 1920 1698 1961 decer·

179 1996 210 2026 p.
224 1993 253 2016 s.
264 1976 405 2027 tandi3
438 1992 569 2017 unum
594 1991 668 2031 per
696 1976 1057 2032 disceptationem,
1075 1977 1253 2018 alterum
1275 1991 1349 2033 per
1369 1977 1481 2017 vim:
1512 1991 1698 2032 cumque

224 2032 370 2074 a·illud
405 2033 621 2096 proprium
657 2033 710 2074 sit
742 2033 939 2097 hominis,
969 2033 1051 2073 hoc
1080 2033 1328 2074 beluarum:
1365 2032 1697 2097 confugiendum

201 2102 249 2134 35
264 2099 328 2130 est
355 2090 409 2130 ad
439 2089 662 2144 posterius,
683 2090 716 2130 si
745 2090 806 2130 uti
837 2104 921 2130 non
949 2089 1048 2130 licet
1073 2091 1299 2144 superiore.
1359 2090 1501 2131 Ouarc
1522 2089 1699 2144 suscipi-

263 2145 369 2185 enda
400 2145 571 2200 quidem
602 2145 715 2186 bella
742 2154 840 2187 sunt
870 2146 926 2186 ob
954 2160 1047 2186 eam
1068 2160 1262 2210 causam,
1288 2153 1335 2187 ut
1363 2147 1450 2186 sine
1475 2145 1626 2208 injuria
1655 2146 1697 2187 in

261 2216 366 2257 pace
396 2211 582 2243 vivatur:
615 2209 735 2257 parta
762 2211 904 2243 autem
932 2202 1118 2253 victoria,
1147 2202 1456 2243 conservandi
1445 2202 1488 2252 1i,
1510 2216 1583 2257 qul
1612 2217 1696 2243 non

261 2257 451 2299 crudeles
481 2258 522 2298 in
553 2258 680 2309 bello,
701 2274 784 2299 non
814 2259 1018 2299 immanes
1049 2259 1243 2300 fuerunt·
1275 2267 1323 2300 ut
1353 2272 1534 2322 maJores
1565 2260 1698 2300 nostri

260 2314 539 2378 TusculanOS,
560 2315 740 2371 AEqUOS,
763 2315 958 2365 Volscos,
978 2315 1170 2366 Sabinos,
1192 2315 1433 2356 Hernicos
1423 2329 1464 2355 m
1484 2314 1697 2356 civitatem

261 2371 388 2411 etiam
417 2381 697 2426 acceperunt:
730 2380 773 2412 at
801 2371 1104 2427 Karthaginem
1137 2381 1179 2413 et
1198 2371 1477 2413 Numantiam
1505 2371 1697 2412 funditus

261 2426 536 2469 sustulerunt.
568 2427 723 2468 nollem
746 2428 1031 2470 Corinthum.
1064 2428 1139 2469 sed
1171 2428 1297 2469 credo
1325 2426 1483 2483 aliquid
1511 2435 1695 2479 secutos,

260 2544 345 2583 quod
367 2549 415 2573 est
437 2552 456 2571 a
481 2543 593 2582 glossa.
617 2553 693 2573 nam
718 2544 811 2584 majus
834 2545 958 2584 respicit
1000 2545 1046 2574 bri
1065 2553 1124 2574 scr.
1140 2545 1235 2574 etiam
1257 2544 1371 2574 Duisb.
1391 2544 1489 2574 Goth.
1507 2544 1696 2583 habentfa-

260 2587 355 2616 verba
371 2586 395 2614 si
407 2584 474 2624 plus
490 2585 544 2614 tibi
560 2593 686 2616 noceant.
1001 2593 1068 2623 ctae,
1086 2588 1139 2617 sed
1164 2589 1195 2616 in
1218 2587 1315 2617 altero
1339 2587 1485 2617 membro
1498 2592 1603 2625 pactae.
1627 2595 1698 2625 pas-

305 2628 422 2667 54jure
431 2628 570 2666 praetorio
585 2627 760 2669 liberantur]
780 2630 798 2659 i.
812 2639 839 2659 e.
855 2629 958 2659 edicto
998 2630 1063 2659 sive
1080 2631 1141 2659 hoc
1156 2630 1290 2660 verbum
1307 2630 1417 2661 Cicero
1437 2630 1532 2660 etiam
1555 2629 1635 2659 dixit
1657 2629 1696 2659 ad

260 2671 399 2711 praetotis
429 2672 633 2710 excipiuntur
656 2672 696 2702 ab
724 2673 759 2701 iis
783 2672 956 2711 promissis,
998 2673 1254 2714 Att.11‚0.quae
1269 2673 1303 2701 de
1318 2684 1361 2702 me
1373 2679 1462 2712 pacta
1477 2678 1552 2701 sunt.

259 2724 333 2753 quae
348 2715 499 2744 servanda
513 2715 589 2751 sint,
607 2721 636 2744 et
657 2716 694 2744 ad
719 2724 791 2754 quae
806 2715 958 2745 servanda
1045 2721 1081 2750 57
1107 2716 1181 2744 sicut
1202 2716 1256 2756 ipsi
1276 2713 1428 2754 dixerant]
1448 2715 1483 2744 In
1502 2715 1565 2744 Ms.
1583 2714 1694 2744 Pithoei

259 2759 328 2796 cogi
345 2757 373 2786 vi
391 2757 528 2796 praetoris
545 2758 652 2796 possis.
1001 2758 1060 2788 fuit
1082 2757 1280 2795 discesserant,
1305 2759 1390 2797 quod
1413 2757 1516 2797 placet
1545 2757 1693 2787 Graevio:

303 2807 341 2829 55
366 2805 399 2828 ut
414 2798 479 2839 ille]
498 2800 560 2830 lnt.
577 2801 661 2837 fecit,
674 2800 826 2839 peccavit.
999 2801 1081 2832 mihi
1099 2810 1174 2832 non.
1191 2801 1285 2832 dicere
1299 2808 1345 2832 est
1360 2802 1394 2833 h.
1407 2800 1430 2831 1.
1446 2799 1588 2831 definire.

303 2847 341 2872 56
365 2849 591 2883 essent-pactae
621 2842 757 2883 indutiae]
783 2843 890 2874 Plures
918 2842 955 2873 li-
