1844 3202
602 133 1011 174 FRAGMENTA.
1442 138 1517 181 901

517 265 583 306 M.
604 264 788 305 TULLII
814 261 1101 304 Caerznoms

404 344 795 387 PROTAGORAS
827 357 889 385 Ex
924 342 1164 384 PLATON
1165 341 1215 382 E.

154 425 318 466 Pmsc.
339 421 409 464 lib,
426 426 482 475 6.)
516 422 631 479 Quid
654 424 730 464 tu?
753 421 863 464 unde
883 421 1053 463 tandem
1072 432 1261 475 appares,
1281 431 1307 458 o
1328 417 1525 459 Socrate?

97 496 150 524 an
170 480 213 522 id
235 478 403 535 quidem
421 479 598 520 dubium
620 493 703 520 non
723 488 801 530 est,
823 479 924 535 quin
944 478 996 518 ab
1016 475 1236 518 Alcibiade
1253 476 1265 515 ?

158 537 319 578 Pmsc.
341 534 411 576 lib.
429 540 484 588 8.)
529 537 658 577 Nunc
689 550 714 576 a
742 536 872 586 vobis,
900 537 1142 590 Protagora,
1169 542 1213 573 et
1246 532 1433 581 Socrate,
1454 545 1531 585 po-

98 592 226 643 stulo,
247 592 487 634 concedatis
508 592 613 633 alter
632 592 764 643 alteri,
786 601 829 633 et
847 592 955 633 inter
976 606 1046 633 vos
1067 590 1119 632 de
1140 588 1385 645 hujusmodi
1407 588 1530 629 rebus

97 650 483 701 controversennni,
503 664 586 690 non
605 649 871 690 concertetis.

157 706 321 747 Pmsc.
344 705 413 746 lib.
431 708 487 759 6.)
521 706 632 748 Quae
652 706 784 762 igitur
803 714 943 761 potest
970 718 1060 745 esse
1089 701 1317 758 indignitas
1337 700 1531 756 volupta-

98 763 153 804 tis
170 761 225 804 ad
240 762 493 814 molestiam,
509 763 588 804 nisi
607 763 651 804 in
666 762 974 819 magnitudine,
989 771 1062 802 aut
1078 758 1345 815 longitudine
1361 757 1533 799 alterius

100 819 236 861 utrius
256 819 423 875 posita?

128 876 407 974 lDoNA'rus
447 876 490 917 in
525 876 840 929 ΡΗοΒΜῙοΝ.)
895 873 1182 916 Confirmandi
1222 887 1379 929 genera
1413 885 1566 921 com-„t

99 945 250 988 puna.

467 1171 1170 1244 FRAGMENTA

381 1308 460 1359 M.
497 1304 783 1358 TULLII
823 1303 1264 1356 CICERONIS

139 1428 597 1494 LIBRORUM
636 1427 802 1490 SEX
845 1426 965 1487 DE
1001 1424 1504 1487 REPUBLICA.

801 1695 853 1719 EX

600 1757 666 1797 M.
688 1755 739 1796 T.
762 1754 1051 1796 CICERoms

543 1835 637 1877 DE
686 1832 1116 1876 REPUBLICA

717 1913 881 1954 LIBRO
906 1911 940 1952 I.

110 1980 407 2059 FRONTO.)
451 1999 707 2046 Nuntiatum
729 2011 808 2053 est,
830 2002 965 2043 venire
993 2001 1191 2053 Laelinm,
1213 2001 1430 2058 domoque
1455 2002 1548 2059 jam

111 2080 260 2108 emsse.
371 2084 374 2087 ·

170 2123 216 2164 N
220 2135 303 2163 ON.
328 2120 528 2174 Propter.)
569 2120 682 2160 Eum
711 2130 880 2174 quoque
907 2125 956 2157 ut
985 2114 1194 2166 salutavit,
1215 2124 1390 2171 propter
1407 2115 1549 2156 Tube-

112 2192 258 2221 ronem
275 2176 403 2233 jussit
422 2175 617 2216 assidere.

169 2237 202 2276 F
207 2235 413 2284 RONTo.)
448 2232 628 2287 Negotii
648 2230 809 2288 publici
829 2244 988 2285 expers.

169 2292 304 2333 NON.
328 2289 524 2341 Citwmct.)
559 2289 704 2331 Quare
725 2287 759 2329 si
780 2286 934 2343 placet,
951 2285 1089 2327 deduc
1107 2284 1342 2326 orationem
1363 2294 1482 2327 tuam
1499 2284 1553 2326 de

116 2347 227 2390 coelo
247 2347 300 2388 ad
322 2347 413 2387 haec
434 2346 608 2387 cituma.

173 2404 424 2455 D10MED.)
459 2401 594 2459 Quasi
623 2401 729 2442 alius
756 2399 1000 2441 assimulare
1027 2397 1335 2455 rempublicam
1360 2407 1434 2439 aut
1460 2412 1552 2439 me-

115 2461 197 2503 lius
218 2474 303 2500 non
324 2460 472 2515 possit,
493 2468 566 2500 aut
587 2457 760 2499 omnino
782 2471 866 2497 non
887 2456 1036 2512 possit.

171 2517 305 2558 NON.
327 2515 715 2567 Accommodatum.)
750 2516 776 2541 ²*
797 2513 1117 2569 expositamque
1137 2512 1192 2553 ad
1213 2512 1453 2567 exemplum
1475 2525 1553 2554 nc»

116 2583 214 2615 strae
234 2571 479 2627 reipublicae
507 2570 843 2614 accommodabo
863 2570 918 2611 ad
937 2584 1045 2619 eam,
1066 2569 1100 2610 si
1121 2578 1284 2624 potero,
1307 2582 1480 2610 omnem
1500 2568 1553 2608 il-

116 2629 202 2671 lam
237 2629 486 2678 orationem,
514 2644 609 2684 quae
641 2637 707 2670 est
737 2626 843 2668 mihi
874 2626 1068 2667 habenda
1098 2625 1151 2666 de
1181 2625 1346 2681 optimo
1377 2623 1555 2666 civitatis

117 2695 247 2728 statu.

175 2744 309 2784 NON.
343 2739 444 2781 Urbs
465 2755 490 2781 a
513 2739 707 2794 civitate.)
742 2742 884 2796 Quam
906 2753 1006 2780 cum
1025 2739 1145 2789 locis,
1167 2752 1380 2792 manuque
1402 2736 1557 2791 sepsis-

118 2807 226 2849 sent,
246 2797 459 2854 ejusmodi
477 2797 821 2852 conjunctionem
849 2804 1075 2847 tectorum,
1096 2794 1302 2849 oppidum
1323 2793 1387 2833 vel
1407 2793 1556 2834 urbem

119 2854 398 2913 appellarunt,
440 2853 628 2896 delubris
666 2853 927 2905 distinctam,
972 2852 1201 2909 spatiisque
1242 2850 1559 2892 communibus.
