1844 3202
604 107 786 147 L1BER
813 107 1096 146 TERTltJS.
1497 112 1573 154 7⁵7

415 290 494 342 M.
532 287 817 340 TULLII
857 286 1296 341 CICERONIS

631 528 1094 600 OFFICIIS

478 758 860 807 MARCUM
919 757 1248 805 FILIUM

570 881 778 922 LIBER
835 880 1152 922 TERTIUS.

720 1009 968 1030 *-

657 1110 804 1149 ARGU
810 1110 1056 1148 MENTUM
1062 1140 1069 1148 .

143 1187 213 1225 Hic
230 1187 313 1224 liber
330 1186 371 1223 de
388 1186 629 1237 comparatione
647 1185 825 1222 honestatis
843 1192 876 1221 ct
893 1185 1055 1222 utilitatis
1075 1186 1163 1235 agit,
1183 1200 1263 1237 quae
1283 1194 1359 1224 erat
1381 1188 1481 1226 tertia
1499 1200 1580 1241 pro·

191 1241 312 1292 positae
328 1239 563 1289 disputationis
577 1249 672 1288 pars.
718 1239 838 1288 Negat
859 1238 984 1281 Cicero,
1004 1246 1068 1275 aut
1085 1239 1311 1277 dubitandum
1330 1254 1405 1285 esse,
1425 1250 1489 1279 aut
1507 1257 1582 1279 um-

197 1307 298 1345 quam
327 1293 490 1336 dubitari,
511 1307 556 1330 an
584 1292 634 1336 id,
654 1292 744 1343 quod
767 1292 850 1329 utile
867 1292 1042 1335 videatur,
1071 1291 1200 1330 honesto
1225 1295 1270 1331 sit
1296 1296 1582 1345 anteponendum3

195 1347 254 1384 sed
274 1355 419 1398 tempora
440 1346 596 1395 incidere,
615 1346 747 1396 quibus,
766 1345 856 1397 quod
880 1353 976 1396 turpe
992 1346 1109 1383 baberi
1132 1347 1246 1389 soleat,
1265 1348 1433 1385 honestum
1461 1351 1582 1388 videa·
1619 1378 1622 1381 >

181 1411 256 1441 ,tur
269 1417 280 1437 :
310 1411 497 1452 tamquam,
518 1401 608 1451 quc-d
622 1409 719 1450 turpe
735 1401 791 1444 sit,
811 1399 952 1436 occidere
974 1400 1132 1450 aliquem,
1152 1401 1181 1437 si
1208 1407 1371 1450 tyrannus
1398 1404 1584 1448 occidatur,

196 1468 259 1491 nou
279 1455 370 1491 modo
389 1468 451 1491 non
470 1462 579 1504 turpe,
599 1454 658 1491 sed
673 1454 773 1490 etiam
796 1453 978 1502 gloriosum
1002 1453 1139 1500 videri,
1171 1455 1206 1491 iu
1231 1469 1295 1505 quo
1324 1469 1387 1492 nou
1411 1458 1584 1507 anteponi-

196 1516 255 1545 tur
272 1509 354 1545 utile
371 1507 512 1552 honesto,
531 1507 590 1545 scd
603 1509 754 1546 honestas
770 1507 953 1544 utilitatem
980 1508 1143 1558 sequitur.
1198 1508 1331 1559 Itaque,
1356 1516 1397 1546 ut
1420 1511 1490 1547 siue
1518 1511 1585 1548 ullo

196 1574 302 1599 errore
324 1562 506 1608 dijudicari
526 1563 644 1612 possit,
662 1560 843 1612 siquando
869 1574 945 1597 cum
972 1561 1041 1605 illo,
1061 1561 1152 1612 quod
1175 1561 1343 1599 honestum
1370 1563 1586 1613 intelligitur,

191 1627 349 1666 pugnare
367 1615 406 1652 id
422 1615 607 1660 videbitur,
628 1616 718 1666 quod
741 1615 947 1666 appellamus
975 1615 1069 1660 utile,
1085 1615 1279 1664 formulam
1308 1617 1482 1666 quandam
1510 1632 1586 1655 con-

198 1669 324 1714 stituit,
341 1683 358 1706 e
379 1669 561 1707 Stoicorum
581 1669 773 1718 disciplina,
791 1682 894 1719 quam
913 1669 942 1704 si
967 1669 1042 1718 quis
1069 1670 1104 1704 in
1131 1671 1373 1720 comparatione
1400 1685 1509 1708 rerum
1536 1685 1586 1708 se-

199 1730 341 1773 quatur,
362 1737 545 1773 numquam
570 1722 616 1759 ab
643 1721 747 1770 officio
774 1721 918 1758 recedat.
975 1723 1031 1758 Ea
1059 1721 1132 1759 haec
1157 1730 1229 1759 cst:
1257 1722 1430 1760 detrahere
1456 1724 1590 1775 aliquid

198 1776 310 1819 alteri,
331 1783 364 1813 et
381 1777 519 1813 alterius
537 1776 733 1813 incommodo
756 1789 852 1812 suum
879 1789 1004 1824 augere
1023 1775 1237 1822 commodum,
1265 1784 1315 1814 est
1338 1785 1454 1814 contra
1481 1786 1585 1816 natu-

198 1843 273 1867 ram
289 1846 301 1866 :
326 1840 388 1880 pro
415 1830 593 1866 multorum
622 1839 731 1866 autem
759 1828 987 1865 incolumitate
1012 1835 1045 1865 et
1071 1830 1181 1866 salute
1207 1830 1334 1868 labores
1361 1838 1394 1867 et
1420 1833 1586 1870 molestias

198 1883 372 1934 suscipere,
392 1883 569 1920 secundum
589 1890 748 1921 naturam
768 1892 828 1920 cst.
864 1883 967 1920 Hanc
984 1883 1086 1932 legem
1104 1883 1162 1934 qui
1178 1885 1384 1929 servaverit,
1403 1899 1584 1936 numquam

197 1935 386 1980 aberrabit,
406 1950 508 1987 neque
525 1944 587 1973 aut
606 1936 802 1987 temporibus
814 1936 1086 1986 perturbabitur,
1105 1943 1167 1973 aut
1183 1938 1266 1984 jure
1291 1938 1398 1979 civili,
1419 1953 1482 1989 quo
1508 1954 1587 1990 quae

196 1989 433 2034 conceduntur,
453 1991 567 2041 turpia
587 1991 718 2040 quidem
733 1990 899 2041 plerisque
917 2003 980 2026 non
1003 1989 1176 2032 videntur,
1195 1991 1254 2028 sed
1277 2002 1353 2028 sunt
1383 1998 1495 2029 tamen
1522 2007 1587 2030 sae-

192 2045 337 2095 pissime,
365 2057 438 2080 cum
453 2043 623 2091 fo'rmulae
649 2045 852 2088 constitutae,
879 2042 913 2081 h.
941 2056 969 2080 e.
998 2043 1064 2093 legi
1091 2050 1241 2089 naturae,
1270 2053 1474 2095 repugnant.
1535 2048 1589 2084 Ex

199 2097 262 2134 hac
264 2097 424 2144 formula
441 2098 558 2134 deinde
574 2097 698 2135 multas
716 2098 913 2149 quaestiones
924 2099 1125 2148 propositas,
1143 2098 1264 2149 quibus
1280 2098 1424 2147 officium
1443 2113 1486 2137 ex
1505 2109 1586 2137 tem-

191 2151 330 2202 poribus
348 2152 548 2202 exquiritur,
566 2151 723 2202 explicat.

147 2229 451 2301 PUBLIUM
474 2258 731 2315 Scipionem,
752 2259 902 2299 Marce
920 2257 992 2309 fili,
1013 2273 1127 2309 eum,
1149 2259 1222 2315 qui
1243 2259 1402 2315 primus
1422 2260 1591 2302 Africa-
1605 2272 1633 2319 1

149 2330 227 2357 nus
246 2316 482 2371 appellatus
503 2325 582 2367 est,
604 2315 744 2357 dicere
766 2315 954 2366 solitum,
975 2315 1142 2371 scripsit
1162 2315 1286 2367 Cato,
1308 2317 1380 2372 qui
1400 2316 1482 2358 fuit
1501 2318 1589 2359 fere
1604 2346 1622 2376 1

149 2372 241 2429 ejus
272 2373 458 2428 aequalis,
487 2374 738 2428 Numquam
764 2387 808 2414 se
835 2372 975 2413 minus
1001 2372 1184 2414 otiosum
1211 2388 1315 2424 csse,
1337 2388 1467 2430 quam
1488 2389 1588 2416 cum

150 2429 342 2480 otiosus;
361 2444 448 2471 *nec
469 2430 608 2471 minus
631 2429 786 2480 solum,
808 2443 936 2486 quam
967 2444 1066 2470 cum
1089 2430 1206 2471 solus
1231 2439 1353 2472 esset.
1413 2431 1590 2487 Magni-

150 2485 229 2527 fica
245 2500 342 2526 vero
363 2501 455 2536 vox,
483 2496 525 2527 et
550 2501 710 2542 magno
732 2486 818 2527 viro
844 2501 893 2527 ac
918 2487 1105 2542 sapiente
1134 2487 1292 2543 digna:
1325 2503 1420 2543 quae
1450 2487 1590 2529 decla-

150 2552 229 2592 rat,
250 2542 370 2583 illum
391 2551 434 2583 et
453 2543 496 2583 in
515 2543 604 2584 otio
622 2543 674 2584 de
695 2543 878 2599 negotiis
903 2543 1106 2599 cogitare,
1126 2554 1170 2585 et
1198 2545 1239 2585 in
1270 2543 1496 2585 solitudine
1524 2559 1589 2586 se—

151 2613 248 2640 cum
271 2599 390 2654 loqui
409 2599 579 2640 solitum
598 2616 610 2651 3
642 2610 691 2642 ut
711 2615 847 2656 neque
866 2610 1051 2642 cessaret
1069 2616 1288 2657 umquam,
1309 2611 1353 2643 et
1375 2601 1589 2642 interdum

152 2655 370 2712 colloquio
406 2655 574 2697 alterius
609 2672 695 2698 non
732 2667 892 2712 egeret.
953 2658 1102 2714 Itaque
1132 2658 1228 2699 duae
1262 2673 1340 2709 res,
1375 2672 1470 2713 quae
1498 2657 1590 2698 lan·

151 2726 331 2768 guorem
353 2713 534 2754 afferunt
561 2714 725 2764 ceteris,
744 2714 865 2755 illum
893 2715 1118 2764 acuebant,
1147 2715 1298 2765 otium,
1316 2723 1359 2755 et
1389 2713 1592 2755 solitudo.

152 2768 320 2811 Vellem
350 2770 471 2811 nobis
510 2768 592 2811 hoc
621 2769 735 2812 idem
764 2785 860 2812 vere
896 2771 1036 2812 dicere
1063 2771 1234 2813 liceret:
1274 2771 1348 2812 sed
1387 2769 1421 2811 si
1450 2770 1592 2812 minus

154 2825 389 2868 imitatione
418 2835 581 2868 tantam
609 2826 770 2883 ingenii
797 2828 1086 2884 praestantiam
1115 2827 1319 2884 consequi
1347 2841 1591 2885 possumus,
