1844 3202
588 122 1002 166 'FRAGMENTA.
1439 130 1518 172 μη

777 248 828 272 EX

514 296 582 337 M.
602 297 671 338 Tu
684 308 785 337 LL11
811 296 1094 337 Cmsnoms

440 371 550 415 DE
609 369 1169 414 REPUBLICA

682 451 826 491 LIBR.
850 449 925 491 IV.

147 516 279 560 Non.
303 514 378 560 Ubi
399 517 648 559 accusativus
667 527 738 572 pro
756 515 966 573 genitivo.)
1000 515 1143 571 Atque
1162 513 1252 569 ipsa
1269 526 1402 564 mens,
1421 528 1515 569 quae

93 574 239 617 futura
253 574 377 624 videt,
399 575 608 629 praeterita
629 573 834 614 meminit.

145 630 276 672 NON.
303 630 458 684 Mitis.)
506 630 702 685 Cumque
735 640 938 670 autumno
970 637 1099 669 terras
1131 626 1184 667 ad
1220 625 1514 681 concipiendas

89 687 233 741 fruges
263 687 521 742 patefecerit,
542 687 682 727 hieme
711 685 763 726 ad
791 684 1068 726 conficiendas
1094 683 1400 738 compresserit,
1418 697 1514 724 vere

89 742 143 784 ad
162 743 431 784 effundendas
451 743 656 793 relaxarit,
679 750 822 787 aestate
842 755 889 782 ac
917 741 1157 781 maturitate
1177 739 1276 780 alias
1298 739 1515 794 mitigave-

87 798 156 850 rit,
176 799 278 840 alias
300 799 509 840 torruerit.

143 855 275 896 NON.
296 856 483 910 Aptom.)
517 857 542 881 ⁷⁵
557 853 786 910 eademque
807 852 886 894 soli
909 852 1076 908 objecta
1094 852 1305 902 umbram,
1325 860 1514 892 noctem-

87 925 171 966 que
190 911 353 962 efficiat,
374 926 473 952 cum
503 911 555 952 ad
585 925 806 952 numerum
837 910 999 951 dierum
1020 919 1177 964 aptam,
1198 918 1291 950 tum
1311 908 1364 948 ad
1393 907 1513 949 labo-

86 981 182 1008 rum
206 968 405 1024 quietcm.

143 1025 295 1066 LAc‘r.
319 1024 368 1065 de
394 1023 493 1080 opg‘f.
515 1023 627 1076 Dei.)
662 1024 757 1065 Nec
788 1022 1046 1064 voluntatem
1076 1020 1180 1062 mihi
1210 1020 1407 1071 defuisse,
1437 1035 1513 1062 nee

85 1093 245 1121 curam.

142 1136 201 1177 D.
220 1137 350 1178 Auo.
373 1136 443 1178 lib.
463 1149 502 1188 9.
523 1146 610 1192 cap.
632 1148 671 1187 9.
695 1135 834 1188 (livit.)
876 1135 1126 1191 Numquam
1167 1130 1403 1182 comoediae,
1435 1132 1512 1175 nisi

83 1193 351 1234 consuetudo
382 1193 473 1234 vitae
504 1203 731 1249 pateretur,
752 1191 931 1247 probare
960 1206 1035 1232 sua
1063 1191 1236 1233 theatris
1257 1189 1416 1244 flagitia
1434 1203 1512 1245 po-

84 1257 278 1290 tuissent.

80 1324 83 1327 ·
140 1305 199 1346 D.
220 1305 350 1347 AUG.
371 1305 547 1359 ibidem.)
582 1307 721 1362 Quem
751 1304 823 1346 illa
854 1319 939 1346 non
959 1304 1198 1360 attigit,⁵vel
1223 1302 1363 1358 potius
1385 1317 1514 1358 quem

83 1375 170 1401 non
190 1362 373 1402 vexavit?
406 1362 474 1402 cui
494 1363 680 1418 pepercit
699 1366 711 1403 ?
744 1372 860 1402 esto:
891 1361 1113 1416 populares
1131 1360 1337 1409 homines,
1352 1359 1513 1413 impro-

82 1417 161 1458 bos
183 1417 223 1458 in
246 1419 564 1473 rempublicam,
581 1418 816 1468 seditiosos,
836 1417 1054 1466 Cleonem,
1073 1416 1399 1472 Cleophontem‚
1418 1416 1513 1472 Hy-

83 1474 303 1528 perbolum
342 1475 464 1517 laesit.
496 1475 734 1530 patiamur:
767 1474 845 1515 etsi
874 1474 1119 1530 hujusmodi
1149 1473 1257 1513 cives
1288 1486 1312 1512 a
1340 1486 1512 1513 censore

82 1530 234 1582 melius
264 1539 341 1581 est,
371 1546 498 1586 quam
528 1546 552 1572 a
579 1536 709 1586 poeta
737 1530 885 1572 notari.
946 1530 1027 1570 Sed
1059 1529 1275 1577 Periclem,
1297 1542 1394 1568 cum
1419 1527 1512 1583 jam

77 1600 169 1627 suae
189 1587 344 1628 civitati
365 1587 547 1628 maxima
563 1587 813 1628 auctoritate
833 1586 1037 1641 plurimos
1059 1600 1190 1626 annos
1211 1585 1328 1626 domi
1349 1593 1391 1624 et
1412 1584 1512 1626 belli

79 1643 332 1697 praefuisset,
351 1644 494 1684 violari
514 1643 713 1693 versibus,
735 1651 778 1683 et
802 1657 874 1683 eos
896 1643 966 1697 agi
996 1643 1038 1683 in
1059 1657 1198 1691 scena,
1218 1656 1301 1682 non
1322 1641 1415 1696 plus
1437 1640 1510 1681 de-

78 1699 184 1749 cuit,
199 1707 331 1755 'quam
352 1700 386 1740 si
412 1700 582 1740 Plautus
602 1709 743 1740 noster
767 1698 981 1749 voluisset,
1001 1708 1074 1739 aut
1093 1699 1278 1748 Naevius,
1301 1697 1345 1738 P.
1364 1706 1407 1738 et
1429 1696 1509 1738 Cn.

82 1754 283 1808 Scipioni,
305 1764 376 1796 aut
400 1755 597 1796 Caecilius
619 1756 685 1796 M.
709 1755 862 1795 Catoni
883 1755 1146 1795 maledicere.

137 1811 196 1852 D.
218 1813 347 1852 Auo.
366 1813 424 1864 6.)
457 1813 628 1853 Nostrae
662 1821 809 1852 contra
840 1812 926 1851 XII
962 1811 1116 1852 tabulae
1150 1825 1247 1851 cum
1281 1824 1508 1866 perpaucas

82 1881 147 1909 res
168 1868 303 1923 capite
333 1867 577 1918 sanxissent,
595 1869 635 1908 in
665 1868 729 1909 his
760 1867 867 1908 hanc
888 1882 1055 1922 quoque
1074 1867 1306 1908 faciendam
1338 1876 1510 1921 putave-

79 1933 192 1974 runt,
214 1924 248 1964 si
274 1924 368 1978 quis
396 1924 661 1974 actitavisset,
682 1924 764 1964 sive
791 1938 958 1965 carmen
980 1924 1248 1974 condidisset,
1270 1923 1385 1978 quod
1403 1923 1510 1963 infa-

76 1980 210 2021 miam
241 1981 420 2032 afferret,
440 1981 695 2035 flagitiumve
716 1981 859 2021 alteri:
891 1980 1102 2035 praeclare.
1122 1980 1293 2036 judiciis
1313 1979 1438 2030 enim,
1459 1994 1508 2020 ac

69 2036 404 2091 magistratuum
439 2037 810 2092 disceptationibus
842 2037 1042 2091 legitimis
1078 2035 1335 2092 propositam
1365 2035 1508 2086 vitam,

79 2107 164 2134 non
184 2098 404 2148 poetarum
426 2093 604 2148 ingeniis
621 2094 775 2134 habere
796 2092 1015 2143 debemus,
1032 2107 1108 2134 nec
1131 2092 1333 2147 probrum
1351 2091 1507 2144 audire,

79 2148 158 2190 nisi
181 2163 229 2189 ea
249 2149 359 2205 lege,
378 2159 427 2190 ut
448 2150 697 2205 respondere
715 2150 854 2199 liceat,
875 2162 918 2190 et
931 2150 1094 2206 judicio
1115 2148 1352 2189 defendere.

135 2205 192 2246 D.
212 2205 343 2246 Auo.
361 2205 430 2246 lib.
451 2215 488 2246 2.
505 2221 540 2246 c.
561 2216 619 2246 10.
640 2206 778 2259 Civit.)
804 2206 1028 2247 AEschines
1044 2204 1328 2255 Atheniensis,
1344 2204 1404 2245 vir
1419 2205 1508 2246 elo-

79 2262 393 2316 quentissimus,
414 2277 511 2303 cum
543 2262 783 2303 adolescens
803 2262 1029 2317 tragoedias
1049 2261 1313 2311 actitavisset,
1334 2275 1505 2316 rempu-

77 2317 232 2365 blicam
253 2319 498 2373 capessivit3
530 2328 572 2360 et
593 2319 914 2360 Aristodemum
940 2319 1149 2374 tragicum
1181 2318 1282 2358 item
1303 2326 1504 2368 actorem,

62 2374 270 2437 *maximis
290 2375 341 2415 de
361 2376 484 2416 rebus
505 2375 619 2431 pacis
641 2390 690 2417 ac
709 2375 809 2416 belli
828 2375 1017 2430 legatum
1038 2375 1090 2416 ad
1112 2374 1348 2430 Philippum
1366 2373 1505 2416 Athe-

76 2443 240 2471 menses
261 2445 371 2485 saepe
392 2432 608 2472 miserunt.
980 2472 982 2474 ,

132 2486 191 2526 D.
208 2487 337 2527 AUG.
356 2485 424 2528 lib.
442 2497 480 2528 2.
501 2497 589 2542 cap.
611 2496 670 2527 12.
692 2486 832 2540 Civit.)
875 2488 901 2515 ³²⁵
917 2487 1082 2528 Probris
1112 2496 1153 2528 et
1174 2486 1335 2543 injuriis
1355 2491 1504 2541 poe'ta-

74 2557 170 2584 rum
205 2542 437 2598 subjectam
473 2545 600 2585 vitam
631 2544 871 2599 famamque
906 2543 1059 2584 habere
1095 2544 1334 2593 noluerunt,
1367 2542 1504 2596 capite

53 2617 58 2620 ·
75 2599 205 2640 etiam
224 2598 361 2654 puniri
382 2600 625 2650 sancientes,
644 2600 728 2641 tale
747 2614 915 2641 carmen
935 2600 1115 2641 condere
1137 2600 1170 2640 si
1190 2599 1282 2654 quis
1303 2598 1488 2639 auderet.

133 2655 193 2696 D.
211 2657 342 2696 AUG.
367 2654 436 2695 lib.
456 2665 494 2696 2.
515 2666 605 2711 cap.
633 2666 692 2697 13.
729 2656 869 2709 Civit.)
918 2659 945 2683 ἦ*
963 2656 1075 2698 Cum
1113 2665 1246 2697 artem
1282 2654 1503 2704 ludicram,

75 2725 330 2768 scenamque
364 2719 499 2752 totam
530 2712 571 2752 in
601 2713 757 2767 probro
788 2712 1005 2763 ducerent,
1037 2726 1173 2768 genus
1205 2711 1249 2752 id
1284 2710 1504 2751 hominum

49 2784 55 2788 ·
76 2772 162 2807 non
183 2768 312 2809 modo
341 2768 500 2808 honore
525 2767 676 2808 civium
697 2768 954 2824 reliquorum
975 2783 1131 2818 carere,
1152 2767 1226 2808 sed
1244 2766 1370 2808 etiam
1392 2765 1505 2808 tribu

77 2823 234 2864 moveri
253 2824 470 2865 notatione
490 2824 677 2865 censoria
694 2824 930 2866 voluerunt.

116 2892 247 2927 rvol..
270 2894 339 2922 IV.
362 2894 401 2921 P.
424 2893 480 2921 11.
871 2893 897 2936 3
923 2891 954 2920 N
