1844 3202
317 101 396 139 636
844 100 921 140 DE
958 101 1216 140 LEGIBUS

314 217 358 249 et
389 223 438 248 ea
466 206 548 249 sint
575 207 776 264 principia
804 216 988 251 naturae.
1019 219 1131 251 certe
1152 210 1328 252 honesta
1349 224 1518 267 quoque
1541 220 1583 254 et
1603 212 1743 269 turpia

249 274 301 314 47
314 264 440 305 simili
461 265 621 306 ratione
641 265 922 321 dijudicanda,
942 275 984 307 et
1002 268 1055 307 ad
1073 276 1262 308 naturam
1286 268 1498 308 referenda
1517 278 1627 310 sunt.
1658 271 1743 311 Sed

312 322 531 376 perturbat
551 337 627 362 nos
656 322 900 377 opinionum
922 323 1095 364 varietas
1118 323 1421 379 hominumque
1443 324 1667 367 dissensio.
1699 335 1742 368 et

313 378 411 433 quia
441 384 479 409 6⁵
499 393 581 418 non
616 378 725 418 idem
758 379 968 433 contingit
998 379 1038 419 in
1072 379 1276 430 sensibus,
1312 380 1389 421 hos
1424 392 1571 422 natura
1604 393 1741 424 certos

311 442 533 489 putamus:
565 434 649 483 illa,
670 451 763 490 quae
794 434 883 475 aliis
914 435 985 485 sic,
1017 435 1106 476 aliis
1137 449 1270 483 secus,
1292 451 1367 476 nec
1397 436 1544 478 iisdem
1576 452 1742 493 semper

311 505 397 531 uno
430 490 560 532 modo
595 491 797 541 videntur,
829 491 978 532 66fieta
1013 506 1102 532 esse
1132 491 1338 532 ducimus.
1373 493 1488 547 quod
1519 503 1583 535 est
1612 494 1742 550 longe

311 547 442 588 aliter.
500 548 613 588 Nam
649 562 794 588 sensus
830 557 994 589 nostros
1032 562 1112 588 non
1150 562 1310 602 parens,
1348 563 1430 588 non
1467 550 1618 600 nutrix,
1655 565 1741 591 non

311 603 526 658 magister,
557 618 640 644 non
670 609 808 658 poe'ta,
839 619 921 644 non
952 618 1075 644 scena
1105 603 1315 659 depravat,
1346 619 1429 644 non
1460 605 1743 648 multitudinis

310 674 538 700 consensus
560 660 733 701 abducit
750 675 774 701 a
795 675 904 701 vero
963 660 1130 701 Animis
1150 675 1296 724 onmes
1317 661 1544 702 tenduntur
1565 661 1741 714 insidiae,

310 716 374 757 vel
403 716 455 756 ab
486 717 549 765 iis,
570 732 676 772 quos
700 708 830 758 modo
850 717 1100 767 enumeravi,
1123 716 1194 772 qui
1224 726 1386 758 teneros
1417 728 1460 758 et
1490 717 1611 759 rudes
1641 733 1740 760 eum

309 781 575 836 acceperunt,
597 773 800 824 inficiunt,
822 781 864 814 ct
894 774 1080 823 flectunt,
1114 782 1159 814 ut
1186 773 1346 824 volunt,
1377 773 1438 814 vel
1468 775 1522 814 ab
1551 789 1614 824 ea,
1645 790 1740 831 quae

309 829 474 883 penitus
506 844 546 869 ιι]
583 829 698 870 omni
723 844 846 870 sensu
877 830 1089 884 implicata
1118 829 1281 881 insidet,
1300 830 1499 871 imitatrix
1528 831 1643 881 boni,
1664 846 1740 872 vo·

309 885 463 940 luptas,
485 885 690 926 malorum
711 894 851 926 autem
874 895 1008 927 mater
1028 886 1246 927 omnium:
1276 886 1397 942 cujus
1416 887 1629 928 blanditiis
1648 902 1743 928 cor-

309 943 436 996 rupti,
467 957 560 997 quae
592 951 738 982 natura
767 942 879 982 bona
908 951 1018 994 sunt,
1049 942 1148 998 quia
1177 935 1395 984 dulcedine
1424 942 1503 984 hac
1533 952 1575 984 et
1601 944 1741 986 scabie

309 1007 466 1048 carent,
489 1012 573 1039 non
592 998 801 1038 cernimus
823 998 935 1039 satis.

231 1055 297 1103 18
367 1053 578 1108 Sequitur,
608 1061 656 1094 ut
686 1053 883 1117 conclusa
912 1054 1016 1095 mihi
1040 1056 1131 1110 jam
1162 1054 1254 1096 haec
1285 1054 1338 1096 sit
1368 1055 1504 1096 omnis
1533 1056 1654 1107 ratio,
1680 1057 1740 1111 (id

245 1128 296 1161 48
310 1109 425 1165 quod
444 1118 542 1150 ante
566 1109 715 1151 oculos
740 1124 791 1150 ex
819 1109 868 1151 iis
896 1118 973 1161 est,
994 1125 1089 1166 quae
1122 1110 1234 1151 dicta
1253 1113 1365 1163 sunt)
1389 1120 1432 1152 et
1445 1111 1532 1167 jus,
1554 1120 1597 1152 et
1615 1127 1742 1155 omne

308 1166 548 1216 honestum,
570 1181 644 1207 sua
663 1175 811 1222 sponte
831 1181 921 1207 esse
942 1167 1238 1222 expetendum.
1297 1167 1464 1209 Etenim
1491 1183 1638 1210 omnes
1666 1170 1741 1211 viri

307 1222 439 1264 boni
429 1237 562 1278 1psam
583 1223 840 1279 aequitatem,
863 1232 905 1264 et
918 1223 991 1278 jus
1012 1224 1148 1279 ipsum
1171 1232 1326 1288 amant,
1348 1238 1423 1265 nec
1446 1234 1509 1266 est
1531 1225 1603 1265 viri
1623 1226 1740 1277 boni,

307 1294 465 1344 errare,
478 1289 521 1320 et
548 1279 738 1334 diligere,
761 1279 875 1335 quod
906 1294 980 1335 per
1013 1294 1055 1321 se
1082 1295 1166 1321 non
1187 1280 1240 1321 sit
1259 1280 1535 1335 diligendum.
1596 1282 1672 1322 Per
1693 1297 1738 1323 se

306 1335 436 1399 igitur
449 1336 522 1391 jus
542 1344 605 1377 est
623 1336 920 1391 expetendum,
936 1345 978 1377 et
997 1336 1237 1378 colendum.
1259 1342 1295 1372 67
1309 1337 1423 1392 quod
1445 1337 1477 1377 si
1492 1339 1586 1393 jus:
1610 1338 1737 1379 etiam

300 1391 495 1448 justitia:
532 1399 570 1424 68
587 1393 649 1433 sin
679 1406 742 1443 ea,
764 1393 935 1449 reliquae
963 1408 1132 1457 quoque
1160 1393 1347 1443 virtutes,
1377 1407 1449 1448 per
1475 1409 1517 1434 sc
1548 1394 1737 1436 colendae

307 1457 419 1490 sunt.
457 1449 597 1491 Ouid?
622 1449 848 1490 liberalitas
867 1449 1104 1504 gratuitane
1125 1459 1202 1500 est,
1221 1464 1272 1490 an
1290 1451 1569 1490 mercenaria?
1595 1451 1628 1492 si
1649 1451 1737 1492 sine

307 1506 481 1560 praemio
512 1506 693 1561 benigna
722 1513 799 1556 est,
824 1505 1037 1570 gratuita-z
1069 1506 1103 1547 si
1132 1521 1229 1547 cum
1261 1506 1470 1557 mcicede,
1499 1507 1736 1548 conducta:

307 1576 383 1602 nec
417 1571 482 1603 est
513 1562 705 1613 dubium,
739 1562 840 1618 quin
870 1563 918 1613 is,
952 1563 1022 1617 qui
1053 1563 1248 1612 liberalis,
1282 1563 1539 1627 benignusxe
1569 1563 1738 1614 dicitur,

306 1618 506 1683 officium,
529 1634 612 1660 non
633 1620 818 1659 fructum
850 1628 1060 1683 sequatur.
1119 1621 1234 1683 Ergo
1255 1619 1354 1660 item
1379 1620 1546 1675 justitia
1575 1627 1614 1654 69
1635 1620 1740 1661 nihil

307 1675 464 1731 expetit
492 1675 667 1731 praemii,
690 1675 793 1716 nihil
822 1675 957 1731 pretii.
988 1690 1062 1731 per
1091 1690 1135 1717 se
1165 1676 1295 1731 igitur
1324 1676 1546 1731 expetitur.
1568 1676 1739 1718 eadem-

241 1743 294 1784 49
308 1746 389 1796 que
429 1732 619 1773 omnium
658 1732 859 1773 virtutum
900 1746 1026 1773 causa
1059 1742 1186 1789 atque
1220 1733 1425 1773 sententia
1457 1742 1533 1774 est.
1593 1734 1738 1789 Atque

305 1788 431 1829 etiam
464 1788 498 1829 si
528 1789 838 1839 emolumentis,
868 1803 951 1829 non
982 1803 1056 1829 sua
1086 1797 1235 1845 sponte
1264 1789 1392 1830 virtus
1411 1790 1634 1844 expetitur,
1654 1804 1739 1831 una

305 1845 384 1886 erit
403 1845 546 1896 virtus,
569 1861 664 1901 quae
684 1845 844 1886 malitia
875 1852 914 1881 70
927 1846 1155 1887 rectissime
1174 1845 1349 1886 dicetur.
1409 1847 1472 1886 Ut
1489 1846 1601 1887 enim
1621 1846 1738 1902 quis-

306 1916 387 1956 que
417 1902 596 1943 maxime
626 1902 679 1943 ad
710 1917 834 1943 suum
863 1902 1136 1943 commodum
1170 1902 1310 1952 refert,
1330 1916 1608 1966 quaecumque
1632 1903 1736 1958 agit

168 1981 210 2011 p.
225 1975 296 2001 166.
306 1959 364 1999 ita
395 1958 568 1999 minime
596 1968 660 2000 est
690 1958 750 1999 vir
772 1959 936 2009 bonus3
967 1967 1028 2009 ut,
1049 1959 1121 2014 qui
1140 1959 1336 2000 virtutem
1358 1958 1533 2013 praemio
1553 1960 1735 2000 metiun-

265 2023 295 2044 a.
308 2023 389 2066 tur,
411 2014 569 2056 nullam
598 2015 808 2065 virtutem,
826 2014 903 2055 nisi
921 2014 1122 2055 malitiam
1143 2023 1306 2070 putent.
1368 2015 1455 2055 Ubi
1475 2015 1586 2055 enim
1606 2016 1737 2057 bene-

307 2071 424 2121 ficus,
455 2071 488 2111 si
521 2086 645 2112 nemo
680 2071 847 2112 alterius
879 2085 1005 2112 causa
1036 2072 1216 2127 benigne
1249 2070 1379 2112 facit?
1412 2070 1486 2111 ubi
1518 2080 1680 2126 gratus,
1701 2072 1737 2113 si

304 2141 387 2168 non
409 2142 506 2168 eum
527 2128 667 2183 ipsum
687 2135 861 2168 cernunt
881 2127 1007 2184 grati,
1029 2129 1097 2168 cui
1117 2128 1303 2169 referunt
1323 2127 1532 2182 gratiam.
1523 2130 1536 2157 ³
1569 2128 1642 2170 ubi
1661 2127 1736 2170 illa

304 2192 447 2225 sancta
475 2184 673 2235 amicitia,
703 2184 737 2225 si
767 2199 851 2225 non
881 2185 968 2239 ipse
998 2184 1158 2226 amicus
1187 2199 1261 2240 per
1291 2198 1334 2224 se
1364 2191 1528 2225 amatur
1547 2192 1640 2225 toto
1658 2199 1735 2240 pe-

303 2248 434 2291 ctore,
466 2249 514 2283 ut
541 2241 723 2282 dicitur?
757 2241 829 2297 qui
858 2241 985 2282 etiam
1016 2240 1267 2282 deserendus
1299 2248 1341 2281 et
1369 2240 1628 2297 abjiciendus
1655 2250 1735 2294 est,

361 2359 400 2386 65
425 2366 477 2384 non
513 2354 588 2384 idem
625 2355 764 2395 contingit
793 2355 823 2384 in
857 2354 992 2394 sensibus]
1081 2361 1119 2386 68
1143 2354 1188 2384 sin
1209 2353 1256 2393 ea]
1282 2354 1387 2394 Vulgo
1409 2361 1455 2385 est
1471 2354 1512 2383 sic
1527 2354 1557 2383 in
1573 2365 1624 2384 ea:
1646 2357 1733 2395 quod

304 2398 349 2427 Ut
372 2407 487 2438 nempe
510 2398 571 2428 alia
592 2397 672 2428 alius
695 2398 802 2429 dulcia
822 2398 873 2429 vel
889 2408 997 2429 amara
1039 2399 1131 2429 nihili
1147 2403 1203 2428 est.

298 2440 430 2479 judicet.
1082 2447 1122 2473 69
1143 2440 1220 2470 nihil
1232 2439 1339 2479 expetit
1347 2438 1478 2479 praemi1]
1499 2439 1622 2479 Expetit
1636 2440 1731 2471 habet

347 2488 387 2513 66
399 2483 480 2523 ficta
502 2493 557 2512 esse
578 2481 722 2523 ducimus]
748 2483 830 2514 Libri
857 2484 997 2523 plerique
1039 2485 1086 2514 ed.
1104 2484 1183 2514 Ven.
1204 2490 1294 2515 1494.
1312 2482 1443 2513 Mediol.
1458 2483 1589 2512 Ascens.
1606 2493 1669 2513 non
1681 2495 1733 2512 ex-

303 2526 434 2556 dicimus.
480 2526 635 2556 Victorius
660 2534 767 2556 tamen
794 2527 889 2557 edidit
915 2526 995 2556 duci·
1035 2527 1150 2566 primif,
1167 2533 1275 2564 estque
1293 2525 1406 2555 melius
1422 2526 1550 2564 vulgato
1566 2526 1638 2556 hoc.
1683 2526 1731 2556 Si-

304 2579 376 2605 mus,
400 2579 498 2608 quem
520 2569 620 2599 secuti
641 2579 767 2600 sumus.
790 2571 844 2600 sed
866 2581 921 2599 esse
942 2571 995 2600 de—
1039 2569 1154 2599 militer
1167 2579 1242 2599 mox
1258 2578 1312 2607 pro
1326 2568 1523 2606 expenditure
1539 2569 1629 2598 bonis
1645 2567 1733 2599 libris

303 2612 435 2642 lendum
450 2613 582 2643 videtur.
1038 2613 1105 2642 dedi
1129 2611 1283 2650 rxpetitur.
1306 2621 1381 2641 nam
1405 2611 1483 2641 illud
1505 2612 1635 2650 quidem
1657 2622 1731 2641 emo-

346 2660 383 2689 67
410 2654 602 2696 quodsijus:
626 2654 856 2694 etiamjustitia]
883 2654 994 2685 Delevi
1038 2654 1170 2684 lumi—uns
1201 2661 1363 2694 utcunque
1393 2654 1572 2690 conveniat,
1602 2660 1633 2683 at
1663 2664 1729 2685 non

302 2704 342 2726 est
357 2698 495 2737 postjus.
510 2698 594 2737 quod
610 2704 640 2728 et
656 2698 742 2728 abest
756 2708 774 2728 a
788 2699 908 2737 scriptis
925 2699 994 2737 qui—
1038 2698 1080 2734 τῷ
1096 2709 1145 2726 sua
1162 2704 1267 2736 sponte.

301 2740 450 2777 busdam,
467 2748 503 2770 ut
519 2740 627 2771 Guelf.
641 2746 671 2770 et
686 2742 757 2771 edd.
773 2747 847 2771 vett.
864 2747 899 2770 ut
913 2741 993 2771 Ven.
1081 2746 1121 2776 70
1146 2739 1296 2769 recrissime
1318 2738 1444 2779 dicetur]
1477 2739 1631 2777 Legitima
1653 2748 1729 2771 con·

305 2790 395 2815 1494.
418 2784 661 2825 intelligendum
682 2790 791 2815 autem
808 2783 994 2824 expetendum
1035 2783 1158 2814 secutio
1172 2790 1353 2823 temporum
1368 2781 1505 2823 postulat
1519 2782 1643 2812 dicatur.

300 2831 328 2854 et
344 2825 497 2857 colendum.
