1844 3202
650 134 1066 174 coNSOLATIO.
1500 140 1578 183 97⁵

137 247 305 289 mitates
336 255 456 289 certo
481 245 613 288 sciat:
645 253 802 301 quotus
831 243 944 284 enim
973 243 1152 299 quisque
1179 249 1258 294 est,
1281 242 1349 284 cui
1379 256 1463 284 non
1494 256 1574 298 pu-

137 303 249 345 blica
269 302 572 345 administratio
594 301 656 342 vel
678 301 883 351 moeroris,
904 300 964 340 vel
982 302 1160 355 jacturae
1184 308 1345 340 tantum
1370 300 1574 351 attulerit,

137 370 340 416 quantum
363 359 496 400 verbis
515 358 722 414 explicare
743 357 807 398 vix
828 358 984 413 queat?
1010 370 1073 402 ac,
1095 356 1128 397 si
1150 355 1201 396 de
1218 365 1310 396 toto
1332 356 1425 397 vitae
1447 371 1573 398 cursu

127 416 321 472 judicare
343 430 435 457 vere
456 415 665 465 volumus,
685 415 841 455 exitum
863 413 1089 454 videamus.
1150 413 1238 453 Ubi
1259 413 1410 467 optimi
1432 413 1572 468 reipu-

136 473 258 514 blicae
287 472 660 522 administratores,
692 487 766 512 seu
787 471 919 511 verius
949 480 1155 525 parentes,
1177 468 1408 517 Miltiades,
1439 469 1571 524 Ephi-

132 529 253 580 altes,
286 528 426 579 Cimo,
458 527 781 577 Themistocles,
814 526 1055 567 Aristides?
1105 535 1307 581 quantum
1341 525 1422 566 illis
1454 525 1569 576 fides,

130 586 296 637 caritas,
319 585 552 640 integritas,
575 584 810 626 constantia
833 583 992 639 peperit
1015 583 1221 623 miseriae?
1256 590 1303 623 ut
1326 596 1410 623 non
1440 581 1569 624 modo

129 641 377 693 honoribus,
406 642 628 697 dignitate,
657 640 908 682 auctoritate
939 639 1140 694 spoliarit,
1163 638 1236 680 sed
1269 639 1393 679 etiam
1426 639 1466 679 in
1494 652 1567 679 ex-

130 698 269 739 silium
303 699 478 740 miserit.
511 698 626 753 quod
657 705 804 738 contra
834 697 1087 751 oportebat:
1120 696 1228 736 viros
1257 695 1458 750 optimos,
1492 709 1567 750 pa-

130 756 306 811 triaeque
335 755 645 796 amantissimos
675 755 835 795 honore
865 753 986 803 affici,
1018 753 1059 793 in
1090 752 1223 793 oculis
1254 752 1364 793 ferri.
1424 751 1567 807 Scipio

127 811 354 853 Africanus
375 811 486 867 apud
517 822 679 853 nostros
708 810 914 866 optimam
945 823 1114 850 causam
1146 808 1380 865 amplexus,
1407 823 1565 864 pauco-

128 883 221 909 rum
246 869 535 910 immoderatae
557 867 720 909 libidini
742 881 998 923 repugnans,
1019 880 1143 906 mane
1163 875 1354 907 mortuus
1380 866 1421 906 in
1454 865 1565 906 lecto

127 933 191 965 est
219 925 423 966 inventus.
445 938 520 966 nec
550 925 686 966 abfuit
715 923 916 979 suspicio,
937 923 1038 979 quin
1065 923 1117 963 ab
1147 937 1291 972 uxore,
1312 936 1405 978 quae
1429 923 1563 963 Grac-

127 981 306 1023 chorum
343 996 463 1022 soror
500 981 594 1032 fuit,
625 981 914 1022 interfectores
954 989 1093 1020 essent
1133 979 1322 1020 immissi.
1382 978 1564 1020 Metello

125 1047 267 1079 autem
299 1038 548 1088 Numidico,
580 1038 750 1079 homine
781 1037 971 1077 omnium
1007 1036 1256 1086 clarissimo,
1281 1049 1328 1076 ac
1358 1046 1561 1091 praestan-

125 1095 305 1145 tissimo,
336 1095 437 1151 quid
469 1095 690 1136 miserius?
739 1094 825 1149 qui,
857 1107 908 1134 ne
937 1093 979 1134 in
1010 1093 1150 1148 legem
1183 1092 1462 1148 perniciosam
1486 1092 1560 1148 ju—

124 1161 247 1202 raret,
278 1152 320 1192 in
360 1151 551 1193 exsilium
588 1152 701 1192 abire
734 1151 788 1191 sit
823 1158 1010 1191 coactus.
1044 1151 1178 1190 fateor
1211 1149 1417 1204 profecto,
1452 1149 1562 1190 inter

123 1208 266 1249 omnia
286 1208 418 1249 exsilii
444 1222 613 1264 genera,
634 1218 759 1263 atque
785 1221 931 1247 omnes
959 1206 1223 1247 miseriarum
1248 1219 1396 1246 causas
1425 1206 1558 1246 maxi-

122 1278 191 1305 me
227 1265 450 1306 honestam
491 1264 710 1306 Numidici
741 1264 868 1305 fuisse
899 1263 1213 1311 conditionem3
1256 1263 1326 1303 cui
1356 1263 1558 1318 probitas,

119 1320 354 1377 integritas,
385 1322 426 1362 in
458 1321 636 1377 patriam
667 1320 830 1371 caritas,
859 1319 1109 1361 calamitatis
1140 1333 1308 1360 causam
1341 1319 1556 1361 attulerit':

120 1377 194 1418 sed
236 1388 378 1420 tamen
413 1377 630 1419 fatendum
664 1387 741 1427 est,
773 1376 1060 1432 gravissimam
1098 1376 1225 1416 fuisse
1257 1375 1556 1426 calamitatem,

117 1433 219 1489 pelli
260 1434 408 1490 patria,
437 1434 556 1475 avelli
586 1449 609 1475 a
637 1433 735 1484 suis,
765 1435 973 1474 bonorum
1006 1433 1300 1488 direptionem,
1325 1432 1556 1474 liberorum

118 1491 202 1531 sive
242 1491 500 1540 moestitiam,
531 1491 614 1531 sive
649 1504 880 1530 aerumnam
912 1490 1065 1530 videre.
1125 1490 1192 1529 M.
1233 1490 1463 1543 Regulum,
1499 1488 1553 1530 C.

116 1547 321 1598 Marium,
353 1549 401 1588 L.
438 1548 634 1596 Brutum,
665 1547 721 1587 ob
762 1546 1019 1587 liberandam
1060 1546 1238 1601 patriam
1269 1545 1554 1595 interfectum,

115 1613 333 1659 praetereo.
366 1603 497 1645 nolim
530 1604 571 1644 in
604 1604 652 1644 iis
678 1602 1062 1644 commemorandis
1094 1602 1245 1643 nimius
1272 1602 1414 1652 videri,
1446 1617 1554 1658 quo-

114 1675 207 1701 rum
229 1661 363 1702 exitus
394 1674 520 1701 nemo
538 1669 615 1711 est,
635 1660 736 1715 quin
763 1674 815 1700 ex
842 1659 975 1710 libris,
995 1659 1268 1714 imaginibus,
1291 1659 1404 1699 fama
1433 1658 1552 1700 deni-

114 1731 197 1772 que
218 1716 378 1772 vulgari
397 1718 487 1773 jam
518 1716 725 1757 didicerit.
745 1731 838 1771 quae
861 1731 958 1756 cum
986 1716 1136 1766 multa,
1161 1715 1425 1771 maximeque
1452 1729 1551 1771 gra-

114 1773 178 1814 via
207 1774 318 1815 sint:
360 1773 651 1829 gravissimum
685 1782 823 1813 tamen
857 1772 959 1813 illud
1001 1772 1127 1813 debet
1157 1771 1298 1822 videri,
1327 1772 1442 1827 quod
1473 1772 1552 1813 ho-

112 1829 225 1871 mine
253 1830 494 1871 ambitionis
519 1829 692 1870 vinculis
722 1829 896 1880 irretito,
924 1829 1079 1885 quique
1105 1844 1128 1869 e
1157 1828 1430 1884 popularibus
1461 1829 1549 1870 suf-

109 1886 255 1943 fragiis
282 1896 396 1928 totus
417 1885 612 1942 pendeat,
634 1885 734 1926 nihil
760 1900 935 1941 usquam
967 1885 1172 1926 infelicius
1200 1885 1370 1941 reperiri
1395 1894 1548 1940 potest.

111 1951 294 1998 quantus
329 1944 369 1984 in
412 1957 463 1983 eo
502 1943 644 1992 timor,
676 1952 831 1998 quanta
869 1943 1093 1990 dubitatio,
1134 1951 1314 1997 quantus
1356 1952 1551 1993 conatus,

112 2011 270 2055 quanta
302 1999 579 2042 sollicitudo?
612 2008 661 2040 ut
694 1999 851 2039 nullam
883 1999 942 2039 illi
971 2014 995 2040 a
1031 1999 1225 2039 molestia
1250 2013 1423 2039 vacuam
1456 2013 1548 2039 esse

109 2056 273 2107 horam,
300 2071 382 2097 non
416 2057 629 2097 immerito
655 2055 855 2111 suspicari
885 2056 1108 2111 possimus.
1141 2070 1237 2096 nam
1268 2056 1301 2096 si
1332 2056 1547 2096 servientis

108 2126 158 2153 ea
187 2124 250 2154 est
279 2113 483 2164 conditio,
513 2122 560 2153 ut
590 2127 639 2153 ex
675 2112 780 2168 ejuS,
811 2113 879 2153 eui
912 2113 1050 2163 servit,
1082 2112 1284 2163 moribus,
1316 2112 1545 2162 voluntate,

107 2168 281 2226 ingenio
309 2170 521 2225 propriam
551 2169 629 2210 sibi
649 2169 863 2210 fortunam
895 2169 1055 2224 fingat:
1087 2169 1158 2224 qui
1189 2168 1350 2224 populo
1382 2169 1545 2219 serviet,

106 2226 241 2278 avido,
263 2226 418 2277 invido,
444 2226 608 2281 ignaro,
636 2225 689 2266 ad
720 2225 1000 2267 mutationem
1031 2226 1219 2281 proclivi,
1243 2235 1299 2274 et,
1327 2225 1443 2281 quod
1473 2240 1544 2266 ca-

107 2292 184 2337 put
205 2293 283 2334 est,
303 2283 486 2338 ingrato,
509 2297 608 2323 num
631 2282 858 2338 aliquando
879 2282 1027 2323 beatus
1047 2296 1138 2323 esse
1164 2282 1318 2337 poterit
1337 2284 1350 2323 ?
1382 2297 1435 2322 an
1466 2296 1542 2337 po-

103 2339 204 2388 tius,
234 2341 399 2395 quoties
428 2339 481 2380 de
511 2339 602 2395 ejus
629 2347 777 2380 natura
804 2339 1028 2395 cogitabit,
1053 2339 1180 2380 toties
1209 2353 1328 2380 suam
1353 2338 1442 2393 ipse
1473 2352 1543 2379 ca-

101 2395 351 2446 lamitatem,
371 2410 419 2437 ac
446 2396 660 2438 fortunam
681 2397 990 2452 conqueretur?
1024 2395 1223 2452 praeclare
1244 2408 1360 2436 vetus
1388 2400 1540 2451 poeta:

207 2487 360 2525 AEterno
377 2487 517 2524 mixtam
536 2487 627 2524 luctu
646 2485 841 2524 mortalibus
859 2486 971 2523 vitam

213 2541 303 2578 Olim
321 2541 489 2578 constituit
507 2540 627 2579 divum
642 2550 756 2592 pater,
775 2548 879 2592 atque
897 2540 1062 2577 hominum
1082 2553 1154 2577 rex.

102 2623 250 2680 Itaque
280 2623 482 2680 quamdiu
515 2623 594 2664 hac
630 2623 724 2665 luce
755 2623 928 2672 utimur,
960 2622 1090 2662 vivere
1127 2620 1297 2677 quidem
1334 2619 1537 2672 videmur,

99 2679 175 2722 sed
203 2679 337 2721 verius
368 2679 534 2722 assidue
563 2680 782 2731 morimur,
804 2687 876 2720 aut
908 2677 1056 2719 saltem
1078 2678 1203 2718 vitam
1228 2677 1354 2718 verbo
1384 2677 1537 2718 retine-

97 2752 208 2787 mus,
238 2751 283 2778 re
313 2736 403 2792 ipsa
431 2737 663 2778 amisimus.
720 2735 928 2793 Equidem
963 2749 1046 2775 non
1077 2735 1211 2782 video,
1243 2732 1344 2789 quid
1373 2734 1415 2774 in
1456 2733 1534 2775 ho-

98 2793 223 2835 minis
244 2794 327 2835 vita
345 2792 465 2835 valde
485 2793 734 2849 optandum,
755 2802 829 2834 aut
853 2791 953 2833 felix
980 2806 1070 2832 esse
1098 2790 1246 2846 possit.
1272 2790 1430 2831 multos
1454 2805 1534 2846 po-

98 2851 195 2902 tius,
215 2865 268 2893 ne
289 2851 329 2893 in
357 2851 532 2906 majora,
552 2865 679 2909 quam
709 2865 803 2906 quae
832 2849 1019 2889 humana
1049 2847 1316 2888 consuetudo
1344 2847 1554 2902 quotidie)

843 2919 866 2960 3
893 2919 920 2946 R
947 2917 969 2947 2
