1844 3202
621 150 701 187 DE
739 148 1043 188 AMICITIA.
1463 124 1541 188 sas

113 270 238 315 quarn
269 258 489 315 insipiente
513 256 726 299 fortunato
753 255 1056 297 intolerabilius
1079 254 1164 296 fieri
1186 262 1342 310 potest.
1402 262 1440 292 ³7
1456 254 1541 297 At-

112 331 193 371 que
224 316 305 357 hoc
341 315 510 371 quidem
540 314 675 355 videre
706 313 818 364 licet,
837 327 922 363 eos,
942 311 1014 368 qui
1046 320 1166 352 antea
1194 310 1430 352 commodis
1450 312 1542 353 fue·

113 386 160 413 ru
173 382 216 412 nt
237 373 424 413 moribus
442 387 453 421 ;
484 371 674 425 imperio,
696 379 914 425 potestate,
936 368 1145 423 prosperis
1165 368 1289 408 rebus
1309 367 1536 417 immutari,

112 430 332 484 spernique
363 428 415 467 ab
443 427 491 467 iis
522 436 678 468 veteres
699 426 917 476 amicitias,
939 432 979 456 ³8
996 424 1204 480 indulgeri
1232 423 1361 464 noxis.
1465 424 1537 465 uid
1549 431 1597 463 55

111 498 249 526 autem
285 483 469 533 stultius,
505 497 647 538 quam,
678 497 774 524 cum
808 482 1038 538 plurimum
1072 481 1218 536 copiiS,
1252 479 1440 521 facultati
1476 494 1539 530 us,

109 541 259 596 opibus
287 540 463 594 possint,
491 549 627 580 cetera
656 553 815 594 parare,
836 553 929 594 quae
958 547 1155 593 parantur
1181 536 1371 592 pecunia,
1392 550 1538 591 equos,

110 595 306 645 famulos,
328 605 480 636 vestem
502 597 734 652 egregiam,
754 609 846 636 vasa
866 595 1066 650 pretiosa:
1096 593 1254 634 amicos
1277 607 1360 633 non
1380 606 1538 647 parare,

108 653 311 708 optimam
335 664 377 693 et
397 652 691 707 pulcerrimam
715 652 821 702 vitae,
843 661 888 692 ut
915 651 974 692 ita
1002 650 1155 700 dicam,
1175 648 1504 704 suppellectilem
1523 650 1537 689 ?

109 709 263 750 etenim
297 718 436 749 cetera
468 723 563 749 cum
596 718 757 764 parant,
788 708 856 748 cui
886 715 1047 762 parent,
1077 706 1282 756 nesciunt,
1313 719 1388 746 nec
1419 704 1539 760 cujus

109 780 235 806 causa
255 765 458 806 laborent.
491 772 531 798 39
545 764 637 820 ejus
657 764 765 805 enim
797 773 860 805 est
889 765 1067 804 istorum
1089 762 1302 818 quodque,
1324 761 1395 818 qui
1414 761 1540 802 vincit

108 821 292 863 viribus:
323 821 604 862 amicitiarum
635 836 709 862 sua
739 820 891 876 cuique
920 828 1139 875 permanet
1171 818 1346 868 stabilis,
1365 827 1406 859 et
1427 827 1541 859 certa

107 878 343 934 possessio:
379 885 438 927 ut,
470 878 596 918 etiam
629 878 662 918 si
693 877 764 918 illa
792 885 1002 927 maneant,
1033 891 1126 931 quae
1158 885 1254 916 sunt
1283 875 1401 930 quasi
1431 874 1542 915 dona

109 935 305 985 fortunae,
328 944 468 975 tamen
490 934 571 975 vita
591 933 762 984 inculta,
787 944 830 974 et
849 934 1012 974 deserta
1039 932 1093 973 ab
1123 931 1283 983 amicis,
1305 946 1388 972 non
1408 931 1541 989 possit
1604 959 1611 970 -.

109 1005 199 1033 esse
214 990 418 1046 jucunda.
479 991 561 1031 Sed
585 990 675 1031 haec
695 990 910 1031 hactenus.
1602 985 1606 988 ⁶

156 1046 453 1088 Constituendi
472 1056 614 1087 autem
633 1056 744 1095 sunt,
764 1047 835 1102 qui
856 1047 938 1088 sint
957 1047 998 1086 in
1019 1045 1205 1086 amicitia
1225 1044 1340 1095 fines,
1359 1052 1402 1085 et
1423 1043 1541 1100 quasi
1559 1035 1624 1088 16

108 1104 272 1145 termini
293 1103 522 1159 diligendi:
553 1103 604 1144 de
625 1103 778 1159 quibus
799 1112 881 1144 tres
902 1102 1021 1143 video
1043 1102 1269 1143 sententias
1290 1101 1386 1142 ferri
1397 1116 1410 1152 3
1437 1115 1539 1156 qua·
1552 1109 1607 1148 56

108 1175 201 1201 rum
233 1160 391 1201 nullam
425 1160 588 1215 probo:
634 1174 775 1210 unam,
810 1170 855 1200 ut
886 1159 1034 1200 eodem
1072 1158 1203 1200 modo
1231 1172 1332 1213 erga
1358 1156 1541 1198 amicum

108 1216 247 1257 affecti
286 1217 433 1266 simus,
469 1231 555 1272 quo
588 1230 690 1271 erga
730 1217 1040 1272 nosmetipsos:
1090 1215 1279 1264 alteram,
1316 1222 1365 1255 ut
1401 1221 1544 1254 nostra

108 1273 151 1314 in
172 1272 329 1314 amicos
352 1273 654 1323 benevolentia,
672 1272 839 1313 illorum
868 1287 969 1328 erga
997 1287 1072 1313 nos
1101 1270 1402 1313 benevolentiae
1430 1269 1543 1325 pari-

110 1337 174 1370 ter
195 1329 493 1385 aequaliterque
513 1329 790 1384 respondeat:
822 1330 1004 1379 tertiam,
1028 1337 1090 1379 ut,
1111 1328 1255 1384 quanti
1277 1327 1456 1383 quisque
1476 1341 1542 1367 se·-

109 1385 196 1441 ipse
222 1386 336 1435 facit,
357 1386 461 1426 tanti
488 1386 560 1426 fiat
586 1386 639 1426 ab
666 1385 825 1426 amicis.
886 1386 1051 1426 Harum
1081 1386 1208 1426 trium
1239 1383 1539 1425 sententiarum
1551 1398 1582 1429 p.
1600 1394 1669 1425 107-

108 1441 212 1483 nulli
249 1456 419 1497 prorsus
455 1443 670 1483 assentior.
715 1457 791 1483 nec
826 1442 936 1482 enim
972 1442 1044 1482 illa
1073 1441 1211 1497 prima
1242 1455 1338 1482 vera
1368 1447 1445 1491 est,
1479 1441 1621 1490 ut,³·“'

140 1498 469 1539 uemadmodum
499 1498 541 1539 in
573 1513 615 1540 se
637 1498 829 1555 quisque,
859 1499 917 1539 sic
950 1498 990 1539 in
1021 1498 1206 1539 amicum
1236 1497 1289 1538 sit
1319 1495 1541 1537 animatus.

109 1512 252 1611 {uam
279 1555 415 1596 multa
441 1555 568 1603 enim,
588 1570 682 1611 quae
710 1565 854 1596 nostra
880 1569 1006 1596 causa
1034 1567 1267 1609 numquam
1297 1553 1545 1604 faceremus,

107 1611 284 1652 facimus
320 1625 448 1653 causa
478 1613 741 1653 amicorum?
781 1611 939 1667 precari
973 1612 1026 1652 ab
1060 1611 1251 1666 indigno,
1281 1609 1556 1665 supplicare3.

108 1677 201 1709 tum
231 1668 422 1709 acerbius
452 1668 496 1709 in
525 1668 706 1724 aliquem
739 1667 889 1719 invehi,
919 1668 1198 1723 insectarique
1228 1665 1543 1710 vehementius:

108 1738 204 1779 quae
239 1725 280 1765 in
311 1724 464 1765 nostris
493 1725 618 1766 rebus
649 1739 733 1765 non
765 1725 863 1765 satis
892 1723 1083 1774 honeste,
1105 1724 1148 1764 in
1173 1723 1409 1764 amicorum
1440 1721 1546 1763 fiunt

109 1779 434 1821 honestissime:
465 1781 696 1836 multaeque
717 1795 779 1822 res
801 1789 911 1830 sunt,
931 1781 972 1821 in
994 1781 1147 1837 quibus
1170 1780 1222 1820 de
1243 1779 1328 1821 suis
1349 1792 1544 1821 commo-

109 1836 172 1877 dis
202 1837 275 1878 viri
305 1837 405 1878 boni
443 1837 578 1878 multa
608 1837 847 1888 detrahunt,
879 1837 1124 1892 detrahique
1153 1836 1385 1892 patiuntur,
1414 1843 1462 1877 ut
1493 1835 1543 1876 iis

107 1892 235 1935 amici
255 1893 412 1949 potiUS,
434 1907 562 1949 quam
582 1893 674 1948 ipsi,
696 1894 901 1935 fruantur.
960 1894 1107 1935 Altera
1125 1893 1333 1934 sententia
1349 1900 1427 1942 est,
1476 1906 1542 1932 uae
1555 1903 1608 1936 58

109 1949 256 1991 definit
276 1950 504 1990 amicitiam
525 1950 696 2005 paribus
716 1950 862 1991 officiis
883 1964 931 1991 ac
951 1950 1251 1992 voluntatibus.
1272 1948 1354 1990 hoc
1372 1949 1443 2004 qui
1475 1962 1543 1989 em

108 2015 173 2047 est
194 2006 316 2047 nimis
337 2007 489 2061 exigue
502 2016 554 2047 ,et
581 2006 741 2047 exiliter
769 2006 822 2048 ad
850 2007 1034 2049 calculos
1060 2020 1208 2047 vocare
1233 2004 1476 2055 amicitiam,
1496 2012 1544 2045 ut

109 2071 184 2118 par
205 2062 259 2103 sit
278 2063 384 2104 ratio
406 2072 675 2118 acceptorum
695 2072 737 2104 et
758 2063 968 2105 datorum.
1017 2063 1160 2106 Ditior
1181 2062 1287 2104 mihi
1304 2070 1348 2104 et
1367 2059 1542 2103 affluen-

108 2119 192 2160 tior
221 2119 384 2161 videtur
413 2133 503 2160 esse
532 2133 627 2161 vera
657 2120 869 2162 amicitia:
907 2134 982 2162 nec
1012 2120 1231 2161 observare
1259 2118 1462 2168 restricte,
1493 2131 1546 2159 ne

109 2175 204 2231 plus
226 2175 390 2226 reddat,
411 2190 536 2232 quam
568 2176 791 2232 acceperit.
823 2191 960 2235 neque
992 2176 1104 2217 enim
1135 2175 1362 2217 verendum
1393 2183 1471 2224 est,
1493 2187 1546 2215 ne

109 2231 211 2287 quid
232 2231 411 2283 excidat,
431 2240 504 2273 aut
525 2247 576 2273 ne
598 2232 698 2288 quid
714 2232 756 2274 in
777 2241 928 2274 terram
950 2233 1118 2283 defluat,
1141 2241 1215 2278 aut
1236 2246 1288 2272 ne
1308 2231 1404 2287 plus
1422 2245 1545 2286 aequo

111 2288 212 2343 quid
239 2289 280 2329 in
308 2288 537 2330 amicitiam
566 2299 834 2345 congeratur.
892 2289 1058 2332 Tertius
1080 2303 1176 2333 vero
1201 2288 1272 2330 ille
1292 2288 1384 2329 finis
1405 2287 1545 2329 deter-
1556 2297 1608 2340 59

111 2344 259 2394 rimus,
279 2354 342 2397 ut,
362 2345 507 2401 quanti
526 2345 703 2401 quisque
729 2360 774 2387 se
801 2346 890 2402 ipse
919 2345 1061 2397 faciat,
1081 2345 1187 2387 tanti
1209 2344 1281 2386 fiat
1307 2344 1360 2386 ab
1386 2343 1545 2391 amicis.

112 2415 225 2456 saepe
253 2400 363 2442 enim
399 2402 440 2442 in
472 2402 724 2458 quibusdam
752 2412 825 2444 aut
853 2402 1018 2444 animus
1036 2400 1241 2467 abjectior
1257 2409 1335 2452 est,
1357 2408 1431 2443 aut
1451 2415 1548 2456 spes

112 2457 418 2512 amplificandae
444 2458 626 2500 fortunae
654 2458 840 2500 fractior.
876 2474 962 2500 non
992 2467 1057 2500 est
1084 2459 1216 2515 lgitur
1246 2457 1388 2509 amici,
1418 2457 1547 2499 talem

112 2527 203 2555 esse
224 2513 264 2554 in
287 2528 401 2564 eum,
422 2515 554 2569 qualis
582 2514 653 2557 ille
681 2515 723 2556 in
752 2530 795 2557 se
823 2524 889 2557 est
910 2533 920 2557 ε
951 2515 1024 2557 sed
1046 2515 1190 2571 potius
1208 2523 1250 2548 40
1262 2514 1382 2565 eniti,
1400 2523 1443 2555 et
1463 2513 1567 2567 effiv„

111 2583 220 2622 cere,
244 2578 294 2611 ut
323 2570 448 2611 amici
472 2571 688 2628 jacentem
715 2572 904 2614 animum
932 2572 1101 2623 excitet,
1129 2571 1385 2627 inducatque
1415 2583 1550 2626 spem,

156 2708 194 2738 37
219 2702 317 2746 Atque
338 2702 387 2732 hoc
407 2701 521 2744 quidem
538 2700 639 2732 videre
653 2703 733 2741 licet,
749 2703 806 2743 eos]
853 2706 948 2736 Rom.
965 2705 1029 2736 Ms.
1045 2704 1143 2736 Goth.

114 2745 164 2774 hoc
193 2755 258 2776 non
289 2752 390 2786 potest
416 2754 482 2776 esse
510 2755 634 2776 verum.
678 2747 810 2786 Conjeci
897 2754 937 2780 39
953 2747 1013 2787 ejus
1028 2758 1053 2778 e.
1068 2754 1109 2777 est
1123 2747 1241 2776 istorum
1255 2741 1400 2787 quodque]
1415 2743 1468 2774 Sic
1482 2743 1551 2774 sine

115 2787 192 2824 53²?ss-
854 2791 952 2821 dubio
976 2790 1087 2821 Cicero
1105 2789 1239 2828 scripsit,
1262 2796 1327 2817 non
1348 2785 1475 2828 quidque
1494 2792 1552 2822 aut

159 2836 199 2861 38
223 2830 371 2870 indulgere
384 2828 484 2871 novis]
504 2830 631 2861 Correxi
647 2830 791 2873 indulgeri
801 2843 811 2861 .·
855 2832 997 2875 quicquid
1008 2839 1046 2867 ut
1059 2840 1107 2864 est
1122 2833 1155 2862 in
1169 2832 1218 2861 ed.
1235 2831 1331 2860 Rom.

113 2874 200 2914 quod
214 2874 431 2906 antecedentia
443 2873 605 2915 postulant
615 2881 646 2905 et
657 2875 752 2906 habet
763 2876 812 2907 ed.
897 2883 939 2906 40
960 2874 1031 2904 eniti
1046 2882 1073 2905 et
1088 2872 1210 2916 ffcere]
1225 2872 1341 2905 Malim
1358 2871 1423 2903 niti⁴

882 2929 1009 2972 31³3
