1844 3202
611 123 1006 164 FRAGMENTA.
1450 137 1524 171 885

155 234 227 277 Ne
254 248 298 276 se
321 231 412 291 jam
441 240 534 275 tum
564 232 759 289 respexit,
779 246 876 274 cum
906 232 1160 289 gravissimis
1183 234 1327 276 vestris
1348 235 1525 282 decretis

99 290 248 332 absens
266 300 435 333 notatus
455 298 532 331 est.

156 349 203 388 In
219 347 390 403 judiciis
411 353 568 410 quanta
598 345 656 386 vis
682 354 806 397 esset,
826 343 972 387 didicit
997 359 1094 386 cum
1114 354 1179 387 est
1199 347 1417 391 absolutus
1436 369 1445 393 :
1476 352 1528 404 si,

96 412 170 445 aut
192 404 293 445 illud
306 403 530 460 judicium,
552 411 624 443 aut
644 401 715 443 illa
735 401 947 444 absolutio
967 402 1224 443 nominanda
1240 412 1317 444 est.

155 460 360 515 Populum
391 472 503 511 ver0,
534 473 632 500 cum
658 459 917 514 inspectante
937 458 1097 514 populo
1115 459 1275 501 collum
1295 461 1429 503 secuit
1448 462 1526 504 ho-

96 515 219 558 minis
241 515 423 556 maxime
443 515 672 571 popularis,
693 516 838 572 quanti
859 515 1029 566 faceret,
1047 515 1244 558 ostendit.

151 572 244 623 Me,
265 587 348 627 qua
368 572 551 613 amentia
569 571 765 614 inductus
785 580 863 623 est,
884 580 932 613 ut
951 580 1254 623 contemneret,
1271 573 1525 616 constituere

95 642 179 669 non
200 642 388 684 possum,
408 637 550 670 utrum
573 644 606 669 ae
639 643 696 670 uo
712 628 854 670 animo
873 628 1058 669 laturum
1089 629 1282 684 putavit?
1314 645 1366 670 an
1387 630 1428 672 in
1448 646 1525 674 suo

93 685 419 726 familiarissimo
450 701 534 727 non
562 685 600 727 vi
631 695 734 737 erat,
763 699 833 726 me
862 700 913 726 ne
943 684 1121 726 aliorum
1151 685 1324 742 quidem
1354 687 1526 743 injurias

93 740 360 783 mediocriter
378 755 501 797 posse
520 742 626 783 ferre
643 743 657 782 ?

150 798 290 849 Alter,
321 812 472 853 pecore
493 799 610 839 omni
627 797 811 848 vendito,
831 804 874 838 et
894 796 1068 838 saltibus
1088 812 1219 854 prope
1239 798 1431 852 addictis,
1449 815 1525 857 pa-

93 861 228 896 stores
257 855 424 905 retinet,
452 869 503 896 ex
531 854 700 911 quibus,
719 854 791 906 ait,
809 869 869 906 se,
889 868 988 895 cum
1018 855 1130 907 velit,
1151 855 1292 897 subito
1321 857 1525 913 fugitivo-

92 925 188 952 rum
209 911 369 953 bellum
393 911 685 953 excitaturum.

150 967 273 1009 Alter
304 967 467 1009 induxit
495 982 607 1019 eum,
639 982 763 1024 quem
796 968 951 1023 potuit,
981 975 1029 1009 ut
1059 976 1227 1024 repente
1252 969 1524 1025 gladiatores,

93 1024 254 1079 populo
276 1039 360 1066 non
380 1024 559 1076 debitos,
578 1025 863 1080 polliceretur,
892 1039 998 1080 quos
1023 1025 1111 1080 ipse
1130 1026 1359 1067 consularis
1380 1029 1524 1070 candi-

93 1079 216 1121 datus
237 1082 458 1137 perspexit,
479 1089 521 1122 et
549 1082 669 1138 legit,
690 1089 733 1123 et
759 1081 861 1122 emit
880 1097 888 1122 :
919 1091 1124 1137 praesente
1151 1082 1310 1138 populo
1331 1084 1523 1127 Romano

92 1136 252 1178 factum
270 1147 346 1179 est.

149 1193 442 1235 Quamobrem
462 1207 617 1250 augere
641 1193 766 1234 etiam
797 1192 1011 1235 mercedes
1032 1194 1066 1235 si
1087 1194 1224 1245 vultis,
1246 1196 1301 1252 Q.
1324 1197 1520 1239 Mucium

91 1259 315 1291 conantem
338 1250 479 1306 legem
509 1249 727 1305 impedire,
748 1258 794 1291 ut
813 1250 943 1305 coepit
962 1260 1144 1301 senatus,
1164 1253 1357 1293 consules
1377 1254 1521 1309 prohi-

91 1305 206 1357 bere,
225 1306 298 1348 sed
323 1321 405 1363 ego
436 1321 486 1348 ea
515 1306 611 1361 lege
633 1316 853 1349 contentus
876 1322 984 1357 sum,
1005 1322 1090 1363 qua
1108 1307 1214 1350 duos
1235 1310 1426 1351 consules
1447 1311 1520 1352 de-

90 1361 281 1418 signatos
302 1378 388 1405 uno
409 1372 600 1419 tempore
621 1363 807 1404 damnari
829 1363 1018 1404 vidimus.

146 1419 291 1475 Atque
320 1429 369 1461 ut
398 1420 526 1461 istum
556 1420 766 1471 omittam,
787 1420 830 1461 in
857 1419 1041 1461 exercitu
1072 1420 1245 1462 Sullano
1265 1421 1522 1476 praedonem,

88 1475 131 1518 in
151 1476 326 1518 introitu
345 1476 637 1533 gladiatorem,
656 1477 698 1518 in
718 1477 891 1518 victoria
910 1476 1240 1532 quadrigarium.

146 1532 208 1574 Te
236 1547 347 1584 vero,
380 1533 575 1584 Catilina,
605 1534 872 1574 consulatum
903 1547 1083 1588 sperare,
1102 1543 1176 1575 aut
1205 1535 1406 1590 cogitare,
1436 1551 1521 1578 non

88 1588 333 1645 prodigium
354 1598 480 1646 atque
496 1598 739 1645 portentum
759 1591 851 1630 est?
883 1604 909 1630 a
928 1589 1081 1645 quibus
1101 1591 1214 1631 enim
1234 1591 1342 1646 petis
1360 1594 1373 1632 ?
1406 1592 1520 1649 prin-

88 1645 254 1700 cipibus
280 1646 486 1687 civitatis?
519 1646 592 1702 qui
616 1646 709 1696 tibi,
738 1660 838 1687 cum
866 1647 917 1686 L.
937 1645 1158 1687 Volcatius
1183 1648 1334 1688 consul
1354 1649 1396 1690 in
1418 1664 1520 1691 con-

88 1701 183 1743 silio
202 1702 366 1753 fuisset,
388 1717 439 1744 ne
460 1701 630 1758 petendi
650 1702 821 1757 quidem
842 1710 1096 1757 potestatem
1117 1718 1207 1744 esse
1226 1704 1463 1747 voluerunt.

145 1757 189 1799 A
208 1759 495 1800 senatoribus?
523 1759 596 1814 qui
616 1768 657 1799 te
675 1758 924 1800 auctoritate
945 1773 1033 1809 sua,
1050 1760 1276 1815 spoliatum
1299 1775 1522 1804 ornamen-

89 1813 142 1855 tis
163 1815 375 1867 omnibus,
395 1816 579 1857 vinctum
598 1829 718 1869 paene
739 1815 950 1856 Africanis
970 1816 1206 1858 oratoribus
1225 1817 1501 1861 tradiderunt.

144 1870 218 1912 Ab
236 1873 421 1928 equestri
441 1871 588 1914 ordine
605 1873 619 1912 ?
652 1885 777 1928 quem
798 1871 1029 1913 trucidasti.
1412 1881 1422 1890 ⁴

143 1928 186 1969 A
215 1928 370 1983 plebe?
403 1928 472 1970 cui
502 1927 791 1984 spectaculum
821 1928 1030 1984 ejusmodi
1060 1936 1134 1970 tua
1162 1928 1386 1972 crudelitas
1410 1945 1518 1987 prae-

88 1983 197 2035 buit,
232 1994 281 2026 ut
319 2000 444 2027 nemo
480 1985 568 2026 sine
605 1985 724 2026 luctu
759 1986 956 2041 aspicere,
997 1985 1084 2026 sine
1115 1985 1280 2040 gemitu
1311 1988 1519 2032 recordari

88 2050 247 2097 posset.

144 2096 262 2153 Quid
280 2106 328 2139 tu
348 2106 469 2153 potes
498 2097 541 2138 in
562 2096 803 2139 defensione
833 2105 906 2138 tua
930 2096 1081 2148 dicere,
1104 2097 1221 2153 quod
1249 2098 1308 2140 illi
1331 2115 1382 2141 ne
1402 2101 1520 2144 dixe-

89 2163 187 2195 runt
208 2155 222 2194 ?
255 2168 349 2209 quae
369 2154 446 2194 tibi
471 2153 612 2195 dicere
633 2168 718 2195 non
738 2153 895 2195 licebit.
956 2154 1017 2194 Et
1032 2154 1160 2208 paulo
1175 2163 1294 2209 post.-
1325 2158 1521 2214 Denique

88 2209 149 2251 illi
181 2225 335 2266 negare
364 2218 606 2265 potuerunt,
639 2219 682 2251 et
715 2219 998 2266 negaverunt:
1027 2219 1074 2251 tu
1107 2212 1186 2253 tibi
1225 2226 1277 2253 ne
1309 2212 1521 2257 inficiandi

89 2266 259 2322 quidem
289 2266 561 2322 impudentiae
592 2267 736 2308 locum
756 2267 974 2322 reliquisti.
997 2282 1125 2322 quare
1156 2269 1357 2323 praeclara
1377 2270 1520 2312 dieen-

88 2331 159 2364 tur
180 2322 343 2379 judicia
369 2323 528 2375 tulisse,
558 2324 606 2374 si,
639 2323 711 2379 qui
742 2323 996 2364 inficiantem
1028 2324 1231 2366 Luscium
1263 2325 1520 2369 condemna-

87 2389 201 2430 runt,
219 2379 444 2421 Catilinam
464 2380 714 2422 absolverint
728 2380 1013 2421 confitentem.

149 2436 191 2477 Is
211 2451 315 2492 ergo
331 2445 472 2492 negat,
490 2452 533 2478 se
559 2431 754 2492 ignarum
773 2451 888 2478 esse:
920 2452 1017 2478 cum
1039 2437 1166 2478 etiam
1192 2438 1268 2489 illi,
1298 2438 1517 2495 imperitos

89 2507 135 2535 se
156 2493 349 2534 homines
367 2507 471 2543 esse,
492 2504 549 2546 et,
576 2494 611 2535 si
630 2508 757 2549 quem
784 2493 909 2534 etiam
938 2494 1256 2546 interfecissent,
1276 2495 1519 2551 imperatori

91 2563 141 2591 ac
163 2549 357 2590 dictatori
375 2550 560 2604 paruisse
581 2550 781 2592 dicerent.
800 2565 849 2591 ac
881 2565 1036 2606 negare
1054 2565 1224 2608 quoque
1250 2565 1400 2607 posse:
1434 2555 1518 2594 Ca·-

90 2605 254 2648 tilinam
276 2619 372 2646 vero
392 2606 561 2648 inficiari
577 2622 661 2648 non
682 2621 819 2662 posse.

146 2663 271 2703 Hanc
289 2671 337 2703 tu
355 2661 483 2703 habes
503 2663 768 2719 dignitatem,
784 2677 867 2718 qua
887 2663 1018 2705 fretus
1037 2678 1108 2705 me
1128 2664 1363 2705 contemnis
1381 2672 1422 2705 et
1442 2664 1517 2706 de-

91 2718 247 2774 spicis?
281 2733 333 2760 an
361 2733 468 2769 eam,
489 2733 613 2774 quam
645 2720 807 2775 reliqua
833 2719 917 2760 vita
944 2734 988 2760 es
1016 2721 1300 2762 consecutus?
1331 2735 1427 2761 cum
1459 2721 1518 2763 ita

89 2775 241 2826 vixisti,
273 2785 321 2817 ut
346 2789 429 2816 non
456 2784 566 2816 esset
592 2776 712 2818 locus
741 2785 831 2817 tam
863 2785 1046 2827 sanctus,
1078 2791 1164 2832 quo
1199 2790 1283 2817 non
1316 2776 1516 2820 adventus

92 2839 206 2884 tuus,
225 2832 353 2874 etiam
372 2846 472 2874 cum
491 2832 617 2889 culpa
636 2832 752 2875 nulla
770 2832 974 2886 subesset,
993 2832 1152 2878 crimen
1170 2831 1347 2877 afferret.
