1844 3202
255 100 334 138 734
758 97 837 135 DE
874 95 1132 135 OFFICIIS

257 216 322 253 ca,
354 215 448 258 quae
478 204 714 260 gignuntur
740 219 763 245 e
792 213 915 255 terra,
936 211 982 245 ut
1003 205 1083 245 alia
1107 202 1296 259 ejusdem
1317 203 1483 258 generis
1503 220 1512 243 :
1548 212 1583 234 1³
1600 216 1694 257 par-

259 260 336 299 tim
366 260 574 311 animalia,
596 277 691 317 quae
722 261 879 302 habent
905 276 1003 302 suos
1027 261 1225 316 impetus,
1245 270 1288 301 et
1309 274 1445 300 rerum
1466 259 1693 314 appetitus.

259 316 420 357 Eorum
441 327 582 358 autem
603 318 684 359 alia
710 319 881 359 rationis
901 318 1086 372 expertia
1107 325 1218 367 sunt,
1240 316 1322 357 alia
1340 316 1500 357 ratione
1520 314 1694 356 utentia.

258 373 459 428 Expertes
492 375 679 425 rationis,
708 389 730 415 e
764 374 820 424 ui,
855 374 997 424 boves,
1024 373 1194 428 reliquae
1227 371 1426 428 pecudes,
1454 386 1568 428 apes,
1589 385 1693 426 qua-

258 443 354 470 rum
377 443 503 485 opere
524 431 701 471 efficitur
729 389 888 485 aliquid
918 430 971 470 ad
1001 429 1223 470 hominum
1243 444 1381 479 usum,
1403 438 1530 484 atque
1551 428 1695 469 vitam.

259 485 438 527 Ratione
458 495 599 527 autem
624 487 831 528 utentium
852 486 937 527 duo
965 500 1121 541 genera
1148 493 1363 540 ponuntur
1382 503 1390 523 ε
1423 499 1570 534 unum,
1592 484 1696 525 deo-

259 556 381 592 rum3
424 543 618 593 alterum,
659 543 898 584 hominum.
933 542 1036 583 deos
1072 541 1258 597 placatos
1297 541 1429 596 pietas
1468 541 1619 582 efficiet
1652 549 1696 580 et

259 599 483 640 sanctitas:
514 600 705 654 proxime
736 609 894 650 autem,
924 607 967 639 et
997 597 1229 640 secundum
1260 596 1375 648 deos,
1395 597 1586 638 homines
1616 596 1695 637 ho-

199 662 247 694 12
261 655 444 696 minibus
464 657 646 696 maxime
666 656 787 697 utiles
808 670 898 696 esse
918 665 1107 710 possunt.
1166 655 1408 709 Earumque
1428 668 1583 700 rerum,
1601 667 1696 708 quae

258 722 456 763 noceant,
478 723 521 754 et
541 713 697 763 obsint,
717 712 866 754 eadem
888 711 1036 753 divisio
1057 719 1134 752 est.
1194 709 1279 751 Sed
1304 711 1404 766 quia
1423 710 1524 751 deos
1546 723 1697 750 nocere

258 783 344 810 non
376 777 540 824 putant,
570 769 633 810 his
664 770 862 825 exceptis,
889 768 1080 810 homines
1110 767 1355 809 hominibus
1386 767 1535 808 obesse
1566 765 1697 822 pluri-

256 840 394 876 mum,
414 826 682 867 arbitrantur.
703 841 753 867 ea
780 826 894 866 enim
922 826 1025 881 ipsa,
1047 840 1142 881 quae
1173 824 1358 865 inanima
1386 823 1585 873 diximus,
1606 822 1697 877 ple-

256 896 388 937 raque
421 891 519 923 sunt
556 882 778 923 hominum
810 882 946 937 operis
985 883 1149 931 effecta,
1180 896 1274 937 quae
1313 894 1390 921 nec
1430 879 1696 928 haberemus,

258 939 335 979 nisi
354 952 518 988 manus,
538 947 581 978 et
601 954 666 979 ars
687 939 984 979 accessissent:
1018 952 1093 979 nec
1115 937 1179 978 his
1200 938 1288 978 sine
1314 936 1537 978 hominum
1559 935 1696 983 admi÷

256 994 504 1035 nistratione
532 1003 760 1040 uteremur.
788 1009 926 1050 neque
954 993 1065 1035 enim
1087 992 1323 1034 valitudinis
1355 993 1533 1042 curatio,
1561 1006 1695 1047 neque

256 1051 481 1105 navigatio,
501 1066 636 1107 neque
658 1051 932 1106 agricultura,
955 1064 1090 1106 neque
1109 1050 1283 1105 frugum
1304 1049 1606 1104 fructuumque
1632 1062 1696 1089 re-

254 1107 470 1162 liquorum
500 1108 732 1163 perceptio,
755 1117 798 1148 et
827 1106 1102 1157 conservatio,
1131 1106 1218 1147 sine
1247 1105 1471 1146 hominum
1503 1111 1540 1136 ¹⁶
1555 1118 1698 1160 opera,

195 1175 241 1208 13
256 1164 343 1205 ulla
363 1179 455 1205 esse
471 1165 689 1220 potuisset.
747 1165 843 1206 Jam
865 1178 960 1204 vero
980 1173 1023 1205 et
1043 1177 1188 1204 earum
1210 1176 1366 1213 rerum,
1386 1162 1539 1218 quibus
1559 1163 1694 1203 abun-

256 1220 467 1271 daremus,
499 1221 750 1277 exportatio,
782 1230 824 1262 et
857 1234 1018 1271 earum,
1049 1220 1204 1284 quibus
1233 1233 1470 1275 egeremus,
1501 1218 1695 1268 invectio,

256 1288 372 1319 certe
403 1277 518 1318 nulla
553 1287 676 1329 esset,
706 1277 784 1318 nisi
816 1277 880 1318 his
909 1277 1151 1318 muneribus
1183 1275 1375 1317 homines
1408 1276 1697 1330 fungerentur.

256 1334 493 1390 eademque
514 1335 676 1376 ratione
697 1349 774 1376 nec
799 1333 958 1390 lapides
976 1348 999 1375 e
1027 1343 1136 1375 terra
1167 1331 1456 1374 exciderentur
1487 1331 1540 1373 ad
1571 1346 1695 1374 usum

257 1401 452 1433 nostrum
475 1392 697 1433 necessarii
716 1408 725 1432 ε

367 1471 598 1520 Necflnum,
619 1486 680 1516 aes,
699 1485 835 1517 aurum,
858 1481 1049 1521 argentum,
1067 1468 1261 1520 qffbdcretur
1274 1470 1407 1521 penitus
1426 1467 1592 1511 abditum,

211 1557 345 1612 4sine
371 1557 591 1598 hominum
622 1557 779 1608 labore,
805 1566 848 1599 et
879 1572 1019 1598 manu.
1077 1556 1209 1597 Tecta
1227 1570 1339 1606 vero,
1369 1554 1522 1610 quibus
1548 1561 1592 1594 et
1621 1551 1693 1594 fri-

255 1629 409 1670 gorum
433 1613 492 1654 vis
518 1613 758 1669 pelleretur,
780 1623 824 1655 et
847 1615 1036 1655 calorum
1069 1612 1274 1653 molestiae
1306 1611 1564 1662 sedarentur,
1586 1609 1697 1650 unde

257 1680 332 1711 aut
352 1670 472 1711 initio
501 1671 648 1727 generi
679 1670 867 1712 humano
898 1670 986 1711 dari
1016 1669 1266 1725 potuissent,
1286 1676 1360 1709 aut
1379 1677 1529 1724 postea
1548 1667 1697 1708 subve-

258 1727 351 1777 niri,
389 1728 423 1768 si
460 1737 537 1769 aut
567 1728 604 1768 vi
637 1727 915 1783 tempestatis,
950 1735 1024 1768 aut
1061 1734 1182 1766 terrae
1218 1733 1354 1776 motu,
1390 1732 1462 1765 aut
1491 1731 1698 1765 vetustate

213 1784 522 1835 b.eecidissent,
544 1784 623 1826 nisi
653 1784 892 1826 communis
913 1783 995 1825 vita
1019 1783 1073 1823 ab
1104 1781 1347 1823 hominibus
1377 1780 1527 1822 harum
1557 1793 1697 1821 rerum

199 1843 245 1876 14
258 1841 412 1883 auxilia
441 1850 583 1897 petere
613 1840 857 1882 didicisset?
890 1839 1017 1881 Adde
1047 1839 1199 1880 ductus
1229 1853 1448 1894 aquarum,
1479 1836 1701 1879 derivatio·

257 1913 332 1939 nes
353 1899 591 1949 fluminum,
613 1913 817 1954 agrorum
846 1897 1127 1952 irrigationes,
1148 1895 1284 1937 moles
1313 1894 1526 1950 oppositas
1557 1892 1696 1934 flucti-

256 1955 353 2006 bus,
388 1965 536 2011 portus
566 1970 696 1996 manu
736 1955 886 2005 factos,
916 1969 1012 2009 quae
1053 1952 1166 1994 unde
1199 1952 1288 1993 sine
1319 1950 1539 1992 hominum
1571 1963 1699 2004 opera

255 2011 414 2054 habere
446 2013 699 2068 possemus?
745 2025 797 2052 ex
831 2010 999 2067 quibuS,
1035 2009 1267 2065 multisque
1302 2008 1392 2048 aliis
1427 2006 1696 2063 perspicuum

257 2077 336 2119 est,
370 2069 443 2125 qui
482 2069 659 2118 fructus,
690 2082 870 2124 quaeque
899 2066 1101 2108 utilitates
1131 2080 1184 2106 ex
1223 2064 1347 2106 rebus
1378 2064 1441 2114 iis,
1473 2078 1568 2119 quae
1600 2071 1699 2104 sunt

256 2125 468 2176 inanimae,
507 2125 804 2180 percipiantur,
836 2138 905 2165 eas
936 2138 1013 2164 nos
1043 2122 1160 2163 nullo
1191 2120 1321 2162 modo
1353 2120 1440 2160 sine
1474 2119 1696 2160 hominum

256 2196 387 2223 manu
408 2190 535 2238 atque
563 2195 690 2237 opera
708 2195 859 2236 capere
885 2179 1085 2235 potuisse.
1144 2178 1231 2220 Qui
1263 2177 1443 2241 denique
1473 2191 1523 2217 ex
1553 2175 1698 2216 bestiis

257 2239 435 2289 fructus,
459 2249 533 2280 aut
562 2253 656 2294 quae
685 2237 980 2288 commoditas,
1001 2235 1080 2276 nisi
1105 2234 1299 2276 homines
1323 2234 1584 2297 adjuvarent,
1602 2246 1698 2287 per-

257 2295 341 2351 cipi
361 2297 536 2351 posset?
571 2310 668 2336 nam
696 2304 740 2336 et
767 2294 839 2350 qui
871 2293 1079 2349 principes
1112 2290 1342 2332 inveniendi
1362 2293 1548 2339 luerunt,
1571 2302 1718 2344 quem,

257 2366 310 2395 ex
329 2367 495 2408 quaque
515 2351 642 2393 belua
665 2366 791 2392 usum
823 2351 977 2392 habere
1007 2362 1242 2406 possemus,
1265 2346 1455 2388 homines
1478 2354 1590 2387 certe
1606 2345 1698 2385 fue-

257 2418 383 2452 runt:
415 2422 491 2450 nec
512 2408 594 2450 hoc
618 2417 808 2463 tempore
830 2407 917 2449 sine
937 2406 1159 2448 hominum
1181 2418 1308 2460 opera
1332 2412 1405 2444 aut
1435 2416 1604 2458 pascere
1629 2415 1699 2442 eas

259 2474 334 2507 aut
363 2465 551 2516 domare,
581 2474 654 2506 aut
685 2462 808 2515 tueri,
844 2472 916 2505 aut
946 2462 1214 2518 tempestivos
1250 2460 1413 2501 fructus
1444 2474 1495 2500 ex
1532 2458 1596 2499 his
1631 2471 1699 2497 ca—

258 2533 359 2578 pere
392 2536 642 2578 possemus:
671 2521 725 2562 ab
756 2520 1002 2575 eisdemque
1036 2527 1079 2560 et
1106 2533 1182 2568 eae,
1211 2533 1306 2573 quae
1342 2524 1511 2566 nocent,
1540 2514 1696 2555 interfi-

259 2578 456 2623 ciuntur:
488 2588 530 2620 et
561 2592 656 2634 quae
686 2577 781 2619 usui
810 2585 989 2633 possunt
1018 2589 1123 2626 esse,
1153 2575 1390 2630 capiuntur.
1448 2571 1565 2629 Quid
1595 2585 1696 2611 enu-

307 2688 344 2717 15
366 2680 477 2720 partim
490 2678 646 2718 animalia]
665 2679 746 2710 Libri
759 2678 889 2718 quidam
904 2679 960 2708 ha-
1002 2684 1073 2707 tum
1100 2684 1146 2706 est
1170 2676 1204 2705 ab
1226 2675 1318 2707 initio.
1340 2676 1415 2706 item
1441 2684 1516 2704 mox
1545 2674 1574 2702 in
1599 2672 1698 2702 verbis

260 2724 338 2762 bent
352 2724 502 2753 animata:
528 2723 572 2753 nil
590 2724 728 2753 interest.
1003 2721 1061 2750 sina·
1077 2719 1178 2760 quibus
1191 2719 1258 2748 vita
1273 2719 1382 2747 omnino
1392 2717 1472 2747 nulla
1482 2728 1537 2746 esse
1547 2716 1697 2755 [aomina.

307 2773 344 2798 16
368 2773 451 2806 opera
461 2765 523 2795 ulla
536 2763 751 2805 essepotuisset]
770 2763 884 2794 Malim
898 2769 961 2801 por·
1004 2763 1115 2794 malim
1126 2769 1230 2802 posset:
1253 2770 1452 2801 quamquam
1469 2760 1510 2792 ibi
1527 2767 1635 2791 tamen
1652 2765 1696 2788 to-
1715 2773 1718 2776 ·

261 2817 323 2842 tet:
355 2820 432 2840 nam
456 2810 486 2840 id
518 2809 632 2839 melius
663 2808 827 2847 re<pondct
853 2806 961 2836 ceteris
1004 2806 1163 2838 letabilius
1182 2812 1239 2843 est,
1254 2804 1402 2845 pauisse!-

261 2853 426 2888 membris.
470 2853 569 2884 Secus
585 2858 632 2883 est
653 2852 687 2882 in
703 2861 788 2891 seqq.
804 2850 858 2881 ubi
875 2850 959 2881 addi-
