1844 3202
10 3007 15 3130 i

0 3131 17 3202 l

587 130 767 169 LIBER
811 127 1049 168 PRIMUS.
1451 137 1521 178 701

94 256 223 299 quam
242 255 340 284 cum
359 240 433 283 viri
452 238 567 290 boni,
586 239 774 280 moribus
796 236 966 287 similes,
988 243 1086 277 sunt
1112 234 1391 280 familiaritate
1421 254 1525 282 con-

87 299 242 363 juncti.
302 297 412 339 Illud
443 296 554 336 enim
576 296 816 346 honestum,
843 293 975 349 (quod
997 307 1108 347 saepe
1127 292 1320 345 dicimus)
1344 297 1469 337 etiam
1492 298 1526 338 si

93 370 136 396 m
171 355 253 397 alio
285 353 507 402 cernimus,
538 361 678 393 tamen
718 366 793 392 nos
824 359 977 400 movet,
1008 358 1135 404 atque
1175 349 1248 399 illi,
1281 349 1321 389 in
1362 366 1446 406 quo
1484 353 1526 393 id

94 412 228 452 inesse
256 410 429 459 videtur,
458 409 616 449 amicos
644 408 758 449 facit.
815 409 869 447 Et
889 412 926 437 86
944 419 1200 461 quamquam
1234 406 1370 447 omnis
1398 408 1524 449 virtus
1538 417 1589 452 56

94 481 171 508 nos
201 466 255 506 ad
285 480 328 506 se
358 465 502 515 allicit,
524 465 720 520 facitque,
744 474 792 505 ut
820 478 893 504 eos
920 463 1160 517 diligamus,
1182 462 1223 502 in
1255 463 1406 518 quibus
1436 463 1525 518 ipsa
1537 478 1564 506 Ρ»
1586 476 1632 498 12·

92 523 228 564 inesse
248 522 463 562 videatur:
496 521 811 577 tamenjustitia
830 530 872 560 et
897 519 1122 560 liberalitas
1152 518 1194 559 id
1224 520 1405 560 maxime
1437 520 1563 560 esti-³·

92 579 164 620 cit.
184 578 287 618 nihil
318 586 460 619 autem
481 588 544 618 est
565 577 798 628 amabilius,
821 591 896 617 nec
927 575 1179 631 copulatius,
1200 590 1327 632 quam
1357 591 1525 618 morum

93 634 327 676 similitudo
366 635 589 675 bonorum.
650 635 699 674 In
737 634 890 689 quibus
920 634 1030 673 enim
1061 631 1206 672 eadem
1246 632 1385 673 studia
1414 643 1527 685 sunt,

91 691 335 746 eaedemque
355 690 590 732 voluntates
609 707 618 731 ε
651 691 692 731 in
720 690 784 730 his
806 690 865 740 fit,
889 697 935 730 ut
956 703 1075 744 aeque
1098 689 1274 744 quisque
1294 688 1427 730 altero
1453 690 1527 731 de-

91 747 284 799 lectetur,
307 762 355 788 ac
375 748 541 803 seipso:
573 747 834 802 efficiturque
855 745 910 796 id,
933 753 968 782 87
988 745 1102 801 quod
1136 746 1398 802 Pythagoras
1429 747 1529 788 ulti-

91 818 210 846 mum
232 804 273 844 in
294 804 478 845 amicitia
509 803 682 859 putavit,
704 812 751 844 ut
782 817 890 843 unus
922 802 993 843 fiat
1022 816 1072 843 ex
1102 801 1305 857 pluribus.
1366 804 1530 859 Magna

93 860 220 902 etiam
242 860 314 901 illa
333 861 615 902 communitas
637 869 714 910 est,
736 874 830 915 quae
857 859 1078 900 conficitur
1105 872 1156 899 ex
1185 859 1396 900 beneficiis
1417 860 1530 901 ultro

89 917 200 959 Oitro
224 914 330 958 datis
351 917 532 972 acceptis
553 934 562 957 z
594 932 688 972 quae
710 925 752 957 et
774 924 935 965 mutua,
956 924 997 956 et
1017 924 1140 970 grata
1165 915 1267 956 dum
1289 925 1401 967 sunt,
1421 916 1530 958 inter

92 987 201 1030 quos
221 988 272 1014 ea
290 982 401 1023 sunt,
422 973 541 1014 firma
561 973 852 1014 devinciuntur
878 973 1092 1012 socictate.
1152 972 1234 1013 Sed
1263 987 1359 1014 cum
1387 974 1528 1014 omnia
1541 983 1589 1022 57

93 1030 268 1081 ratione,
306 1030 532 1086 animoque
570 1030 772 1080 lusti-aris,
808 1029 998 1069 omnium
1033 1028 1285 1070 societatum
1319 1030 1435 1071 nulla
1465 1039 1530 1072 est

92 1087 273 1142 gravior,
295 1086 410 1127 nulla
435 1086 583 1137 carior,
605 1100 729 1142 quam
763 1100 825 1136 ea,
853 1100 946 1141 quae
968 1099 1065 1126 cum
1097 1085 1313 1140 republica
1341 1095 1404 1128 est
1435 1087 1529 1128 uni-

93 1143 246 1198 cuique
277 1152 482 1184 nostrum.
516 1143 600 1184 cari
629 1151 725 1183 sunt
760 1151 966 1197 parenteS,
1000 1142 1084 1182 cari
1119 1141 1255 1193 liberi,
1287 1143 1530 1199 propinqui,

93 1199 340 1240 familiares:
363 1199 437 1239 sed
459 1213 604 1240 omnes
623 1199 813 1239 omnium
836 1198 1029 1238 caritates
1052 1199 1185 1252 patria
1206 1213 1290 1239 una
1308 1199 1532 1255 complexa

91 1263 181 1296 est:
214 1269 290 1310 pro
320 1270 403 1310 qua
433 1256 524 1310 quis
554 1256 690 1296 bonus
723 1255 889 1295 dubitet
916 1264 1097 1294 mortem
1129 1263 1343 1310 oppetere,
1365 1256 1398 1297 si
1419 1256 1457 1297 ei
1477 1257 1532 1298 sit

94 1312 370 1366 profuturus?
409 1313 510 1353 Quo
540 1322 604 1352 est
632 1311 918 1351 detestabilior
956 1311 1133 1351 istorum
1171 1312 1425 1363 immanitas,
1457 1313 1530 1369 qui

94 1368 329 1409 lacerarunt
359 1368 476 1409 omni
505 1368 662 1409 scelere
691 1367 884 1423 patriam,
909 1375 950 1407 et
980 1367 1022 1407 in
1053 1381 1102 1408 ea
1131 1368 1322 1409 funditus
1352 1369 1530 1410 delenda

93 1424 288 1479 occupati
315 1432 358 1465 et
385 1434 497 1473 sunt,
517 1434 560 1465 et
587 1425 769 1465 fuerunt.
829 1422 912 1464 Sed
944 1425 976 1464 si
1001 1425 1218 1466 contentio
1248 1426 1458 1480 quaedam,
1487 1435 1529 1468 et
1541 1431 1592 1462 55

90 1480 351 1535 comparatio
377 1481 461 1532 fiat,
492 1481 646 1536 quibus
677 1480 907 1536 plurimum
940 1480 1209 1521 tribuendum
1242 1482 1382 1533 officii,
1412 1484 1528 1538 prin-

92 1536 207 1592 cipes
238 1546 349 1588 sunt,
370 1538 504 1592 patria
532 1547 573 1578 et
602 1547 808 1592 parenteS‚
830 1551 1009 1591 quorum
1040 1545 1078 1570 88
1096 1538 1305 1579 beneficiis
1336 1539 1529 1580 maximis

93 1593 273 1648 obligati
301 1608 475 1635 sumus:
506 1594 701 1649 proximi,
729 1593 865 1645 liberi,
893 1603 1067 1649 totaque
1099 1594 1269 1645 domus,
1302 1611 1395 1651 quae
1433 1610 1529 1651 spe-

91 1659 182 1691 ctat
214 1649 257 1690 in
287 1664 363 1692 nos
394 1650 521 1701 solos,
553 1664 686 1706 neque
717 1649 832 1691 aliud
861 1650 996 1691 ullum
1026 1659 1167 1706 potest
1197 1651 1351 1693 habere
1384 1653 1531 1707 perfu-

92 1706 246 1761 gium:
292 1705 490 1763 deinceps
526 1707 631 1747 bene
669 1706 963 1747 convenientes
997 1707 1238 1763 propinqui,
1274 1708 1529 1765 quibuscum

93 1762 222 1803 etiam
251 1763 489 1804 communis
519 1763 768 1819 plerumque
799 1763 968 1804 fortuna
997 1773 1074 1805 est.
1133 1765 1424 1821 Quamobrem
1456 1780 1530 1808 ne·

93 1818 272 1860 cessaria
295 1820 490 1874 praesidia
510 1820 605 1861 vitae
630 1818 836 1860 debentur
863 1819 911 1859 iis
940 1821 1136 1870 maxime,
1159 1836 1267 1877 quos
1296 1831 1392 1863 ante
1420 1823 1532 1865 dixi:

95 1875 178 1916 vita
208 1884 364 1926 autem,
385 1877 602 1933 victusque
631 1876 883 1926 communis,
911 1876 1099 1926 consilia,
1125 1892 1352 1930 sermones,
1374 1879 1530 1921 cohor-

95 1932 288 1982 tationes,
303 1932 627 1984 consolationes,
644 1932 855 1974 interdum
876 1933 1000 1973 etiam
1020 1933 1337 1990 objurgationes
1359 1936 1402 1976 in
1422 1936 1530 1977 ami-

93 1987 200 2029 citiis
221 1988 365 2043 vigent
386 1988 566 2030 maxime
586 2006 595 2030 :
627 1999 775 2045 estque
793 2003 842 2030 ea
854 1987 1165 2044 jucundissima
1183 1991 1382 2043 amicitia,
1400 2007 1528 2048 quam
1541 2002 1575 2033 b.

94 2044 328 2086 similitudo
359 2059 527 2086 morum
559 2045 816 2102 conjugavit.
875 2046 959 2087 Sed
988 2046 1030 2086 in
1060 2046 1125 2088 his
1155 2048 1351 2089 omnibus
1382 2050 1527 2091 officiis
1547 2051 1613 2102 18

93 2101 327 2143 tribuendis
356 2101 582 2143 videndum
610 2103 703 2153 erit,
731 2101 834 2158 quid
863 2103 1016 2158 cuique
1044 2104 1227 2146 maxime
1259 2119 1428 2147 necesse
1459 2106 1529 2158 sit,
1543 2127 1595 2172 59

93 2166 137 2200 et
166 2157 266 2214 quid
294 2158 475 2214 quisque
497 2158 561 2201 vel
591 2159 680 2200 sine
711 2159 832 2201 nobis
861 2166 934 2200 aut
959 2160 1093 2215 possit
1113 2162 1329 2218 consequi,
1351 2172 1424 2204 aut
1445 2178 1530 2205 non

95 2214 242 2270 possit.
302 2215 370 2256 Ita
407 2229 491 2256 non
530 2214 660 2257 iidem
698 2225 822 2257 erunt
859 2216 1215 2260 necessitudinum
1255 2219 1426 2275 graduS‚
1457 2220 1532 2276 qui

95 2280 351 2328 temporum.
398 2272 508 2314 Sunt
526 2271 719 2328 quaedam
742 2273 880 2314 officia
899 2287 992 2328 quae
1013 2273 1104 2315 aliis
1123 2275 1274 2331 magis,
1294 2291 1421 2332 quam
1442 2277 1534 2320 aliis

96 2326 352 2370 debeantur:
387 2337 436 2369 ut
463 2328 646 2371 vicinum
681 2329 805 2371 citius
837 2328 1044 2385 adjuveris
1081 2331 1123 2372 in
1153 2331 1363 2374 fructibus
1395 2333 1534 2389 perci-

95 2383 280 2438 piundis,
306 2399 431 2441 quam
459 2394 534 2428 aut
561 2386 747 2438 fratrem,
768 2393 842 2428 aut
868 2386 1131 2429 familiarem.
1160 2397 1218 2440 at,
1249 2389 1283 2431 si
1314 2389 1365 2431 lis
1394 2391 1435 2431 in
1458 2389 1531 2447 ju-

139 2524 180 2551 86
204 2530 378 2561 quamquam
399 2532 425 2550 o.
444 2531 479 2552 v.
501 2531 548 2550 nos
570 2521 612 2550 ad
631 2532 659 2551 se
681 2519 792 2559 allicit,
836 2525 946 2564 reperi,
964 2531 1000 2554 ut
1013 2524 1206 2555 Anemoecii.

86 2561 242 2604 facitque]
267 2563 389 2593 Omnes
411 2563 480 2594 libri
505 2564 568 2594 mei
592 2573 650 2594 scr.
671 2564 715 2594 sic
736 2565 793 2594 ha·
881 2573 916 2602 87
943 2567 1019 2609 quod
1032 2567 1212 2608 Pythagoras
1227 2568 1362 2599 ultimum
1379 2568 1408 2598 in
1430 2582 1457 2598 ιι.
1476 2576 1533 2608 pu-

97 2606 184 2643 bent,
202 2605 301 2636 Goth.
319 2606 382 2636 Erf.
399 2606 474 2637 Cur.
490 2607 603 2637 Duisb.
620 2614 652 2638 et
665 2609 714 2637 ed.
731 2607 793 2637 Co·
837 2609 930 2649 tavit]
957 2610 1008 2640 Sic
1024 2611 1146 2640 edidere
1168 2611 1316 2642 Davisius
1336 2619 1367 2642 et
1389 2612 1534 2643 Peareius

94 2648 163 2679 lon.
192 2659 256 2679 non
279 2647 396 2678 alliciat
407 2649 578 2691 faciatque,
602 2657 639 2680 ut
660 2650 791 2690 vulgati.
835 2662 875 2683 ex
890 2654 998 2683 Nonio
1014 2653 1215 2691 Marcellino,
1233 2655 1265 2685 in
1279 2665 1307 2685 v.
1324 2654 1468 2684 ultimum.

95 2697 191 2730 atque
207 2693 358 2722 idverum
371 2699 416 2721 est
432 2701 486 2731 per
496 2692 702 2731 latinitatem3
719 2703 792 2733 quae
881 2703 919 2727 88
942 2696 1084 2736 beneficiis
1107 2696 1256 2737 maximis]
1288 2698 1339 2728 Sic
1365 2698 1486 2727 edidere
1515 2707 1533 2728 e

97 2734 140 2772 σῷ
148 2745 323 2776 quamquam
335 2744 401 2764 non
413 2734 521 2774 jungit
532 2736 792 2774 conjunctivum,
837 2739 915 2769 Mss.
939 2740 1144 2770 Anemoecius
1169 2747 1198 2769 et
1223 2741 1371 2780 Langius‚
1395 2750 1450 2779 pro
1471 2751 1533 2769 ma-

97 2776 152 2816 qui
175 2783 283 2807 tamen
305 2778 421 2816 passim
439 2787 458 2808 a
472 2777 603 2808 librariis
622 2786 677 2809 aut
692 2788 792 2809 corre·
836 2781 922 2811 xime.
940 2791 1019 2820 quos
1042 2783 1185 2812 Graevius
1205 2789 1236 2813 et
1259 2783 1401 2813 Pearcius
1421 2784 1533 2813 imitati

98 2819 237 2849 ctoribus
253 2819 358 2850 illatus
373 2827 419 2851 est
430 2820 528 2851 libris.
570 2821 687 2852 Vemm
703 2822 792 2853 illam
837 2832 922 2855 sunt.
946 2816 997 2856 Sic
1013 2831 1043 2854 et
1059 2826 1106 2855 ed.
1125 2825 1193 2855 Col.

99 2861 269 2892 lectionem
293 2863 388 2893 etiam
419 2863 451 2894 in
482 2863 571 2893 editis
600 2864 792 2904 quibusdam

154 2915 273 2945 vot..
297 2917 366 2946 IV.
385 2918 430 2947 P.
452 2915 509 2947 11>-
844 2920 867 2946 Z
893 2920 915 2946 Z
