1844 3202
658 130 735 167 DE
773 126 1084 166 AMICITIA.
1510 133 1588 176 829

156 236 346 288 velimus,
367 245 406 270 ⁴2³
423 238 609 293 perfecta
637 235 806 291 quidem
838 233 1039 288 sapientia
1066 234 1209 284 simus,
1236 233 1270 273 si
1299 233 1402 276 nihil
1432 235 1584 277 habeat

156 307 220 334 res
241 293 354 335 vitii:
386 294 459 335 sed
491 293 703 348 loquimur
734 291 785 331 cle
816 290 863 331 iis
891 289 1050 339 amicis,
1072 290 1143 345 qui
1172 298 1269 330 ante
1297 291 1442 331 oculos
1470 303 1581 344 sunt,

155 363 263 404 quos
283 350 483 400 videmus,
504 358 575 390 aut
596 349 648 389 de
667 348 819 403 quibus
839 346 1085 388 memoriam
1105 346 1358 400 accepimus,
1380 357 1453 388 aut
1473 363 1580 403 quos

153 405 269 446 novit
290 407 370 446 vita
391 406 641 447 communis.
663 420 711 445 ex
734 404 814 444 hoc
834 416 1009 444 numero
1030 402 1149 442 nobis
1171 401 1361 455 exempla
1379 405 1581 446 sumenda

152 471 278 502 sunt:
306 472 348 502 et
367 476 510 502 eorum
533 462 703 517 quidem
726 460 921 508 maxime,
943 459 1013 514 qui
1042 458 1093 499 ad
1126 458 1371 513 sapientiam
1390 461 1579 513 proxime

151 517 373 558 accedunt.
434 518 639 559 Videmus
675 519 832 572 Papum
853 515 1076 556 AEmilium
1108 514 1160 555 C.
1188 514 1370 555 Luscino
1400 515 1578 557 familia·
1592 520 1642 561 39

150 586 238 614 rem
268 574 394 615 fuisse
423 575 498 627 (sic
529 590 553 614 a
583 574 770 630 patribus
802 572 1056 628 accepimus)
1092 571 1155 612 bis
1185 586 1269 612 una
1297 571 1504 623 consules,
1537 582 1581 614 et

148 630 335 685 collegas
358 632 397 671 in
418 645 593 672 censura
611 648 619 672 :
653 640 741 672 tum
762 638 804 671 et
823 644 918 670 cum
940 628 1004 678 iis,
1023 638 1066 669 et
1084 628 1192 668 inter
1208 642 1266 678 se,
1285 627 1581 684 conjunctissi-

148 699 243 726 mos
265 689 390 727 tuisse
421 688 495 728 M?
522 687 700 729 Curium
728 694 770 727 et
801 686 866 727 Ti.
896 684 1224 735 Coruncanium,
1243 684 1460 725 memoriae
1478 699 1579 741 pro-

147 741 284 783 ditum
305 755 382 784 est.
414 744 542 799 igitur
571 759 621 785 ne
649 743 850 798 suspicari
870 741 1040 798 quidem
1062 755 1301 796 possumus,
1322 754 1579 797 quemquam

148 796 301 839 horum
329 800 382 840 ab
411 800 548 841 amico
579 799 792 856 quippiam
821 798 1101 847 contendisse,
1122 797 1238 853 quod
1264 807 1411 838 contra
1438 797 1579 848 fidem,

148 863 296 896 contra
325 856 641 912 jusjurandum,
677 864 823 897 contra
856 854 1159 910 rempublicam
1199 861 1321 895 esset.
1365 868 1461 895 nam
1495 854 1579 896 hoc

147 911 315 966 quidem
340 913 380 953 in
406 913 558 954 talibus
579 913 673 954 viris
705 912 807 968 quid
837 912 986 953 attinet
1013 910 1181 952 dicere?
1215 911 1249 951 si
1280 910 1579 963 contendisset,

146 967 234 1008 scio
263 968 585 1024 impetraturum
617 983 698 1010 non
730 969 856 1010 fuisse
871 984 884 1019 3
916 982 1013 1009 cum
1044 968 1104 1008 illi
1132 966 1382 1008 sanctissimi
1409 967 1481 1008 viri
1509 969 1577 1009 fu-

147 1024 255 1065 erint
275 1041 283 1064 :
317 1040 435 1081 aeque
464 1035 605 1067 autem
635 1026 750 1066 nefas
772 1025 840 1075 sit,
861 1025 944 1065 tale
965 1024 1125 1080 aliquid
1145 1032 1187 1064 et
1205 1024 1343 1064 facere
1364 1032 1577 1079 rogatum,

147 1089 192 1121 et
219 1095 382 1137 rogare.
441 1083 503 1123 At
532 1097 628 1123 vero
657 1083 722 1123 Ti.
752 1081 991 1123 Gracchum
1015 1081 1307 1136 vsequebantur
1338 1080 1389 1121 C.
1419 1080 1578 1132 Carbo,

147 1136 200 1177 C.
224 1136 349 1188 Cato,
371 1147 411 1170 24
427 1148 470 1179 et
491 1138 663 1179 minime
692 1149 782 1180 tum
813 1137 982 1194 quidem
1012 1136 1143 1194 Cajus
1168 1137 1308 1187 frater,
1331 1151 1441 1178 nunc
1462 1136 1576 1179 idem

145 1194 385 1235 acerrimus.
446 1196 553 1236 Haec
584 1196 716 1251 igitur
743 1195 810 1235 lex
840 1196 882 1235 in
911 1194 1096 1234 amicitia
1123 1194 1344 1244 sanciatur,
1364 1203 1411 1234 ut
1438 1208 1575 1250 neque
1595 1193 1658 1240 12

146 1264 346 1305 rogemus
367 1265 432 1292 res
451 1262 608 1306 turpes,
629 1266 703 1292 nec
724 1251 927 1291 faciamus
947 1251 1100 1305 rogati.
1142 1250 1293 1305 Turpis
1313 1250 1424 1291 enim
1447 1265 1575 1292 excu-
1585 1267 1639 1300 40

146 1307 254 1347 satio
273 1317 350 1358 est,
373 1317 415 1349 et
434 1308 605 1349 minime
625 1307 880 1363 accipienda,
903 1322 997 1348 cum
1021 1308 1062 1348 in
1090 1307 1238 1348 ceteris
1263 1308 1462 1362 peccatis,
1481 1316 1572 1348 tum
1585 1325 1617 1355 p.
1632 1322 1704 1347 104.

144 1362 176 1402 si
211 1364 304 1418 quis
335 1372 480 1405 contra
507 1364 813 1420 rempublicam
843 1379 888 1405 se
914 1364 1038 1404 amici
1063 1377 1190 1405 causa
1209 1363 1357 1404 fecisse
1378 1364 1573 1406 fateatur.
1585 1367 1614 1389 ²·

143 1419 310 1460 Etenim
346 1435 397 1462 eo
435 1420 546 1472 loco,
585 1421 728 1471 Fanni,
763 1431 806 1461 et
841 1420 1041 1470 Scaevola,
1072 1420 1198 1461 locati
1229 1434 1388 1471 sumus,
1418 1429 1467 1461 ut
1499 1435 1576 1462 nos

142 1474 270 1532 longe
291 1477 527 1533 prospicere
545 1487 740 1533 oporteat
759 1478 924 1518 futuros
945 1491 1065 1518 casus
1085 1476 1341 1531 reipublicae.
1390 1476 1577 1518 Deflexit

141 1532 254 1573 enim
280 1533 369 1589 jam
401 1533 708 1589 aliquantulum
741 1534 793 1574 de
823 1534 959 1589 spatio
989 1532 1286 1590 curriculoque
1314 1533 1577 1574 consuetudo

141 1588 367 1645 majorum.
426 1591 490 1631 Ti.
512 1591 732 1632 Gracchus
763 1605 941 1646 regnum
973 1604 1180 1645 occupare
1209 1599 1384 1631 conatus
1411 1598 1489 1640 est,
1511 1589 1576 1631 vel

140 1646 329 1701 regnavit
350 1647 385 1687 is
405 1646 577 1702 quidem
606 1661 764 1703 paucos
785 1661 964 1687 menses.
1023 1648 1143 1687 Num
1165 1646 1266 1702 quid
1285 1646 1420 1687 simile
1441 1656 1634 1701 popu-41

140 1700 205 1742 lus
228 1703 442 1744 Romanus
469 1704 671 1754 audierat,
691 1712 763 1744 aut
790 1703 959 1744 viderat.
1020 1704 1149 1744 Hunc
1179 1703 1307 1744 etiam
1334 1711 1434 1758 post
1459 1717 1576 1744 mor-

140 1764 227 1798 tem
256 1760 389 1800 secuti
415 1760 539 1800 amici
566 1769 609 1800 et
638 1760 875 1815 propinqui,
898 1759 1000 1814 quid
1028 1759 1069 1799 in
1099 1761 1142 1800 P.
1163 1759 1403 1813 Scipionem
1422 1759 1576 1800 effece-

139 1813 237 1864 rint,
259 1816 348 1856 sinc
370 1816 565 1871 lacrymis
589 1831 672 1857 non
692 1831 803 1872 queo
825 1816 978 1856 dicere.
1009 1830 1106 1856 nam
1129 1815 1371 1857 Carbonem
1399 1830 1575 1872 quoquo

140 1871 271 1911 modo
288 1873 521 1927 potuimuS,
540 1883 711 1928 propter
731 1885 939 1913 recentem
961 1886 1132 1927 poenam
1151 1872 1216 1913 Ti.
1234 1873 1433 1923 Gracchi,
1451 1873 1577 1914 susti-

139 1927 323 1968 nuimus.
383 1929 451 1969 De
476 1929 528 1969 C.
551 1929 733 1970 Gracchi
763 1938 905 1969 autem
935 1929 1167 1979 tribunatu,
1188 1928 1290 1984 quid
1317 1936 1574 1985 exspectem,

137 1994 224 2024 non
244 1983 348 2026 libet
369 1987 582 2040 augurari.
615 1987 744 2041 serpit
763 1985 916 2026 deinde
937 2000 1028 2026 res:
1051 2000 1146 2040 quae
1166 1985 1390 2040 proclivius
1411 1985 1464 2026 ad
1478 1999 1575 2041 per-

138 2039 306 2091 niciem,
340 2056 439 2082 cum
471 2037 601 2083 sevnel
630 2042 775 2097 coepit,
805 2042 974 2083 labitur.
1032 2041 1197 2083 Videtis
1224 2041 1268 2082 in
1298 2041 1454 2083 tabella
1477 2043 1572 2098 jam

136 2105 234 2137 ante
254 2107 411 2152 quanta
441 2098 495 2139 sit
523 2099 633 2140 facta
658 2099 790 2149 labes,
810 2098 948 2154 primo
970 2098 1153 2139 Gabinia
1172 2097 1284 2153 lege,
1305 2098 1476 2139 biennio
1495 2113 1572 2140 au-

136 2160 222 2195 tem
246 2163 356 2209 post,
381 2153 539 2196 Cassia.
597 2155 754 2196 Videre
773 2155 866 2212 jam
886 2155 1029 2196 videor
1047 2154 1254 2210 populum
1273 2170 1299 2195 a
1317 2165 1464 2196 senatu
1486 2153 1573 2196 dis-

130 2208 344 2265 junctum,
365 2211 733 2268 multitudinisque
753 2212 924 2253 arbitrio
944 2225 1008 2252 res
1030 2211 1235 2252 maximas
1256 2211 1342 2267 agi.
1369 2220 1407 2245 2⁵
1424 2211 1569 2253 Plures

135 2266 247 2307 enim
276 2267 452 2317 discent,
479 2268 838 2323 quemadmodum
871 2267 962 2309 haec
987 2268 1102 2319 fiant,
1133 2282 1261 2325 quam
1293 2268 1572 2323 quemadmo-

136 2320 238 2362 dum
271 2322 336 2364 his
363 2324 592 2365 resistatur.
651 2326 868 2382 Quorsum
896 2324 1013 2365 haec?
1045 2324 1144 2380 quia
1173 2323 1262 2365 sine
1291 2326 1416 2367 sociis
1445 2339 1570 2367 nemo
1581 2330 1634 2364 42

135 2378 366 2434 quidquam
388 2380 472 2421 tale
492 2389 684 2422 conatur.
723 2381 1057 2436 Praecipiendum
1074 2390 1139 2422 est
1159 2380 1289 2436 igitur
1304 2382 1443 2433 bonis,
1457 2392 1519 2433 ut,
1536 2381 1571 2423 si

136 2434 179 2475 in¹
199 2434 410 2491 ejusmodi
429 2438 633 2479 amicitias
658 2439 793 2493 ignari
814 2453 915 2479 casu
935 2438 1077 2494 aliquo
1102 2436 1339 2491 inciderint,
1360 2453 1412 2480 ne
1431 2439 1572 2479 existi-

177 2600 216 2625 23
230 2595 362 2635 perfecta
377 2607 407 2637 q.
424 2596 565 2635 sapierm‘a
579 2597 678 2638 simus]
698 2599 750 2629 Sic
766 2598 830 2628 Ms.
874 2605 904 2628 et
919 2599 951 2628 in
968 2598 1031 2628 Ms.
1051 2597 1114 2629 Erf.
1160 2599 1220 2629 Sed
1244 2601 1287 2629 ita
1302 2605 1372 2638 post
1386 2605 1417 2628 et
1432 2597 1571 2627 acerrime

136 2637 198 2668 Erf.
222 2638 366 2668 Graevius
382 2639 506 2669 Canteri
528 2641 744 2680 conjecturam
760 2651 831 2681 pro·
875 2642 1047 2680 legendum
1076 2642 1200 2672 videtur
1214 2654 1220 2671 :
1260 2643 1320 2672 nisi
1348 2642 1482 2671 verbum
1512 2640 1570 2670 ali-

135 2680 230 2710 babat
247 2681 381 2721 perfecta
397 2693 426 2722 q.
443 2683 467 2710 si
483 2683 623 2721 sapientia
642 2685 740 2722 simus,
756 2685 835 2714 nihil
874 2686 960 2723 quod
976 2685 1101 2714 excidit.
1137 2685 1201 2716 ΜΞ.
1218 2685 1282 2715 Erf.
1299 2685 1340 2722 τῷ
1355 2684 1471 2713 minime
1485 2683 1571 2713 addit

133 2723 238 2752 habeat
253 2734 296 2752 res
310 2724 393 2752 vitii.
873 2738 949 2756 acer.

177 2772 217 2796 24
233 2772 262 2795 et
276 2766 390 2796 minime
407 2773 467 2795 tum
483 2766 612 2808 quidem]
627 2769 758 2800 Restitui
775 2779 829 2799 ve·
916 2777 955 2800 25
974 2768 1077 2799 Plures
1091 2769 1166 2799 enim
1180 2769 1288 2798 discen!
1304 2767 1377 2807 δῖα]
1396 2768 1507 2798 Simile
1524 2775 1570 2798 est

133 2816 202 2838 ram
217 2808 388 2839 lectionem
411 2820 466 2849 pro
488 2811 634 2848 minimus,
647 2814 732 2851 quod
749 2813 828 2842 Gui-
872 2812 933 2841 illis
959 2811 1139 2843 Horatianis
1160 2819 1281 2852 peccare
1304 2811 1463 2841 docentibus
1483 2810 1570 2840 him·

132 2849 273 2881 lielmius
292 2859 325 2882 et
346 2852 507 2883 Gruterus·
523 2854 691 2885 induxere:
719 2863 829 2895 estque
872 2854 935 2884 riis.

192 2905 306 2935 vor..
330 2907 397 2936 ιν.
422 2909 460 2936 12.
483 2906 539 2935 11.
877 2910 902 2950 3
925 2909 957 2936 H
