1844 3202
278 1212 305 1259 1

194 1678 225 1710 p.
242 1673 312 1704 117.

319 116 398 156 ³46
697 114 757 155 M.
792 116 1007 156 TULLII
1043 118 1378 158 CICERONIS

318 232 403 274 tur,
424 229 582 266 tentare
602 224 727 276 volui,
748 234 973 280 possentne
995 228 1168 281 proferri
1201 228 1243 268 in
1263 229 1418 277 lucem,
1436 227 1482 268 id
1507 236 1584 278 est,
1606 228 1650 270 in
1682 228 1748 271 fo·

319 294 431 330 rum,
451 288 494 321 et
522 280 579 322 ita
598 281 696 331 dici,
719 291 764 322 ut
784 283 1074 338 probarentur,
1103 298 1154 324 an
1184 285 1265 326 alia
1293 284 1487 340 quaedam
1517 294 1627 329 esset
1653 300 1750 330 eru·

321 335 423 388 dita,
462 336 543 377 alia
580 338 795 393 popularis
835 340 971 380 oratio
991 356 1000 379 z
1033 354 1168 395 eoque
1209 342 1353 396 scripsi
1385 341 1597 392 libentius,
1635 342 1752 398 quod

321 393 426 434 mihi
446 393 538 442 ista,
558 396 747 450 παράδοξα
765 410 860 450 quae
882 395 1108 450 appellant,
1136 397 1318 438 maxime
1347 398 1540 439 videntur
1560 412 1651 439 esse
1670 399 1750 439 So-

320 450 488 501 cratica,
530 450 744 507 longeque
782 451 1008 492 verissima.
1065 453 1263 508 Accipies
1299 454 1428 509 igitur
1465 454 1546 495 hoc
1579 469 1752 510 parvum

320 506 592 562 opusculum,
625 507 896 548 lucubratum
930 508 993 548 his
1023 507 1115 564 jam
1145 511 1494 552 contractioribus
1528 511 1752 552 noctibus:

321 563 522 619 quoniam
541 563 646 604 illud
667 563 879 620 majorum
896 560 1135 619 vigiliarum
1157 580 1311 607 munus
1331 568 1370 608 in
1392 577 1468 609 tuo
1488 568 1658 609 nomine
1678 582 1752 622 ap-

321 619 473 673 paruit.
493 628 536 660 et
565 620 810 675 degustabis
840 635 975 676 genus
998 621 1079 662 hoc
1109 623 1454 664 exercitationum
1476 639 1636 673 earum,
1658 624 1752 679 qui-

319 675 400 717 bus
421 675 484 717 uti
503 676 714 727 consuevi,
737 691 837 718 cum
871 691 934 728 ea,
957 692 1051 734 quae
1075 678 1273 721 dicuntur
1291 679 1335 720 in
1356 680 1509 721 scholis
1527 684 1673 731 θετικά,
1694 680 1749 721 ad

321 742 513 774 nostrum
537 733 617 773 hoc
639 734 870 775 oratorium
892 735 1097 776 transfero
1118 735 1284 777 dicendi
1305 751 1454 792 genus.
1498 738 1596 778 Hoc
1613 747 1755 778 tamen

320 803 428 853 ppus
449 790 490 830 in
511 800 734 845 acceptum
767 800 816 831 ut
847 792 1014 842 referas,
1038 792 1141 833 nihil
1161 793 1348 848 postulo.
1370 808 1453 834 non
1473 802 1537 834 est
1556 794 1682 844 enim,
1704 801 1753 834 ut

320 860 362 886 m
381 860 475 887 arce
495 847 593 901 poni
614 847 760 901 possit,
780 848 899 902 quasi
920 847 992 888 illa
1012 849 1204 891 Minerva
1226 850 1382 891 Phidiae
1398 865 1410 901 3
1437 849 1510 891 sed
1530 859 1686 900 tamen,
1708 858 1755 889 ut

320 915 372 942 ex
393 902 543 944 eadem
563 904 728 944 officina
747 904 879 945 exisse
898 914 1110 960 appareat.

818 1002 1193 1045 PARADOXON
1226 1005 1259 1044 Ι.

422 1078 516 1120 ’Ότι
536 1080 640 1133 μόνον
659 1082 819 1133 ἀγαθὸν,
838 1082 879 1122 τὸ
900 1082 1026 1123 καλόν.

436 1137 554 1192 Quod
572 1136 780 1178 honestum
800 1137 868 1189 sit,
890 1138 934 1179 id
952 1138 1082 1180 solum
1104 1138 1248 1180 bomem
1269 1155 1364 1181 esse.

380 1217 552 1267 Vereor,
574 1217 695 1258 necui
715 1219 899 1258 vestrum
921 1233 972 1259 ex
992 1218 1235 1261 Stoicorum
1261 1219 1484 1261 hominum
1504 1218 1757 1276 disputatio-

321 1272 460 1324 nibus,
482 1288 565 1314 non
598 1289 648 1315 ex
678 1289 775 1315 meo
796 1289 920 1316 sensu
940 1275 1162 1331 depromta
1182 1276 1273 1318 haec
1295 1277 1482 1318 videatur
1498 1277 1634 1318 oratio
1655 1293 1665 1317 z
1694 1277 1758 1318 di-

320 1344 415 1370 cam
445 1340 601 1381 tamen,
630 1330 746 1386 quod
782 1331 916 1372 sentio
935 1347 946 1383 3
978 1341 1020 1373 et
1048 1332 1186 1374 dicam
1206 1333 1386 1384 brevius,
1408 1348 1537 1390 quam
1557 1348 1622 1374 res
1643 1341 1760 1375 tanta

320 1386 404 1428 dici
423 1387 575 1442 poscit.
632 1388 885 1443 Numquam
907 1389 1150 1430 mehercule
1175 1405 1258 1446 ego
1279 1405 1416 1446 neque
1437 1390 1635 1446 pecunias
1655 1390 1760 1432 isto·

322 1458 435 1495 rum,
455 1458 593 1500 neque
621 1451 733 1485 tecta
761 1445 999 1500 magnifica,
1021 1460 1157 1503 neque
1182 1461 1299 1502 opes,
1319 1461 1455 1504 neque
1474 1447 1664 1503 imperia,
1685 1462 1760 1488 ne-

322 1515 407 1556 que
436 1514 520 1551 eas,
553 1500 706 1557 quibus
737 1502 918 1542 maxime
947 1503 1135 1544 adstricti
1166 1513 1278 1554 sunt,
1310 1503 1545 1559 voluptates
1575 1503 1618 1544 in
1637 1504 1761 1546 bonis

321 1557 448 1598 rebus
469 1565 542 1598 aut
563 1557 802 1613 expetendis
833 1573 923 1599 esse
957 1559 1057 1600 duxi
1076 1577 1085 1600 :
1118 1560 1274 1616 quippe
1296 1575 1391 1601 cum
1414 1560 1613 1611 viderem,
1634 1560 1760 1601 rebus

323 1612 388 1654 his
420 1613 825 1665 circumfluentibus,
860 1624 875 1646 ⁵
895 1630 944 1656 ea
973 1627 1112 1656 tamen
1134 1616 1367 1658 desiderare
1388 1617 1585 1667 maxime,
1604 1616 1761 1672 quibus

325 1669 600 1711 abundarent.
632 1684 769 1726 neque
804 1671 916 1711 enim
944 1673 1133 1727 expletur
1153 1688 1373 1729 umquam,
1394 1688 1470 1713 nec
1490 1673 1665 1715 satiatur
1685 1687 1761 1714 cu-

324 1727 513 1783 piditatis
534 1727 622 1768 sitis
641 1743 650 1768 ε
683 1741 820 1783 neque
842 1728 995 1779 solum,
1019 1743 1067 1769 ea
1086 1729 1158 1785 qui
1179 1729 1349 1781 habent,
1382 1729 1555 1770 libidine
1577 1729 1763 1784 augendi

325 1784 580 1833 cruciantur,
610 1784 683 1824 sed
713 1785 841 1824 etiam
871 1785 1093 1826 amittendi
1116 1795 1247 1827 metu.
1270 1786 1310 1826 in
1334 1800 1418 1842 quo
1439 1785 1638 1843 equidem
1659 1801 1761 1827 con-

322 1840 702 1883 tinentissimorum
733 1840 972 1893 hominum,
1002 1842 1214 1898 majorum
1255 1854 1514 1894 nostrorum,
1545 1857 1657 1899 saepe
1696 1857 1763 1883 re-

323 1898 447 1954 quiro
479 1897 759 1953 prudentiam,
781 1897 854 1954 qui
881 1898 972 1939 haec
1001 1898 1214 1940 imbecilla
1232 1909 1275 1940 et
1293 1899 1615 1941 commutabilia
1633 1913 1765 1955 pecu-

323 1953 403 1996 niae
426 1955 630 2005 membra,
651 1954 777 1995 verbo
804 1955 945 1996 BONA
967 1966 1219 2011 putaverunt
1237 1956 1500 2011 appellanda,
1521 1970 1619 1997 cum
1642 1970 1684 1996 re
1712 1970 1763 1996 ac

324 2011 448 2053 factis
468 2011 597 2067 longe
624 2010 746 2052 aliter
768 2011 1083 2067 judicavissent.
1144 2014 1342 2054 Potestne
1371 2013 1531 2054 bonum
1562 2012 1764 2068 cuiquam

324 2068 441 2110 malo
460 2081 551 2109 esse
571 2069 583 2108 ?
616 2076 689 2108 aut
709 2077 851 2122 potest
871 2069 1092 2124 quisquam
1109 2069 1150 2110 in
1170 2069 1426 2110 abundantia
1444 2069 1652 2110 bonorum
1676 2069 1768 2124 ipse

325 2138 416 2167 esse
445 2139 530 2165 non
559 2124 726 2165 bonus?
759 2124 895 2180 Atqui
926 2125 1005 2166 ista
1034 2126 1190 2176 omnia,
1220 2125 1320 2166 talia
1348 2125 1549 2176 videmus,
1570 2134 1617 2166 ut
1636 2125 1764 2166 etiam

327 2181 512 2238 improbi
541 2180 736 2231 habeant,
768 2190 811 2223 et
842 2181 983 2222 obsint
1012 2182 1168 2238 probis.
1226 2182 1514 2240 Quamobrem
1544 2181 1644 2222 licet
1673 2182 1766 2223 irri-

328 2237 441 2289 deat,
471 2238 505 2279 si
535 2238 630 2293 quis
659 2238 775 2279 vult:
806 2239 902 2294 plus
932 2238 1044 2295 apud
1073 2254 1141 2280 me
1171 2248 1313 2281 tamen
1342 2253 1437 2279 vera
1464 2237 1572 2279 ratio
1595 2238 1766 2290 valebit,

330 2309 459 2351 quam
489 2294 607 2351 vulgi
636 2293 795 2350 opinio.
828 2310 965 2352 neque
995 2310 1077 2352 ego
1098 2311 1297 2352 umquam
1319 2296 1432 2337 bona
1451 2294 1682 2351 perdidisse
1701 2294 1767 2337 di-

313 2365 440 2402 ·cam,
472 2367 505 2392 Sl
571 2367 613 2392 ui
648 2365 793 2407 pecus,
826 2361 901 2393 aut
933 2352 1238 2408 supellectilem
1267 2353 1478 2394 amiserit:
1511 2366 1647 2408 neque
1682 2366 1768 2394 non

332 2422 443 2462 saepe
464 2407 534 2449 lau
565 2408 647 2448 abo
676 2408 905 2463 sapientem
935 2409 1071 2460 illum,
1092 2410 1301 2460 Biantem,
1322 2416 1369 2450 ut
1397 2409 1562 2464 opinor,
1588 2408 1662 2464 qui
1688 2423 1768 2449 nu-

331 2472 517 2506 meratur
555 2464 596 2505 in
638 2475 828 2520 septem:
860 2466 981 2521 cujus
1020 2480 1118 2507 cum
1159 2466 1338 2522 patriam
1378 2465 1551 2507 Prienen
1588 2465 1768 2520 cepisset

332 2520 482 2570 hostis,
515 2521 728 2576 ceterique
756 2521 816 2563 ita
835 2521 1049 2578 fugerent,
1068 2530 1118 2564 ut
1143 2522 1278 2564 multa
1304 2522 1355 2563 de
1377 2522 1462 2563 suis
1479 2522 1604 2563 rebus
1622 2535 1768 2564 secum

335 2585 626 2632 asportarent:
659 2591 757 2618 cum
788 2587 898 2619 esset
926 2577 1166 2620 admonitus
1195 2593 1220 2620 a
1248 2578 1450 2634 quodam,
1469 2588 1519 2620 ut
1546 2577 1660 2620 idem
1680 2578 1770 2634 ipse

336 2634 497 2676 faceret
514 2651 524 2675 ι
554 2635 650 2690 Ego
682 2648 791 2685 vero,
811 2634 961 2690 inquit,
982 2635 1106 2676 facio.
1124 2649 1222 2676 nam
1249 2635 1393 2677 omnia
1423 2649 1517 2676 mea
1535 2643 1662 2691 porto
1679 2649 1769 2676 me-

335 2705 450 2734 cum.
510 2691 588 2733 Ille
621 2690 712 2732 haec
745 2690 928 2733 ludibria
957 2692 1154 2743 fortunae,
1189 2705 1241 2733 ne
1272 2707 1348 2734 sua
1384 2691 1555 2750 quidem
1595 2691 1771 2749 putavit,

380 2812 398 2837 5
421 2817 456 2835 ea
478 2811 574 2836 tamen
593 2805 652 2837 des.
676 2804 730 2846 nn]
754 2805 820 2838 Ms.
843 2806 958 2838 Duisb.
979 2818 1032 2840 eos.
1075 2806 1137 2838 Sed
1159 2807 1202 2844 id,
1218 2812 1274 2838 aut
1289 2806 1353 2838 istos
1369 2813 1400 2848 et
1413 2805 1625 2846 superioribus
1640 2804 1772 2845 intelligi

336 2854 448 2887 potest.
