1844 3202
255 115 335 161 792
758 114 841 153 DE
877 113 1151 153 OFFICIIS.

250 219 430 276 simplex
447 231 540 264 esse
568 221 711 274 debet,
738 236 789 264 ex
819 222 1094 265 dissimilibus
1114 221 1239 264 rebus
1260 221 1441 274 misceri,
1463 231 1506 266 et
1524 232 1689 281 tempe-

162 293 237 328 120
248 277 328 318 rari
350 286 506 334 potest.
565 279 649 321 Sed
672 280 725 321 de
745 279 828 321 hoc
853 282 1026 335 (magna
1043 279 1156 320 enim
1176 293 1241 321 res
1263 281 1341 332 est)
1371 279 1454 321 alio
1473 280 1570 322 loco
1590 282 1686 338 plu-

245 333 376 375 ribus.
442 335 572 378 Nunc
611 335 665 378 ad
704 336 986 392 propositum.
1051 335 1427 392 Quemadmodum
1466 336 1611 393 igitur,
1651 339 1687 380 si

242 390 417 488 quando
446 406 509 444 ea,
532 407 627 449 quae
655 392 867 434 videretur
896 392 1071 442 utilitas,
1093 391 1304 434 honestati
1326 403 1550 449 repugnat,
1571 393 1684 450 diju-

273 446 423 490 icanda
451 463 515 490 res
545 449 613 501 sit,
645 449 744 490 satis
774 457 839 490 est
868 463 996 504 supra
1019 448 1296 504 disputatum.
1330 451 1394 492 sin
1414 459 1554 493 autem
1587 465 1684 507 spe-

239 503 349 546 ciem
379 505 574 547 utilitatis
606 506 734 546 etiam
766 505 958 561 voluptas
994 505 1149 547 habere
1182 504 1361 558 dicetur,
1393 507 1509 549 nulla
1541 518 1685 562 potest

236 573 329 602 esse
349 562 388 603 ei
407 576 507 603 cum
528 562 750 604 honestate
770 561 1030 618 conjunctio.
1052 576 1164 612 nam,
1185 571 1233 604 ut
1264 562 1501 605 tribuamus
1522 564 1682 620 aliquid

237 617 459 716 {oluptatss
479 618 741 661 condimenti
770 620 947 662 fortasse
978 617 1184 670 nonnihil,
1213 618 1407 662 utilitatis
1433 618 1546 662 certe
1575 620 1680 666 nihil

271 675 429 716 abebit.

154 748 222 781 121
296 732 444 773 Habes
464 746 489 773 a
517 740 635 788 patre
664 746 834 783 munus,
855 732 1004 773 Marce
1035 731 1107 783 fili,
1128 745 1224 774 mea
1253 731 1425 788 quidem
1456 733 1680 785 sententia,

237 803 443 845 magnum
470 803 486 840 3·
514 789 587 830 sed
618 789 789 844 perinde
809 789 900 839 erit,
921 798 971 830 ut
1000 789 1227 845 acceperis.
1249 798 1286 822 ⁵³
1301 799 1519 846 tamquam
1539 791 1616 832 tibi
1636 791 1680 834 hi

231 848 320 886 tres
349 845 460 895 libri,
490 845 598 886 inter
628 845 822 901 Cratippi
851 846 1196 897 commentarios,
1226 855 1444 902 tamquam
1476 846 1680 902 hospites,

234 910 358 942 erunt
387 901 628 957 recipiendi.
687 902 785 952 Sed,
816 911 879 952 ut,
909 902 943 943 si
974 902 1063 957 ipse
1082 903 1286 944 venissem
1318 903 1508 944 Athenas
1543 905 1677 960 (quod

233 958 405 1014 quidem
422 966 533 999 esset
552 958 728 1008 factum,
749 958 829 998 nisi
850 973 919 999 me
937 972 960 998 e
980 958 1122 999 medio
1143 974 1269 1000 cursu
1290 959 1403 1000 clara
1422 973 1523 1000 voce
1542 961 1678 1014 patria

232 1016 485 1066 revocasset)
510 1013 738 1069 aliquando
766 1028 835 1055 me
866 1028 1039 1070 quoque
1063 1015 1229 1056 audires
1250 1033 1260 1056 z
1293 1015 1367 1066 sic,
1389 1016 1587 1071 quoniam
1611 1016 1677 1059 his

230 1070 516 1112 voluminibus
545 1071 599 1112 ad
628 1081 672 1112 te
701 1071 892 1126 profecta
920 1086 1000 1113 vox
1029 1080 1094 1113 est
1121 1086 1246 1123 mea3
1277 1072 1437 1113 tribues
1462 1071 1542 1122 his,
1563 1080 1673 1114 tem-2

229 1127 346 1183 poris
374 1136 581 1184 quantum
610 1128 767 1184 poteris
787 1144 797 1169 ε
829 1128 987 1183 poteris
1017 1136 1177 1180 autem,
1198 1137 1406 1185 quantum
1425 1127 1553 1170 voles.
1573 1143 1672 1173 cum

227 1199 326 1225 vero
345 1183 604 1235 intellexero,
623 1194 665 1226 te
684 1184 767 1226 hoc
788 1183 974 1226 scientiae
993 1199 1149 1240 genere
1169 1185 1370 1241 gaudere,
1390 1194 1479 1226 tum
1503 1193 1545 1226 et
1564 1200 1673 1242 prae,

226 1255 322 1282 sens
345 1250 486 1283 tecum
514 1241 761 1297 propediem
793 1245 858 1292 (ut
885 1244 1025 1297 spero)
1050 1251 1094 1283 et
1118 1242 1222 1283 dum
1249 1242 1399 1294 aberis,
1426 1242 1576 1283 absens
1604 1242 1669 1284 lo-

225 1311 347 1395 quar.
406 1297 515 1340 Vale
533 1298 679 1353 igitur,
700 1299 758 1340 mi
784 1297 952 1349 Cicero,
978 1299 1139 1354 tibique
1163 1298 1382 1355 persuade,
1403 1312 1494 1340 esse
1516 1308 1556 1340 te
1574 1300 1669 1354 qui-

257 1368 324 1395 em
346 1354 452 1396 mihi
470 1355 733 1396 carissimum
755 1372 764 1397 ;
795 1354 871 1396 sed
892 1355 1029 1397 multo
1050 1356 1141 1397 fore
1159 1355 1381 1407 cariorem,
1403 1365 1441 1388 ⁵4
1459 1355 1493 1396 si
1512 1355 1668 1398 talibus

226 1411 499 1453 monimentis
518 1413 827 1469 praeceptisque
846 1411 1059 1454 laetabere.

223 1556 302 1578 nam
328 1549 367 1578 de
391 1557 523 1579 summo
549 1548 635 1579 bono
661 1554 788 1578 tantum
817 1557 922 1579 sermo
965 1549 1018 1579 sed
1035 1548 1064 1578 id
1081 1558 1146 1579 non
1161 1548 1245 1578 bene
1265 1548 1341 1584 coit,
1359 1557 1436 1580 cum
1453 1549 1667 1581 antecedenti·

220 1599 279 1622 est.
966 1592 1036 1622 bus.

267 1640 305 1664 53
329 1632 494 1676 tamquam]
512 1634 613 1664 Nullo
626 1634 722 1664 modo
735 1634 795 1663 hoc
807 1641 922 1663 verum
1009 1641 1049 1664 54
1072 1632 1096 1662 si
1114 1632 1232 1672 tal1’hus]
1253 1632 1295 1663 his
1311 1634 1388 1664 hinc
1404 1634 1511 1667 laudat
1527 1635 1667 1668 Decem!-

220 1686 289 1707 csse
305 1684 415 1717 potest.
459 1678 645 1716 Legendum
662 1684 708 1707 est
724 1683 829 1705 tamen.
852 1676 920 1715 qui·
963 1677 1049 1709 brius
1062 1676 1152 1708 Polit.
1168 1676 1247 1708 liter·
1266 1686 1296 1718 p.
1314 1683 1384 1710 219.

221 1721 297 1752 dam
323 1719 401 1752 Mss.
425 1726 455 1751 et
479 1722 547 1752 edd.
575 1720 696 1752 habent
721 1729 921 1762 quamquam:
