1844 3202
458 120 849 160 FRAGMENTA
887 117 1251 158 POEMATUM.
1489 121 1565 164 947

150 230 221 271 Sed
235 241 344 270 tamen
362 232 443 269 anni
449 233 528 280 jam
546 230 708 268 labuntur
723 239 862 279 tempore
879 237 956 272 toto,

148 287 220 323 Nec
236 285 288 322 cui
305 285 472 335 signorum
491 283 622 327 cedunt,
639 282 896 333 nequeflamina
915 281 1046 324 vitant.
1516 283 1566 324 70

148 339 221 376 Nec
238 347 387 384 metuunt
405 350 499 374 canos
518 337 688 373 minitanti
706 347 870 372 murmure
876 334 1023 381 fluctus.

145 393 260 443 Atque
276 393 374 428 etiam
392 402 504 441 supero
522 390 608 427 navi
620 390 803 440 pelagoque
819 394 952 438 vagato

146 447 280 488 Mense,
301 444 538 494 Sagittipotens
555 443 631 480 solis
650 456 724 480 curn
743 442 884 479 sustinet
901 440 1020 479 orbem.

148 498 239 535 Nam
248 497 326 544 jam
343 510 417 533 cum
437 497 544 533 minus
561 497 678 546 exiguo
696 497 758 533 lux
776 504 914 545 tempore
924 500 1050 545 praesto
1066 502 1127 538 est,

146 551 221 587 Hoc
240 551 372 600 signum
392 550 526 586 veniens
538 559 693 600 poterunt
707 560 908 599 praenoscere
924 556 1041 586 nautae
1052 562 1065 584 .·
1515 549 1564 589 75

142 602 235 652 Jam
247 614 348 654 prope
360 604 525 654 praecipiti
544 614 622 639 ante
639 602 747 639 licebit
765 602 872 639 «visere
888 602 988 646 nocti,

147 657 195 694 Ut
212 670 280 693 sese
293 656 460 694 ostendens
479 657 614 706 emergit
633 655 785 706 Scorpius
801 655 883 699 alte,

144 710 329 747 Posteriore
346 709 486 747 traharis
493 710 627 755 flexum
646 709 688 746 vi
702 708 840 759 corporis
859 720 975 745 arcum
989 723 1002 744 .·

143 762 234 811 Jam
253 774 356 813 supra
376 775 482 799 cernes
501 763 599 799 Arcti
616 770 715 813 caput
733 774 800 798 esse
816 761 961 805 minoris,

146 816 195 853 Et
216 817 324 866 magis
341 825 480 853 erectum
499 815 549 852 ad
563 829 725 853 summum
744 814 912 852 ‘versarier
928 812 1048 851 orbem.
1517 816 1571 848 80

146 869 234 907 Tum
255 883 321 906 sese
343 869 445 907 Orion
463 878 527 906 toto
533 870 612 918 jam
631 879 758 919 corpore
774 866 884 905 condit

144 923 308 960 Extrema
324 933 421 973 prope
438 930 540 967 nocte,
559 931 589 959 et
612 921 757 973 Cepheus
775 920 924 958 conditur
941 930 1031 965 ante,

144 976 349 1013 Lumborum
369 985 461 1012 tenus
481 990 503 1013 a
518 977 630 1026 prima
649 975 801 1026 depulsus
819 973 868 1011 ad
884 973 1006 1013 undas.

145 1029 216 1066 Hic
232 1030 364 1066 missore
380 1043 510 1066 vacans
516 1030 660 1078 fulgens
669 1030 764 1077 jacet
781 1040 849 1066 una
867 1029 1011 1077 sagitta,

151 1083 263 1131 Quam
277 1091 411 1133 propter
427 1083 531 1119 nitens
542 1093 656 1133 penna
674 1081 887 1119 convolvitur
905 1081 985 1118 Ales
999 1097 1010 1116 :
1518 1082 1567 1116 85

144 1136 193 1172 Et
210 1136 337 1172 clinata
357 1136 464 1185 magis
479 1136 594 1186 paullo
610 1144 658 1172 est
676 1135 849 1186 Aquilonis
867 1134 917 1171 ad
931 1146 1048 1171 auras,

144 1191 195 1225 At
209 1198 342 1239 propter
359 1202 391 1225 se
409 1189 540 1239 Aquila
559 1189 692 1225 ardenti
711 1202 785 1225 cum
802 1198 929 1238 corpore
939 1196 1056 1238 portat

144 1242 330 1291 Igniferum
350 1242 491 1279 mulcens
510 1241 730 1279 tremebundis
749 1241 876 1278 aethera
890 1242 1016 1291 pennis,

144 1296 224 1332 Nou
241 1296 337 1332 nimis
356 1296 483 1345 ingenti
500 1309 573 1332 cum
594 1306 730 1346 corpore,
746 1293 807 1332 sed
815 1308 930 1344 grave
948 1294 1071 1331 maestis

147 1348 300 1385 Ostendit
316 1349 428 1386 nautis
439 1348 643 1400 perturbans
661 1362 798 1399 aequora
816 1348 961 1398 signum.
1520 1348 1577 1390 90

146 1402 232 1439 Tum
253 1402 367 1451 magni
383 1415 509 1440 curvus
532 1402 723 1452 Capricorni
742 1412 876 1452 corpora
890 1409 1021 1451 propter

143 1454 333 1505 Delphinus
340 1455 434 1502 jacet
453 1455 549 1492 baud
565 1455 663 1492 nimio
680 1452 838 1491 lustratu’
857 1454 972 1498 nitore,

142 1509 278 1546 Praeter
295 1508 524 1559 quadruplices
541 1508 657 1545 stellas
673 1509 708 1544 in
714 1508 832 1556 fronte
851 1507 991 1552 locatas,

149 1562 246 1612 Quas
263 1562 482 1599 intervallum
503 1561 596 1599 binas
615 1560 823 1598 disterminat
842 1573 960 1598 unum.

147 1615 266 1653 Cetera
278 1625 363 1665 pars
383 1615 466 1653 laeta
484 1616 574 1652 tenui
592 1628 666 1651 cum
685 1614 807 1650 lumine
823 1614 935 1664 serpit.
1523 1614 1574 1656 95

141 1668 222 1706 Illae
239 1682 317 1719 quae
321 1668 468 1717 fulgent
484 1668 571 1704 luces
587 1680 629 1704 ex
646 1680 699 1704 ore
715 1680 853 1709 corusco,

145 1720 235 1760 Sunt
254 1721 339 1758 inter
351 1731 464 1771 partes
478 1720 612 1771 gelidas
629 1720 803 1772 Aquilonis
820 1720 952 1762 locatae,
995 1767 1000 1770 -

142 1777 257 1825 Atque
275 1775 360 1811 inter
377 1776 522 1825 spatium
540 1783 572 1811 et
589 1773 663 1811 laeti
680 1774 828 1823 vestigia
844 1772 930 1810 solis.

143 1831 194 1865 At
208 1838 289 1878 pars
309 1828 446 1877 inferior
464 1826 625 1878 Delphini
629 1827 738 1875 fusca
753 1825 891 1863 videtur

141 1882 236 1919 Inter
252 1881 327 1917 solis
345 1881 420 1925 iter,
439 1881 539 1918 simul
555 1880 797 1927 interflamina
815 1879 924 1924 venti,
1503 1881 1578 1915 100

148 1934 286 1973 Viribus
305 1935 446 1985 erumpit
465 1947 534 1984 qua
552 1933 672 1970 summi
688 1934 822 1984 spiritus
842 1932 974 1970 Austri.

145 1987 278 2025 Exinde
301 1988 405 2025 Orion
423 1987 551 2038 obliquo
569 1999 696 2037 corpore
713 1987 820 2023 nitens

143 2041 307 2090 Inferiora
327 2048 412 2078 tenet
430 2041 608 2078 truculenti
626 2051 757 2091 corpora
779 2040 913 2077 Tauri:

150 2095 253 2144 Quem
271 2096 328 2144 qui
342 2095 515 2145 suspiciens
532 2094 567 2130 in
585 2094 704 2130 coelum
722 2102 812 2130 nocte
828 2105 942 2130 serena

145 2148 236 2185 Late
252 2147 430 2198 dispersum
448 2161 511 2184 non
529 2146 669 2192 viderit,
690 2146 786 2184 haud
799 2147 851 2183 ita
869 2159 950 2183 vero
1500 2146 1574 2179 305

147 2200 268 2239 Cetera
286 2214 319 2238 se
334 2210 436 2251 speret
454 2213 636 2251 cognoscere
652 2201 751 2252 signa
763 2209 896 2250 potesse.

146 2253 306 2305 Namque
316 2254 413 2305 pedes
430 2254 544 2291 subter
560 2254 662 2290 rutilo
680 2267 752 2290 cum
771 2254 895 2290 lumine
912 2251 1018 2290 claret

147 2307 312 2344 Fervidus
328 2308 384 2345 ille
405 2307 509 2345 Canis
523 2308 695 2344 stellarum
714 2307 785 2344 lucc·
802 2306 982 2355 refulgens.

147 2360 251 2398 Hunc
269 2361 351 2410 tegit
367 2360 523 2398 obscurus
540 2360 652 2397 subter
662 2359 851 2411 pracordia
869 2365 988 2396 venter
999 2374 1012 2395 .·

148 2414 221 2450 Nec
241 2420 305 2450 toto
322 2414 451 2464 spirans
467 2413 584 2452 rabido
601 2413 642 2451 de
660 2423 786 2464 corpore
788 2413 973 2460 flammam
1503 2414 1516 2445 l
1531 2411 1579 2444 10

146 2466 334 2516 AEstiferos
351 2467 478 2504 validis
494 2467 633 2517 erumpit
638 2466 791 2514 flatibus
808 2467 900 2517 ignes
915 2481 928 2503 .-

149 2520 250 2558 Totus
268 2519 312 2557 ab
327 2533 380 2557 ore
399 2521 523 2557 micans
531 2520 666 2568 jacitur
682 2520 879 2557 mortalibus
896 2517 1010 2557 ardor.

145 2574 216 2611 Hic
233 2573 292 2621 ubi
313 2587 346 2610 se
356 2574 483 2622 pariter
499 2587 572 2611 cum
589 2573 652 2611 sole
670 2574 706 2610 in
723 2573 872 2611 culmina
889 2572 965 2610 coeli

147 2626 297 2671 Extulit,
318 2626 412 2664 baud
422 2626 722 2678 patitursoliorum
742 2627 883 2676 tegmine
887 2626 1032 2675 frustra

149 2679 324 2730 Suspensas
341 2681 466 2718 animos
484 2679 627 2717 arbusta
645 2689 766 2717 ornata
784 2689 903 2717 tenere.
1501 2678 1574 2711 115

149 2733 243 2770 Nam
262 2748 398 2785 quorum
415 2735 530 2785 stirpes
549 2733 645 2770 tellus
662 2734 817 2784 amplexa
831 2730 1016 2784 prehendit,

149 2787 236 2824 Haec
253 2801 380 2838 augens
396 2788 512 2825 anima
528 2786 632 2825 vitali
637 2787 783 2834 flamine
800 2786 920 2823 mulcet
933 2800 946 2821 .-

146 2841 198 2882 .At
215 2854 351 2892 quorum
369 2847 532 2894 nequeunt
548 2839 675 2880 radices
680 2839 815 2896 findere
833 2846 954 2883 terras,

913 2901 1032 2948 31²4
