<?xml version="1.0" encoding="UTF-8"?>
<!DOCTYPE html PUBLIC "-//W3C//DTD XHTML 1.0 Transitional//EN"
    "http://www.w3.org/TR/xhtml1/DTD/xhtml1-transitional.dtd">
<html xmlns="http://www.w3.org/1999/xhtml" xml:lang="en" lang="en">
 <head>
  <title>
</title>
<meta http-equiv="Content-Type" content="text/html;charset=utf-8" />
  <meta name='ocr-system' content='tesseract 3.04.00' />
  <meta name='ocr-capabilities' content='ocr_page ocr_carea ocr_par ocr_line ocrx_word'/>
</head>
<body>
  <div class='ocr_page' id='page_1' title='image "./p2operaomnia04ciceuoft_0382.png"; bbox 0 0 1844 3202; ppageno 0'>
   <div class='ocr_carea' id='block_1_1' title="bbox 265 135 1336 183">
    <p class='ocr_par' dir='ltr' id='par_1_1' title="bbox 265 135 1336 183">
     <span class='ocr_line' id='line_1_1' title="bbox 265 135 1336 183; baseline 0.004 -10"><span class='ocrx_word' id='word_1_1' title='bbox 265 135 347 183; x_wconf 80' lang='grc'>986</span> <span class='ocrx_word' id='word_1_2' title='bbox 639 138 699 176; x_wconf 92' lang='grc' dir='ltr'>Μ.</span> <span class='ocrx_word' id='word_1_3' title='bbox 731 138 948 177; x_wconf 92' lang='lat' dir='ltr'>TULLII</span> <span class='ocrx_word' id='word_1_4' title='bbox 987 138 1336 178; x_wconf 88' lang='lat' dir='ltr'>CICERONIS-</span> 
     </span>
    </p>
   </div>
   <div class='ocr_carea' id='block_1_2' title="bbox 209 243 1701 2916">
    <p class='ocr_par' dir='ltr' id='par_1_2' title="bbox 209 243 1701 2916">
     <span class='ocr_line' id='line_1_2' title="bbox 262 243 1699 305; baseline 0.003 -19"><span class='ocrx_word' id='word_1_5' title='bbox 262 243 514 301; x_wconf 87' lang='lat' dir='ltr'>casibusque</span> <span class='ocrx_word' id='word_1_6' title='bbox 541 246 763 301; x_wconf 86' lang='lat' dir='ltr'>permultis</span> <span class='ocrx_word' id='word_1_7' title='bbox 796 246 963 288; x_wconf 84' lang='lat' dir='ltr'>assidue</span> <span class='ocrx_word' id='word_1_8' title='bbox 988 247 1230 290; x_wconf 80' lang='lat' dir='ltr'>luctentur:</span> <span class='ocrx_word' id='word_1_9' title='bbox 1260 248 1387 290; x_wconf 89' lang='lat' dir='ltr'>deum</span> <span class='ocrx_word' id='word_1_10' title='bbox 1417 263 1515 291; x_wconf 82' lang='lat' dir='ltr'>vero</span> <span class='ocrx_word' id='word_1_11' title='bbox 1545 249 1699 305; x_wconf 90' lang='lat' dir='ltr'>ipsum,</span> 
     </span>
     <span class='ocr_line' id='line_1_3' title="bbox 263 303 1700 362; baseline 0.004 -20"><span class='ocrx_word' id='word_1_12' title='bbox 263 310 471 356; x_wconf 90' lang='lat' dir='ltr'>quantum</span> <span class='ocrx_word' id='word_1_13' title='bbox 505 303 683 360; x_wconf 89' lang='lat' dir='ltr'>quisque</span> <span class='ocrx_word' id='word_1_14' title='bbox 714 304 946 360; x_wconf 88' lang='lat' dir='ltr'>pugnando</span> <span class='ocrx_word' id='word_1_15' title='bbox 978 305 1126 356; x_wconf 88' lang='lat' dir='ltr'>valeat,</span> <span class='ocrx_word' id='word_1_16' title='bbox 1148 320 1361 362; x_wconf 86' lang='lat' dir='ltr'>quamque</span> <span class='ocrx_word' id='word_1_17' title='bbox 1389 305 1558 347; x_wconf 85' lang='lat' dir='ltr'>viriliter</span> <span class='ocrx_word' id='word_1_18' title='bbox 1578 307 1700 348; x_wconf 91' lang='lat' dir='ltr'>forti-</span> 
     </span>
     <span class='ocr_line' id='line_1_4' title="bbox 261 357 1701 417; baseline 0.004 -19"><span class='ocrx_word' id='word_1_19' title='bbox 261 357 409 399; x_wconf 83' lang='lat' dir='ltr'>tudine</span> <span class='ocrx_word' id='word_1_20' title='bbox 434 359 630 401; x_wconf 88' lang='lat' dir='ltr'>divinitus</span> <span class='ocrx_word' id='word_1_21' title='bbox 660 373 832 416; x_wconf 88' lang='lat' dir='ltr'>accepta</span> <span class='ocrx_word' id='word_1_22' title='bbox 857 371 1015 411; x_wconf 83' lang='lat' dir='ltr'>utatur,</span> <span class='ocrx_word' id='word_1_23' title='bbox 1042 360 1222 417; x_wconf 81' lang='lat' dir='ltr'><strong>desuper</strong></span> <span class='ocrx_word' id='word_1_24' title='bbox 1247 371 1487 417; x_wconf 80' lang='lat' dir='ltr'>aspectare:</span> <span class='ocrx_word' id='word_1_25' title='bbox 1520 363 1616 414; x_wconf 89' lang='lat' dir='ltr'>hoc,</span> <span class='ocrx_word' id='word_1_26' title='bbox 1638 363 1701 404; x_wconf 91' lang='lat' dir='ltr'>in-</span> 
     </span>
     <span class='ocr_line' id='line_1_5' title="bbox 260 416 1699 475; baseline 0.003 -20"><span class='ocrx_word' id='word_1_27' title='bbox 260 429 405 470; x_wconf 87' lang='lat' dir='ltr'>quam,</span> <span class='ocrx_word' id='word_1_28' title='bbox 427 416 460 456; x_wconf 90' lang='lat' dir='ltr'>si</span> <span class='ocrx_word' id='word_1_29' title='bbox 483 432 626 457; x_wconf 83' lang='lat' dir='ltr'>verum</span> <span class='ocrx_word' id='word_1_30' title='bbox 643 429 721 468; x_wconf 88' lang='lat' dir='ltr'>est,</span> <span class='ocrx_word' id='word_1_31' title='bbox 736 417 917 458; x_wconf 87' lang='lat' dir='ltr'>dubitari</span> <span class='ocrx_word' id='word_1_32' title='bbox 934 418 1128 472; x_wconf 85' lang='lat' dir='ltr'>profecto</span> <span class='ocrx_word' id='word_1_33' title='bbox 1147 433 1229 458; x_wconf 90' lang='lat' dir='ltr'>non</span> <span class='ocrx_word' id='word_1_34' title='bbox 1246 428 1399 473; x_wconf 88' lang='lat' dir='ltr'>potest,</span> <span class='ocrx_word' id='word_1_35' title='bbox 1418 420 1533 474; x_wconf 89' lang='lat' dir='ltr'>quin,</span> <span class='ocrx_word' id='word_1_36' title='bbox 1551 435 1699 475; x_wconf 87' lang='lat' dir='ltr'>quem—</span> 
     </span>
     <span class='ocr_line' id='line_1_6' title="bbox 259 471 1697 530; baseline 0.003 -17"><span class='ocrx_word' id='word_1_37' title='bbox 259 471 491 513; x_wconf 83' lang='lat' dir='ltr'>admodum</span> <span class='ocrx_word' id='word_1_38' title='bbox 526 474 706 529; x_wconf 89' lang='lat' dir='ltr'>populus</span> <span class='ocrx_word' id='word_1_39' title='bbox 739 475 956 514; x_wconf 82' lang='lat' dir='ltr'>Romanus</span> <span class='ocrx_word' id='word_1_40' title='bbox 988 473 1028 514; x_wconf 89' lang='lat' dir='ltr'>in</span> <span class='ocrx_word' id='word_1_41' title='bbox 1062 475 1305 515; x_wconf 88' lang='lat' dir='ltr'>muneribus</span> <span class='ocrx_word' id='word_1_42' title='bbox 1336 476 1515 530; x_wconf 90' lang='lat' dir='ltr'>publicis</span> <span class='ocrx_word' id='word_1_43' title='bbox 1544 476 1697 518; x_wconf 81' lang='lat' dir='ltr'>invisos</span> 
     </span>
     <span class='ocr_line' id='line_1_7' title="bbox 259 527 1697 587; baseline 0.003 -17"><span class='ocrx_word' id='word_1_44' title='bbox 259 527 389 570; x_wconf 82' lang='lat' dir='ltr'>habet</span> <span class='ocrx_word' id='word_1_45' title='bbox 410 530 680 585; x_wconf 83' lang='lat' dir='ltr'>gladiatores,</span> <span class='ocrx_word' id='word_1_46' title='bbox 701 530 773 586; x_wconf 92' lang='lat' dir='ltr'>qui</span> <span class='ocrx_word' id='word_1_47' title='bbox 805 530 922 570; x_wconf 91' lang='lat' dir='ltr'>omni</span> <span class='ocrx_word' id='word_1_48' title='bbox 953 530 1083 571; x_wconf 89' lang='lat' dir='ltr'>modo</span> <span class='ocrx_word' id='word_1_49' title='bbox 1110 531 1236 571; x_wconf 77' lang='lat' dir='ltr'>vitam</span> <span class='ocrx_word' id='word_1_50' title='bbox 1264 532 1485 586; x_wconf 89' lang='lat' dir='ltr'>impetrare</span> <span class='ocrx_word' id='word_1_51' title='bbox 1505 533 1697 587; x_wconf 89' lang='lat' dir='ltr'>cupiunt,</span> 
     </span>
     <span class='ocr_line' id='line_1_8' title="bbox 257 584 1695 643; baseline 0.003 -17"><span class='ocrx_word' id='word_1_52' title='bbox 257 584 367 627; x_wconf 86' lang='lat' dir='ltr'>favet</span> <span class='ocrx_word' id='word_1_53' title='bbox 388 587 451 637; x_wconf 88' lang='lat' dir='ltr'>iis,</span> <span class='ocrx_word' id='word_1_54' title='bbox 477 586 547 642; x_wconf 90' lang='lat' dir='ltr'>qui</span> <span class='ocrx_word' id='word_1_55' title='bbox 569 597 831 628; x_wconf 82' lang='lat' dir='ltr'>contemtum</span> <span class='ocrx_word' id='word_1_56' title='bbox 855 587 946 643; x_wconf 88' lang='lat' dir='ltr'>ejus</span> <span class='ocrx_word' id='word_1_57' title='bbox 978 602 1064 642; x_wconf 86' lang='lat' dir='ltr'>prae</span> <span class='ocrx_word' id='word_1_58' title='bbox 1099 601 1142 628; x_wconf 88' lang='lat' dir='ltr'>se</span> <span class='ocrx_word' id='word_1_59' title='bbox 1171 588 1334 629; x_wconf 81' lang='lat' dir='ltr'>ferunt:</span> <span class='ocrx_word' id='word_1_60' title='bbox 1365 589 1515 630; x_wconf 85' lang='lat' dir='ltr'>itidem</span> <span class='ocrx_word' id='word_1_61' title='bbox 1535 589 1591 630; x_wconf 90' lang='lat' dir='ltr'>dii</span> <span class='ocrx_word' id='word_1_62' title='bbox 1613 590 1695 630; x_wconf 87' lang='lat' dir='ltr'>im-</span> 
     </span>
     <span class='ocr_line' id='line_1_9' title="bbox 257 643 1694 698; baseline 0.003 -15"><span class='ocrx_word' id='word_1_63' title='bbox 257 643 471 693; x_wconf 89' lang='lat' dir='ltr'>mortales,</span> <span class='ocrx_word' id='word_1_64' title='bbox 494 643 526 684; x_wconf 90' lang='lat' dir='ltr'>si</span> <span class='ocrx_word' id='word_1_65' title='bbox 550 658 656 698; x_wconf 89' lang='lat' dir='ltr'>quos</span> <span class='ocrx_word' id='word_1_66' title='bbox 676 659 725 684; x_wconf 86' lang='lat' dir='ltr'>ex</span> <span class='ocrx_word' id='word_1_67' title='bbox 747 643 991 684; x_wconf 87' lang='lat' dir='ltr'>hominibus</span> <span class='ocrx_word' id='word_1_68' title='bbox 1014 644 1136 685; x_wconf 90' lang='lat' dir='ltr'>nimis</span> <span class='ocrx_word' id='word_1_69' title='bbox 1158 644 1276 685; x_wconf 79' lang='lat' dir='ltr'>anxie</span> <span class='ocrx_word' id='word_1_70' title='bbox 1298 644 1350 685; x_wconf 88' lang='lat' dir='ltr'>de</span> <span class='ocrx_word' id='word_1_71' title='bbox 1372 646 1453 686; x_wconf 88' lang='lat' dir='ltr'>vita</span> <span class='ocrx_word' id='word_1_72' title='bbox 1475 645 1694 697; x_wconf 90' lang='lat' dir='ltr'>sollicitos,</span> 
     </span>
     <span class='ocr_line' id='line_1_10' title="bbox 256 698 1694 757; baseline 0.004 -18"><span class='ocrx_word' id='word_1_73' title='bbox 256 698 433 755; x_wconf 88' lang='lat' dir='ltr'>ejusque</span> <span class='ocrx_word' id='word_1_74' title='bbox 463 700 620 740; x_wconf 76' lang='lat' dir='ltr'>exitum</span> <span class='ocrx_word' id='word_1_75' title='bbox 651 701 929 741; x_wconf 81' lang='lat' dir='ltr'>detrectantes</span> <span class='ocrx_word' id='word_1_76' title='bbox 958 701 1174 756; x_wconf 81' lang='lat' dir='ltr'>aspiciant,</span> <span class='ocrx_word' id='word_1_77' title='bbox 1199 701 1247 741; x_wconf 92' lang='lat' dir='ltr'>iis</span> <span class='ocrx_word' id='word_1_78' title='bbox 1277 702 1420 757; x_wconf 88' lang='lat' dir='ltr'>aliquo</span> <span class='ocrx_word' id='word_1_79' title='bbox 1448 703 1575 744; x_wconf 89' lang='lat' dir='ltr'>modo</span> <span class='ocrx_word' id='word_1_80' title='bbox 1597 718 1694 745; x_wconf 87' lang='lat' dir='ltr'>suc-</span> 
     </span>
     <span class='ocr_line' id='line_1_11' title="bbox 255 757 1691 815; baseline 0.004 -20"><span class='ocrx_word' id='word_1_81' title='bbox 255 768 476 797; x_wconf 77' lang='lat' dir='ltr'>censeant:</span> <span class='ocrx_word' id='word_1_82' title='bbox 510 772 582 799; x_wconf 87' lang='lat' dir='ltr'>eos</span> <span class='ocrx_word' id='word_1_83' title='bbox 614 772 709 798; x_wconf 85' lang='lat' dir='ltr'>vero</span> <span class='ocrx_word' id='word_1_84' title='bbox 741 767 783 799; x_wconf 89' lang='lat' dir='ltr'>et</span> <span class='ocrx_word' id='word_1_85' title='bbox 816 772 933 798; x_wconf 89' lang='lat' dir='ltr'>caros</span> <span class='ocrx_word' id='word_1_86' title='bbox 969 757 1165 808; x_wconf 86' lang='lat' dir='ltr'>habeant,</span> <span class='ocrx_word' id='word_1_87' title='bbox 1196 769 1239 799; x_wconf 87' lang='lat' dir='ltr'>et</span> <span class='ocrx_word' id='word_1_88' title='bbox 1270 758 1514 799; x_wconf 86' lang='lat' dir='ltr'>muneribus</span> <span class='ocrx_word' id='word_1_89' title='bbox 1549 775 1691 815; x_wconf 82' lang='lat' dir='ltr'>prose-</span> 
     </span>
     <span class='ocr_line' id='line_1_12' title="bbox 255 813 1692 869; baseline 0.003 -16"><span class='ocrx_word' id='word_1_90' title='bbox 255 823 451 867; x_wconf 86' lang='lat' dir='ltr'>quantur,</span> <span class='ocrx_word' id='word_1_91' title='bbox 473 813 544 869; x_wconf 86' lang='lat' dir='ltr'>qui</span> <span class='ocrx_word' id='word_1_92' title='bbox 576 814 609 854; x_wconf 92' lang='lat' dir='ltr'>si</span> <span class='ocrx_word' id='word_1_93' title='bbox 640 829 663 854; x_wconf 92' lang='lat' dir='ltr'>e</span> <span class='ocrx_word' id='word_1_94' title='bbox 694 814 777 855; x_wconf 78' lang='lat' dir='ltr'>vita</span> <span class='ocrx_word' id='word_1_95' title='bbox 807 823 1053 855; x_wconf 86' lang='lat' dir='ltr'>revocentur</span> <span class='ocrx_word' id='word_1_96' title='bbox 1084 814 1178 869; x_wconf 90' lang='lat' dir='ltr'>ipsi,</span> <span class='ocrx_word' id='word_1_97' title='bbox 1207 813 1270 855; x_wconf 89' lang='lat' dir='ltr'>vel</span> <span class='ocrx_word' id='word_1_98' title='bbox 1297 829 1394 856; x_wconf 90' lang='lat' dir='ltr'>suos</span> <span class='ocrx_word' id='word_1_99' title='bbox 1422 817 1604 857; x_wconf 87' lang='lat' dir='ltr'>revocari</span> <span class='ocrx_word' id='word_1_100' title='bbox 1634 818 1692 857; x_wconf 87' lang='lat' dir='ltr'>vi-</span> 
     </span>
     <span class='ocr_line' id='line_1_13' title="bbox 253 869 1690 927; baseline 0.003 -18"><span class='ocrx_word' id='word_1_101' title='bbox 253 869 394 919; x_wconf 80' lang='lat' dir='ltr'>deant,</span> <span class='ocrx_word' id='word_1_102' title='bbox 417 871 589 921; x_wconf 82' lang='lat' dir='ltr'>alacres,</span> <span class='ocrx_word' id='word_1_103' title='bbox 610 870 781 927; x_wconf 85' lang='lat' dir='ltr'>laetique</span> <span class='ocrx_word' id='word_1_104' title='bbox 810 871 890 912; x_wconf 88' lang='lat' dir='ltr'>deo</span> <span class='ocrx_word' id='word_1_105' title='bbox 921 880 1105 926; x_wconf 86' lang='lat' dir='ltr'>pareant,</span> <span class='ocrx_word' id='word_1_106' title='bbox 1128 871 1316 927; x_wconf 85' lang='lat' dir='ltr'>nihilque</span> <span class='ocrx_word' id='word_1_107' title='bbox 1344 882 1566 927; x_wconf 88' lang='lat' dir='ltr'>propterea</span> <span class='ocrx_word' id='word_1_108' title='bbox 1591 874 1690 915; x_wconf 86' lang='lat' dir='ltr'>mali</span> 
     </span>
     <span class='ocr_line' id='line_1_14' title="bbox 254 925 1691 985; baseline 0.003 -19"><span class='ocrx_word' id='word_1_109' title='bbox 254 925 333 966; x_wconf 89' lang='lat' dir='ltr'>sibi</span> <span class='ocrx_word' id='word_1_110' title='bbox 361 927 563 967; x_wconf 78' lang='lat' dir='ltr'>accidisse</span> <span class='ocrx_word' id='word_1_111' title='bbox 585 927 794 983; x_wconf 87' lang='lat' dir='ltr'>judicent.</span> <span class='ocrx_word' id='word_1_112' title='bbox 826 928 941 983; x_wconf 88' lang='lat' dir='ltr'>quod</span> <span class='ocrx_word' id='word_1_113' title='bbox 963 928 996 968; x_wconf 91' lang='lat' dir='ltr'>si</span> <span class='ocrx_word' id='word_1_114' title='bbox 1016 927 1206 968; x_wconf 71' lang='lat' dir='ltr'>faeminas</span> <span class='ocrx_word' id='word_1_115' title='bbox 1228 928 1470 983; x_wconf 63' lang='lat' dir='ltr'>praestitisse</span> <span class='ocrx_word' id='word_1_116' title='bbox 1491 929 1691 985; x_wconf 87' lang='lat' dir='ltr'>intelligi-</span> 
     </span>
     <span class='ocr_line' id='line_1_15' title="bbox 253 984 1690 1040; baseline 0.005 -18"><span class='ocrx_word' id='word_1_117' title='bbox 253 997 379 1023; x_wconf 89' lang='lat' dir='ltr'>mus:</span> <span class='ocrx_word' id='word_1_118' title='bbox 422 998 497 1024; x_wconf 92' lang='lat' dir='ltr'>cur</span> <span class='ocrx_word' id='word_1_119' title='bbox 528 984 577 1024; x_wconf 91' lang='lat' dir='ltr'>iis</span> <span class='ocrx_word' id='word_1_120' title='bbox 611 984 923 1035; x_wconf 85' lang='lat' dir='ltr'>imbecilliores,</span> <span class='ocrx_word' id='word_1_121' title='bbox 954 993 1081 1040; x_wconf 87' lang='lat' dir='ltr'>atque</span> <span class='ocrx_word' id='word_1_122' title='bbox 1118 984 1365 1025; x_wconf 72' lang='lat' dir='ltr'>infirmiores</span> <span class='ocrx_word' id='word_1_123' title='bbox 1390 985 1529 1026; x_wconf 64' lang='lat' dir='ltr'>&#39;videri</span> <span class='ocrx_word' id='word_1_124' title='bbox 1564 988 1690 1029; x_wconf 87' lang='lat' dir='ltr'>velint</span> 
     </span>
     <span class='ocr_line' id='line_1_16' title="bbox 250 1039 1690 1097; baseline 0.003 -17"><span class='ocrx_word' id='word_1_125' title='bbox 250 1039 354 1080; x_wconf 86' lang='lat' dir='ltr'>viri?</span> <span class='ocrx_word' id='word_1_126' title='bbox 386 1055 522 1096; x_wconf 90' lang='lat' dir='ltr'>neque</span> <span class='ocrx_word' id='word_1_127' title='bbox 549 1041 688 1082; x_wconf 89' lang='lat' dir='ltr'>solum</span> <span class='ocrx_word' id='word_1_128' title='bbox 715 1056 842 1082; x_wconf 89' lang='lat' dir='ltr'>unam</span> <span class='ocrx_word' id='word_1_129' title='bbox 862 1042 1045 1097; x_wconf 81' lang='lat' dir='ltr'>aliquam</span> <span class='ocrx_word' id='word_1_130' title='bbox 1069 1056 1091 1081; x_wconf 86' lang='lat' dir='ltr'>e</span> <span class='ocrx_word' id='word_1_131' title='bbox 1112 1042 1255 1082; x_wconf 84' lang='lat' dir='ltr'>multis</span> <span class='ocrx_word' id='word_1_132' title='bbox 1277 1042 1505 1094; x_wconf 67' lang='lat' dir='ltr'>faeminam,</span> <span class='ocrx_word' id='word_1_133' title='bbox 1527 1043 1600 1084; x_wconf 86' lang='lat' dir='ltr'>scd</span> <span class='ocrx_word' id='word_1_134' title='bbox 1623 1054 1690 1085; x_wconf 74' lang='lat' dir='ltr'>to,-</span> 
     </span>
     <span class='ocr_line' id='line_1_17' title="bbox 250 1098 1687 1152; baseline 0.003 -15"><span class='ocrx_word' id='word_1_135' title='bbox 250 1104 337 1137; x_wconf 83' lang='lat' dir='ltr'>tarn</span> <span class='ocrx_word' id='word_1_136' title='bbox 359 1107 547 1152; x_wconf 85' lang='lat' dir='ltr'>gentem,</span> <span class='ocrx_word' id='word_1_137' title='bbox 567 1112 614 1138; x_wconf 87' lang='lat' dir='ltr'>ac</span> <span class='ocrx_word' id='word_1_138' title='bbox 637 1099 864 1149; x_wconf 89' lang='lat' dir='ltr'>nationem,</span> <span class='ocrx_word' id='word_1_139' title='bbox 888 1108 935 1139; x_wconf 90' lang='lat' dir='ltr'>ut</span> <span class='ocrx_word' id='word_1_140' title='bbox 954 1098 1132 1138; x_wconf 86' lang='lat' dir='ltr'>marium</span> <span class='ocrx_word' id='word_1_141' title='bbox 1156 1099 1322 1149; x_wconf 75' lang='lat' dir='ltr'>virtute,</span> <span class='ocrx_word' id='word_1_142' title='bbox 1345 1099 1402 1139; x_wconf 88' lang='lat' dir='ltr'>sic</span> <span class='ocrx_word' id='word_1_143' title='bbox 1426 1099 1687 1142; x_wconf 81' lang='lat' dir='ltr'>faeminarum</span> 
     </span>
     <span class='ocr_line' id='line_1_18' title="bbox 248 1153 1688 1212; baseline 0.003 -18"><span class='ocrx_word' id='word_1_144' title='bbox 248 1153 400 1194; x_wconf 85' lang='lat' dir='ltr'>eximia</span> <span class='ocrx_word' id='word_1_145' title='bbox 438 1155 621 1210; x_wconf 86' lang='lat' dir='ltr'>quadam</span> <span class='ocrx_word' id='word_1_146' title='bbox 661 1155 955 1211; x_wconf 84' lang='lat' dir='ltr'>magnitudine</span> <span class='ocrx_word' id='word_1_147' title='bbox 991 1155 1118 1195; x_wconf 89' lang='lat' dir='ltr'>animi</span> <span class='ocrx_word' id='word_1_148' title='bbox 1159 1156 1400 1211; x_wconf 80' lang='lat' dir='ltr'>praestitisse</span> <span class='ocrx_word' id='word_1_149' title='bbox 1435 1157 1688 1212; x_wconf 85' lang='lat' dir='ltr'>accepimus.</span> 
     </span>
     <span class='ocr_line' id='line_1_19' title="bbox 251 1210 1690 1262; baseline 0.002 -11"><span class='ocrx_word' id='word_1_150' title='bbox 251 1210 450 1252; x_wconf 83' lang='lat' dir='ltr'>Lacaenas</span> <span class='ocrx_word' id='word_1_151' title='bbox 481 1212 592 1252; x_wconf 88' lang='lat' dir='ltr'>enim</span> <span class='ocrx_word' id='word_1_152' title='bbox 626 1221 838 1253; x_wconf 87' lang='lat' dir='ltr'>matronas</span> <span class='ocrx_word' id='word_1_153' title='bbox 869 1212 1071 1253; x_wconf 85' lang='lat' dir='ltr'>traditum</span> <span class='ocrx_word' id='word_1_154' title='bbox 1103 1223 1180 1262; x_wconf 89' lang='lat' dir='ltr'>est,</span> <span class='ocrx_word' id='word_1_155' title='bbox 1210 1212 1358 1253; x_wconf 85' lang='lat' dir='ltr'>occisis</span> <span class='ocrx_word' id='word_1_156' title='bbox 1395 1213 1486 1253; x_wconf 80' lang='lat' dir='ltr'>filiis</span> <span class='ocrx_word' id='word_1_157' title='bbox 1518 1213 1690 1256; x_wconf 77' lang='lat' dir='ltr'>vulnera</span> 
     </span>
     <span class='ocr_line' id='line_1_20' title="bbox 249 1267 1686 1326; baseline 0.003 -19"><span class='ocrx_word' id='word_1_158' title='bbox 249 1267 453 1322; x_wconf 84' lang='lat' dir='ltr'>inspicere</span> <span class='ocrx_word' id='word_1_159' title='bbox 479 1269 757 1310; x_wconf 68' lang='lat' dir='ltr'>consuevisse.</span> <span class='ocrx_word' id='word_1_160' title='bbox 790 1284 852 1319; x_wconf 84' lang='lat' dir='ltr'>ac,</span> <span class='ocrx_word' id='word_1_161' title='bbox 875 1269 907 1309; x_wconf 93' lang='lat' dir='ltr'>si</span> <span class='ocrx_word' id='word_1_162' title='bbox 928 1269 1123 1309; x_wconf 76' lang='lat' dir='ltr'>adversos</span> <span class='ocrx_word' id='word_1_163' title='bbox 1145 1269 1382 1310; x_wconf 85' lang='lat' dir='ltr'>vulneratos</span> <span class='ocrx_word' id='word_1_164' title='bbox 1402 1284 1490 1310; x_wconf 88' lang='lat' dir='ltr'>csse</span> <span class='ocrx_word' id='word_1_165' title='bbox 1512 1285 1686 1326; x_wconf 87' lang='lat' dir='ltr'>compe-</span> 
     </span>
     <span class='ocr_line' id='line_1_21' title="bbox 249 1323 1689 1383; baseline 0.003 -19"><span class='ocrx_word' id='word_1_166' title='bbox 249 1323 413 1375; x_wconf 89' lang='lat' dir='ltr'>rissent,</span> <span class='ocrx_word' id='word_1_167' title='bbox 444 1324 705 1367; x_wconf 80' lang='lat' dir='ltr'>laetabundas</span> <span class='ocrx_word' id='word_1_168' title='bbox 736 1326 861 1367; x_wconf 88' lang='lat' dir='ltr'>funus</span> <span class='ocrx_word' id='word_1_169' title='bbox 892 1326 1060 1376; x_wconf 89' lang='lat' dir='ltr'>ducere,</span> <span class='ocrx_word' id='word_1_170' title='bbox 1091 1340 1249 1381; x_wconf 87' lang='lat' dir='ltr'>eosque</span> <span class='ocrx_word' id='word_1_171' title='bbox 1280 1326 1319 1366; x_wconf 92' lang='lat' dir='ltr'>in</span> <span class='ocrx_word' id='word_1_172' title='bbox 1355 1326 1463 1367; x_wconf 80' lang='lat' dir='ltr'>avita</span> <span class='ocrx_word' id='word_1_173' title='bbox 1495 1327 1689 1383; x_wconf 88' lang='lat' dir='ltr'>sepulcra</span> 
     </span>
     <span class='ocr_line' id='line_1_22' title="bbox 247 1380 1686 1438; baseline 0.003 -18"><span class='ocrx_word' id='word_1_174' title='bbox 247 1380 400 1422; x_wconf 87' lang='lat' dir='ltr'>inferre</span> <span class='ocrx_word' id='word_1_175' title='bbox 438 1382 582 1423; x_wconf 85' lang='lat' dir='ltr'>solitas</span> <span class='ocrx_word' id='word_1_176' title='bbox 614 1397 703 1423; x_wconf 83' lang='lat' dir='ltr'>esse</span> <span class='ocrx_word' id='word_1_177' title='bbox 728 1399 737 1423; x_wconf 68' lang='grc' dir='ltr'><em>ε</em></span> <span class='ocrx_word' id='word_1_178' title='bbox 779 1392 926 1423; x_wconf 89' lang='lat' dir='ltr'>contra</span> <span class='ocrx_word' id='word_1_179' title='bbox 961 1397 1072 1433; x_wconf 83' lang='lat' dir='ltr'>vero,</span> <span class='ocrx_word' id='word_1_180' title='bbox 1111 1399 1218 1438; x_wconf 87' lang='lat' dir='ltr'>quos</span> <span class='ocrx_word' id='word_1_181' title='bbox 1258 1383 1408 1423; x_wconf 76' lang='lat' dir='ltr'>aversis</span> <span class='ocrx_word' id='word_1_182' title='bbox 1445 1384 1686 1426; x_wconf 88' lang='lat' dir='ltr'>vulneribus</span> 
     </span>
     <span class='ocr_line' id='line_1_23' title="bbox 246 1438 1685 1495; baseline 0.002 -16"><span class='ocrx_word' id='word_1_183' title='bbox 246 1438 440 1479; x_wconf 86' lang='lat' dir='ltr'>concisos</span> <span class='ocrx_word' id='word_1_184' title='bbox 473 1440 775 1495; x_wconf 79' lang='lat' dir='ltr'>agnoscebant,</span> <span class='ocrx_word' id='word_1_185' title='bbox 807 1441 860 1480; x_wconf 88' lang='lat' dir='ltr'>ab</span> <span class='ocrx_word' id='word_1_186' title='bbox 894 1440 942 1480; x_wconf 91' lang='lat' dir='ltr'>iis</span> <span class='ocrx_word' id='word_1_187' title='bbox 973 1440 1245 1495; x_wconf 81' lang='lat' dir='ltr'>refugienteS,</span> <span class='ocrx_word' id='word_1_188' title='bbox 1281 1440 1387 1480; x_wconf 86' lang='lat' dir='ltr'>clam</span> <span class='ocrx_word' id='word_1_189' title='bbox 1424 1441 1685 1495; x_wconf 80' lang='lat' dir='ltr'>sepeliendos</span> 
     </span>
     <span class='ocr_line' id='line_1_24' title="bbox 246 1495 1688 1552; baseline 0.003 -18"><span class='ocrx_word' id='word_1_190' title='bbox 246 1495 465 1546; x_wconf 87' lang='lat' dir='ltr'>curabant,</span> <span class='ocrx_word' id='word_1_191' title='bbox 488 1511 563 1537; x_wconf 89' lang='lat' dir='ltr'>nec</span> <span class='ocrx_word' id='word_1_192' title='bbox 595 1496 684 1536; x_wconf 86' lang='lat' dir='ltr'>ullo</span> <span class='ocrx_word' id='word_1_193' title='bbox 712 1511 882 1551; x_wconf 89' lang='lat' dir='ltr'>prorsus</span> <span class='ocrx_word' id='word_1_194' title='bbox 908 1496 1067 1537; x_wconf 88' lang='lat' dir='ltr'>honore</span> <span class='ocrx_word' id='word_1_195' title='bbox 1089 1497 1244 1537; x_wconf 78' lang='lat' dir='ltr'>funeris</span> <span class='ocrx_word' id='word_1_196' title='bbox 1266 1497 1581 1552; x_wconf 76' lang='lat' dir='ltr'>prosequendos</span> <span class='ocrx_word' id='word_1_197' title='bbox 1602 1507 1688 1538; x_wconf 89' lang='lat' dir='ltr'>sta-</span> 
     </span>
     <span class='ocr_line' id='line_1_25' title="bbox 245 1551 1686 1609; baseline 0.003 -17"><span class='ocrx_word' id='word_1_198' title='bbox 245 1551 437 1593; x_wconf 85' lang='lat' dir='ltr'>tuebant.</span> <span class='ocrx_word' id='word_1_199' title='bbox 460 1563 624 1593; x_wconf 86' lang='lat' dir='ltr'>tantum</span> <span class='ocrx_word' id='word_1_200' title='bbox 648 1553 689 1593; x_wconf 83' lang='lat' dir='ltr'>in</span> <span class='ocrx_word' id='word_1_201' title='bbox 710 1553 913 1594; x_wconf 80' lang='lat' dir='ltr'>faernineis</span> <span class='ocrx_word' id='word_1_202' title='bbox 932 1568 1102 1608; x_wconf 90' lang='lat' dir='ltr'>quoque</span> <span class='ocrx_word' id='word_1_203' title='bbox 1123 1553 1272 1593; x_wconf 85' lang='lat' dir='ltr'>animis</span> <span class='ocrx_word' id='word_1_204' title='bbox 1295 1553 1422 1594; x_wconf 91' lang='lat' dir='ltr'>decus</span> <span class='ocrx_word' id='word_1_205' title='bbox 1443 1564 1622 1609; x_wconf 86' lang='lat' dir='ltr'>poterat,</span> <span class='ocrx_word' id='word_1_206' title='bbox 1643 1565 1686 1596; x_wconf 88' lang='lat' dir='ltr'>et</span> 
     </span>
     <span class='ocr_line' id='line_1_26' title="bbox 245 1607 1684 1665; baseline 0.003 -17"><span class='ocrx_word' id='word_1_207' title='bbox 245 1607 432 1649; x_wconf 89' lang='lat' dir='ltr'>studium</span> <span class='ocrx_word' id='word_1_208' title='bbox 456 1609 619 1665; x_wconf 83' lang='lat' dir='ltr'>gloriae.</span> <span class='ocrx_word' id='word_1_209' title='bbox 651 1625 734 1665; x_wconf 83' lang='lat' dir='ltr'>qua</span> <span class='ocrx_word' id='word_1_210' title='bbox 763 1625 811 1650; x_wconf 76' lang='lat' dir='ltr'>ex</span> <span class='ocrx_word' id='word_1_211' title='bbox 843 1619 972 1665; x_wconf 87' lang='lat' dir='ltr'>gente</span> <span class='ocrx_word' id='word_1_212' title='bbox 996 1612 1121 1651; x_wconf 88' lang='lat' dir='ltr'>etiam</span> <span class='ocrx_word' id='word_1_213' title='bbox 1143 1610 1246 1651; x_wconf 88' lang='lat' dir='ltr'>illud</span> <span class='ocrx_word' id='word_1_214' title='bbox 1266 1610 1316 1650; x_wconf 84' lang='lat' dir='ltr'>ad</span> <span class='ocrx_word' id='word_1_215' title='bbox 1339 1625 1414 1650; x_wconf 90' lang='lat' dir='ltr'>nos</span> <span class='ocrx_word' id='word_1_216' title='bbox 1435 1611 1684 1665; x_wconf 80' lang='lat' dir='ltr'>praeclarum</span> 
     </span>
     <span class='ocr_line' id='line_1_27' title="bbox 209 1664 1685 1722; baseline 0.002 -17"><span class='ocrx_word' id='word_1_217' title='bbox 209 1677 214 1681; x_wconf 89' lang='grc'><strong><em>·</em></strong></span> <span class='ocrx_word' id='word_1_218' title='bbox 245 1664 488 1716; x_wconf 82' lang='lat' dir='ltr'>dimanavit,</span> <span class='ocrx_word' id='word_1_219' title='bbox 505 1679 682 1707; x_wconf 89' lang='lat' dir='ltr'>matrem</span> <span class='ocrx_word' id='word_1_220' title='bbox 707 1667 919 1722; x_wconf 86' lang='lat' dir='ltr'>quandam</span> <span class='ocrx_word' id='word_1_221' title='bbox 941 1667 1088 1716; x_wconf 84' lang='lat' dir='ltr'>filium,</span> <span class='ocrx_word' id='word_1_222' title='bbox 1107 1667 1215 1707; x_wconf 87' lang='lat' dir='ltr'>senis</span> <span class='ocrx_word' id='word_1_223' title='bbox 1237 1667 1479 1707; x_wconf 86' lang='lat' dir='ltr'>confossum</span> <span class='ocrx_word' id='word_1_224' title='bbox 1503 1668 1685 1709; x_wconf 89' lang='lat' dir='ltr'>vulneri-</span> 
     </span>
     <span class='ocr_line' id='line_1_28' title="bbox 244 1722 1682 1780; baseline 0.001 -17"><span class='ocrx_word' id='word_1_225' title='bbox 244 1722 340 1772; x_wconf 79' lang='lat' dir='ltr'>bUS,</span> <span class='ocrx_word' id='word_1_226' title='bbox 358 1722 594 1764; x_wconf 71' lang='lat' dir='ltr'>intuentem</span> <span class='ocrx_word' id='word_1_227' title='bbox 626 1738 703 1764; x_wconf 90' lang='lat' dir='ltr'>nec</span> <span class='ocrx_word' id='word_1_228' title='bbox 730 1725 945 1779; x_wconf 86' lang='lat' dir='ltr'>ingemere</span> <span class='ocrx_word' id='word_1_229' title='bbox 967 1723 1160 1774; x_wconf 79' lang='lat' dir='ltr'>voluisse,</span> <span class='ocrx_word' id='word_1_230' title='bbox 1182 1738 1258 1763; x_wconf 87' lang='lat' dir='ltr'>ncc</span> <span class='ocrx_word' id='word_1_231' title='bbox 1279 1738 1480 1764; x_wconf 86' lang='lat' dir='ltr'>coronam</span> <span class='ocrx_word' id='word_1_232' title='bbox 1502 1739 1524 1765; x_wconf 93' lang='lat' dir='ltr'>e</span> <span class='ocrx_word' id='word_1_233' title='bbox 1545 1725 1682 1780; x_wconf 91' lang='lat' dir='ltr'>capite</span> 
     </span>
     <span class='ocr_line' id='line_1_29' title="bbox 242 1778 1682 1837; baseline 0.003 -18"><span class='ocrx_word' id='word_1_234' title='bbox 242 1778 468 1833; x_wconf 88' lang='lat' dir='ltr'>deponere,</span> <span class='ocrx_word' id='word_1_235' title='bbox 493 1780 565 1821; x_wconf 85' lang='lat' dir='ltr'>sed</span> <span class='ocrx_word' id='word_1_236' title='bbox 598 1779 650 1820; x_wconf 87' lang='lat' dir='ltr'>ad</span> <span class='ocrx_word' id='word_1_237' title='bbox 677 1781 852 1821; x_wconf 88' lang='lat' dir='ltr'>comites</span> <span class='ocrx_word' id='word_1_238' title='bbox 883 1795 1140 1830; x_wconf 78' lang='lat' dir='ltr'>conversam,</span> <span class='ocrx_word' id='word_1_239' title='bbox 1172 1781 1230 1820; x_wconf 90' lang='lat' dir='ltr'>ita</span> <span class='ocrx_word' id='word_1_240' title='bbox 1262 1781 1476 1821; x_wconf 86' lang='lat' dir='ltr'>locutam:</span> <span class='ocrx_word' id='word_1_241' title='bbox 1509 1782 1682 1837; x_wconf 69' lang='lat' dir='ltr'>Quanto</span> 
     </span>
     <span class='ocr_line' id='line_1_30' title="bbox 242 1835 1680 1892; baseline 0.002 -16"><span class='ocrx_word' id='word_1_242' title='bbox 242 1835 446 1890; x_wconf 84' lang='lat' dir='ltr'>pulcriuS,</span> <span class='ocrx_word' id='word_1_243' title='bbox 469 1846 510 1878; x_wconf 88' lang='lat' dir='ltr'>et</span> <span class='ocrx_word' id='word_1_244' title='bbox 542 1837 770 1892; x_wconf 87' lang='lat' dir='ltr'>optabilius</span> <span class='ocrx_word' id='word_1_245' title='bbox 801 1847 880 1886; x_wconf 88' lang='lat' dir='ltr'>est,</span> <span class='ocrx_word' id='word_1_246' title='bbox 901 1837 941 1878; x_wconf 90' lang='lat' dir='ltr'>in</span> <span class='ocrx_word' id='word_1_247' title='bbox 975 1837 1063 1877; x_wconf 86' lang='lat' dir='ltr'>acie</span> <span class='ocrx_word' id='word_1_248' title='bbox 1092 1837 1290 1877; x_wconf 77' lang='lat' dir='ltr'>victorem</span> <span class='ocrx_word' id='word_1_249' title='bbox 1320 1837 1504 1878; x_wconf 89' lang='lat' dir='ltr'>animam</span> <span class='ocrx_word' id='word_1_250' title='bbox 1527 1837 1680 1890; x_wconf 82' lang='lat' dir='ltr'>efflare,</span> 
     </span>
     <span class='ocr_line' id='line_1_31' title="bbox 241 1893 1680 1950; baseline 0.002 -17"><span class='ocrx_word' id='word_1_251' title='bbox 241 1907 369 1948; x_wconf 89' lang='lat' dir='ltr'>quam</span> <span class='ocrx_word' id='word_1_252' title='bbox 402 1893 444 1933; x_wconf 91' lang='lat' dir='ltr'>in</span> <span class='ocrx_word' id='word_1_253' title='bbox 475 1893 680 1950; x_wconf 75' lang='lat' dir='ltr'>Olympio</span> <span class='ocrx_word' id='word_1_254' title='bbox 711 1895 939 1934; x_wconf 87' lang='lat' dir='ltr'>certamine</span> <span class='ocrx_word' id='word_1_255' title='bbox 966 1904 1085 1949; x_wconf 85' lang='lat' dir='ltr'>parta</span> <span class='ocrx_word' id='word_1_256' title='bbox 1110 1894 1280 1934; x_wconf 77' lang='lat' dir='ltr'>victoria</span> <span class='ocrx_word' id='word_1_257' title='bbox 1302 1894 1460 1935; x_wconf 77' lang='lat' dir='ltr'>vivere?</span> <span class='ocrx_word' id='word_1_258' title='bbox 1503 1895 1563 1935; x_wconf 88' lang='lat' dir='ltr'>At</span> <span class='ocrx_word' id='word_1_259' title='bbox 1585 1895 1680 1945; x_wconf 86' lang='lat' dir='ltr'>alia,</span> 
     </span>
     <span class='ocr_line' id='line_1_32' title="bbox 241 1949 1681 2007; baseline 0.002 -18"><span class='ocrx_word' id='word_1_260' title='bbox 241 1949 373 1990; x_wconf 86' lang='lat' dir='ltr'>filium</span> <span class='ocrx_word' id='word_1_261' title='bbox 406 1951 446 1991; x_wconf 91' lang='lat' dir='ltr'>in</span> <span class='ocrx_word' id='word_1_262' title='bbox 479 1951 624 2005; x_wconf 82' lang='lat' dir='ltr'>praelio</span> <span class='ocrx_word' id='word_1_263' title='bbox 655 1951 918 1991; x_wconf 76' lang='lat' dir='ltr'>intersectum</span> <span class='ocrx_word' id='word_1_264' title='bbox 951 1951 1138 2000; x_wconf 77' lang='lat' dir='ltr'>audiens,</span> <span class='ocrx_word' id='word_1_265' title='bbox 1161 1951 1329 1999; x_wconf 87' lang='lat' dir='ltr'>iccirco,</span> <span class='ocrx_word' id='word_1_266' title='bbox 1350 1951 1498 2006; x_wconf 86' lang='lat' dir='ltr'>iuquit,</span> <span class='ocrx_word' id='word_1_267' title='bbox 1520 1966 1681 2007; x_wconf 88' lang='lat' dir='ltr'>genue-</span> 
     </span>
     <span class='ocr_line' id='line_1_33' title="bbox 239 2008 1679 2063; baseline 0.003 -17"><span class='ocrx_word' id='word_1_268' title='bbox 239 2021 345 2055; x_wconf 87' lang='lat' dir='ltr'>ram,</span> <span class='ocrx_word' id='word_1_269' title='bbox 368 2016 415 2047; x_wconf 90' lang='lat' dir='ltr'>ut</span> <span class='ocrx_word' id='word_1_270' title='bbox 436 2017 618 2048; x_wconf 90' lang='lat' dir='ltr'>mortem</span> <span class='ocrx_word' id='word_1_271' title='bbox 638 2022 715 2063; x_wconf 92' lang='lat' dir='ltr'>pro</span> <span class='ocrx_word' id='word_1_272' title='bbox 736 2008 870 2062; x_wconf 70' lang='lat' dir='ltr'>patria</span> <span class='ocrx_word' id='word_1_273' title='bbox 890 2008 1054 2048; x_wconf 84' lang='lat' dir='ltr'>fortiter</span> <span class='ocrx_word' id='word_1_274' title='bbox 1072 2008 1323 2048; x_wconf 87' lang='lat' dir='ltr'>occumbere</span> <span class='ocrx_word' id='word_1_275' title='bbox 1346 2022 1429 2048; x_wconf 91' lang='lat' dir='ltr'>non</span> <span class='ocrx_word' id='word_1_276' title='bbox 1452 2008 1679 2051; x_wconf 84' lang='lat' dir='ltr'>dubitaret.</span> 
     </span>
     <span class='ocr_line' id='line_1_34' title="bbox 239 2063 1678 2120; baseline 0.001 -16"><span class='ocrx_word' id='word_1_277' title='bbox 239 2063 356 2118; x_wconf 70' lang='lat' dir='ltr'>Quid</span> <span class='ocrx_word' id='word_1_278' title='bbox 380 2063 442 2104; x_wconf 85' lang='lat' dir='ltr'>his</span> <span class='ocrx_word' id='word_1_279' title='bbox 463 2064 641 2105; x_wconf 84' lang='lat' dir='ltr'>faeminis</span> <span class='ocrx_word' id='word_1_280' title='bbox 662 2064 804 2114; x_wconf 83' lang='lat' dir='ltr'>facias,</span> <span class='ocrx_word' id='word_1_281' title='bbox 823 2074 894 2105; x_wconf 88' lang='lat' dir='ltr'>aut</span> <span class='ocrx_word' id='word_1_282' title='bbox 918 2079 1003 2120; x_wconf 92' lang='lat' dir='ltr'>quo</span> <span class='ocrx_word' id='word_1_283' title='bbox 1024 2079 1107 2104; x_wconf 88' lang='lat' dir='ltr'>non</span> <span class='ocrx_word' id='word_1_284' title='bbox 1131 2064 1306 2114; x_wconf 87' lang='lat' dir='ltr'>honore,</span> <span class='ocrx_word' id='word_1_285' title='bbox 1327 2079 1374 2105; x_wconf 90' lang='lat' dir='ltr'>ac</span> <span class='ocrx_word' id='word_1_286' title='bbox 1395 2064 1678 2120; x_wconf 82' lang='lat' dir='ltr'>gratulatione</span> 
     </span>
     <span class='ocr_line' id='line_1_35' title="bbox 238 2119 1677 2177; baseline 0.002 -18"><span class='ocrx_word' id='word_1_287' title='bbox 238 2119 388 2174; x_wconf 88' lang='lat' dir='ltr'>dignas</span> <span class='ocrx_word' id='word_1_288' title='bbox 408 2131 547 2175; x_wconf 81' lang='lat' dir='ltr'>puteS,</span> <span class='ocrx_word' id='word_1_289' title='bbox 566 2137 660 2177; x_wconf 88' lang='lat' dir='ltr'>quae</span> <span class='ocrx_word' id='word_1_290' title='bbox 683 2120 734 2161; x_wconf 91' lang='lat' dir='ltr'>de</span> <span class='ocrx_word' id='word_1_291' title='bbox 756 2121 899 2175; x_wconf 79' lang='lat' dir='ltr'>patriae</span> <span class='ocrx_word' id='word_1_292' title='bbox 922 2121 1142 2177; x_wconf 81' lang='lat' dir='ltr'>dignitate,</span> <span class='ocrx_word' id='word_1_293' title='bbox 1162 2121 1297 2177; x_wconf 88' lang='lat' dir='ltr'>deque</span> <span class='ocrx_word' id='word_1_294' title='bbox 1319 2121 1455 2176; x_wconf 90' lang='lat' dir='ltr'>gloria</span> <span class='ocrx_word' id='word_1_295' title='bbox 1471 2121 1677 2173; x_wconf 81' lang='lat' dir='ltr'>sollicitae,</span> 
     </span>
     <span class='ocr_line' id='line_1_36' title="bbox 238 2175 1677 2234; baseline 0.003 -18"><span class='ocrx_word' id='word_1_296' title='bbox 238 2175 462 2217; x_wconf 84' lang='lat' dir='ltr'>honestam</span> <span class='ocrx_word' id='word_1_297' title='bbox 485 2188 667 2219; x_wconf 85' lang='lat' dir='ltr'>mortem</span> <span class='ocrx_word' id='word_1_298' title='bbox 689 2177 818 2218; x_wconf 81' lang='lat' dir='ltr'>cuivis</span> <span class='ocrx_word' id='word_1_299' title='bbox 840 2178 979 2228; x_wconf 88' lang='lat' dir='ltr'>saluti,</span> <span class='ocrx_word' id='word_1_300' title='bbox 999 2192 1046 2218; x_wconf 86' lang='lat' dir='ltr'>ac</span> <span class='ocrx_word' id='word_1_301' title='bbox 1068 2178 1187 2218; x_wconf 90' lang='lat' dir='ltr'>lucro</span> <span class='ocrx_word' id='word_1_302' title='bbox 1213 2188 1515 2233; x_wconf 82' lang='lat' dir='ltr'>anteponerent</span> <span class='ocrx_word' id='word_1_303' title='bbox 1534 2179 1541 2218; x_wconf 90' lang='lat'>!</span> <span class='ocrx_word' id='word_1_304' title='bbox 1580 2179 1677 2234; x_wconf 84' lang='lat' dir='ltr'>Age</span> 
     </span>
     <span class='ocr_line' id='line_1_37' title="bbox 236 2234 1674 2291; baseline 0.002 -18"><span class='ocrx_word' id='word_1_305' title='bbox 236 2246 350 2285; x_wconf 92' lang='lat' dir='ltr'>vero,</span> <span class='ocrx_word' id='word_1_306' title='bbox 368 2249 468 2275; x_wconf 89' lang='lat' dir='ltr'>num</span> <span class='ocrx_word' id='word_1_307' title='bbox 493 2235 681 2275; x_wconf 77' lang='lat' dir='ltr'>Lacaenis</span> <span class='ocrx_word' id='word_1_308' title='bbox 704 2235 993 2276; x_wconf 88' lang='lat' dir='ltr'>Romanarum</span> <span class='ocrx_word' id='word_1_309' title='bbox 1014 2235 1141 2275; x_wconf 72' lang='lat' dir='ltr'>virtus</span> <span class='ocrx_word' id='word_1_310' title='bbox 1162 2234 1359 2276; x_wconf 87' lang='lat' dir='ltr'>inferior?</span> <span class='ocrx_word' id='word_1_311' title='bbox 1390 2249 1466 2291; x_wconf 90' lang='lat' dir='ltr'>par</span> <span class='ocrx_word' id='word_1_312' title='bbox 1484 2235 1674 2287; x_wconf 87' lang='lat' dir='ltr'>fortasse,</span> 
     </span>
     <span class='ocr_line' id='line_1_38' title="bbox 237 2289 1675 2348; baseline 0.003 -18"><span class='ocrx_word' id='word_1_313' title='bbox 237 2289 317 2330; x_wconf 89' lang='lat' dir='ltr'>nisi</span> <span class='ocrx_word' id='word_1_314' title='bbox 348 2290 470 2331; x_wconf 89' lang='lat' dir='ltr'>malis</span> <span class='ocrx_word' id='word_1_315' title='bbox 499 2291 626 2332; x_wconf 88' lang='lat' dir='ltr'>etiam</span> <span class='ocrx_word' id='word_1_316' title='bbox 658 2292 914 2346; x_wconf 88' lang='lat' dir='ltr'>superiorem</span> <span class='ocrx_word' id='word_1_317' title='bbox 939 2291 1162 2348; x_wconf 88' lang='lat' dir='ltr'>appellare.</span> <span class='ocrx_word' id='word_1_318' title='bbox 1195 2307 1321 2347; x_wconf 88' lang='lat' dir='ltr'>quam</span> <span class='ocrx_word' id='word_1_319' title='bbox 1344 2292 1462 2332; x_wconf 87' lang='lat' dir='ltr'>fortis</span> <span class='ocrx_word' id='word_1_320' title='bbox 1483 2292 1610 2342; x_wconf 89' lang='lat' dir='ltr'>enim,</span> <span class='ocrx_word' id='word_1_321' title='bbox 1632 2301 1675 2334; x_wconf 87' lang='lat' dir='ltr'>et</span> 
     </span>
     <span class='ocr_line' id='line_1_39' title="bbox 236 2348 1674 2404; baseline 0.003 -17"><span class='ocrx_word' id='word_1_322' title='bbox 236 2360 363 2402; x_wconf 91' lang='lat' dir='ltr'>quam</span> <span class='ocrx_word' id='word_1_323' title='bbox 386 2348 611 2403; x_wconf 84' lang='lat' dir='ltr'>magnifica</span> <span class='ocrx_word' id='word_1_324' title='bbox 632 2348 702 2389; x_wconf 88' lang='lat' dir='ltr'>illa</span> <span class='ocrx_word' id='word_1_325' title='bbox 726 2348 937 2389; x_wconf 86' lang='lat' dir='ltr'>Corneliae</span> <span class='ocrx_word' id='word_1_326' title='bbox 959 2363 1049 2399; x_wconf 81' lang='lat' dir='ltr'>vox,</span> <span class='ocrx_word' id='word_1_327' title='bbox 1069 2364 1162 2404; x_wconf 83' lang='lat' dir='ltr'>quae</span> <span class='ocrx_word' id='word_1_328' title='bbox 1185 2348 1438 2390; x_wconf 88' lang='lat' dir='ltr'>duodecimo</span> <span class='ocrx_word' id='word_1_329' title='bbox 1460 2348 1550 2404; x_wconf 89' lang='lat' dir='ltr'>jam</span> <span class='ocrx_word' id='word_1_330' title='bbox 1572 2349 1674 2391; x_wconf 86' lang='lat' dir='ltr'>faetu</span> 
     </span>
     <span class='ocr_line' id='line_1_40' title="bbox 235 2404 1674 2461; baseline 0.002 -17"><span class='ocrx_word' id='word_1_331' title='bbox 235 2404 406 2454; x_wconf 85' lang='lat' dir='ltr'>amisso,</span> <span class='ocrx_word' id='word_1_332' title='bbox 429 2419 524 2445; x_wconf 89' lang='lat' dir='ltr'>cum</span> <span class='ocrx_word' id='word_1_333' title='bbox 555 2406 772 2446; x_wconf 84' lang='lat' dir='ltr'>Tiberium</span> <span class='ocrx_word' id='word_1_334' title='bbox 802 2416 844 2446; x_wconf 87' lang='lat' dir='ltr'>et</span> <span class='ocrx_word' id='word_1_335' title='bbox 874 2406 1026 2446; x_wconf 84' lang='lat' dir='ltr'>Caium</span> <span class='ocrx_word' id='word_1_336' title='bbox 1051 2405 1156 2446; x_wconf 82' lang='lat' dir='ltr'>filios</span> <span class='ocrx_word' id='word_1_337' title='bbox 1183 2405 1425 2446; x_wconf 84' lang='lat' dir='ltr'>interfectos</span> <span class='ocrx_word' id='word_1_338' title='bbox 1449 2406 1674 2461; x_wconf 88' lang='lat' dir='ltr'>spectavis-</span> 
     </span>
     <span class='ocr_line' id='line_1_41' title="bbox 235 2461 1674 2517; baseline 0.002 -17"><span class='ocrx_word' id='word_1_339' title='bbox 235 2469 314 2510; x_wconf 86' lang='lat' dir='ltr'>set,</span> <span class='ocrx_word' id='word_1_340' title='bbox 337 2461 453 2501; x_wconf 87' lang='lat' dir='ltr'>nullo</span> <span class='ocrx_word' id='word_1_341' title='bbox 476 2462 627 2502; x_wconf 87' lang='lat' dir='ltr'>timore</span> <span class='ocrx_word' id='word_1_342' title='bbox 648 2462 854 2516; x_wconf 87' lang='lat' dir='ltr'>perculsa,</span> <span class='ocrx_word' id='word_1_343' title='bbox 878 2463 1079 2517; x_wconf 87' lang='lat' dir='ltr'>nulloque</span> <span class='ocrx_word' id='word_1_344' title='bbox 1100 2463 1244 2503; x_wconf 89' lang='lat' dir='ltr'>dolore</span> <span class='ocrx_word' id='word_1_345' title='bbox 1273 2462 1466 2503; x_wconf 83' lang='lat' dir='ltr'>confecta</span> <span class='ocrx_word' id='word_1_346' title='bbox 1485 2479 1493 2503; x_wconf 91' lang='lat'><strong>:</strong></span> <span class='ocrx_word' id='word_1_347' title='bbox 1531 2464 1674 2503; x_wconf 88' lang='lat' dir='ltr'>Num-</span> 
     </span>
     <span class='ocr_line' id='line_1_42' title="bbox 235 2518 1671 2574; baseline 0.002 -17"><span class='ocrx_word' id='word_1_348' title='bbox 235 2532 378 2572; x_wconf 89' lang='lat' dir='ltr'>quam,</span> <span class='ocrx_word' id='word_1_349' title='bbox 400 2518 551 2573; x_wconf 86' lang='lat' dir='ltr'>inquit,</span> <span class='ocrx_word' id='word_1_350' title='bbox 582 2532 664 2573; x_wconf 85' lang='lat' dir='ltr'>ego</span> <span class='ocrx_word' id='word_1_351' title='bbox 696 2534 764 2558; x_wconf 85' lang='lat' dir='ltr'>me</span> <span class='ocrx_word' id='word_1_352' title='bbox 797 2533 878 2559; x_wconf 92' lang='lat' dir='ltr'>non</span> <span class='ocrx_word' id='word_1_353' title='bbox 911 2519 1072 2559; x_wconf 82' lang='lat' dir='ltr'>felicem</span> <span class='ocrx_word' id='word_1_354' title='bbox 1106 2519 1295 2568; x_wconf 73' lang='lat' dir='ltr'>dixerim,</span> <span class='ocrx_word' id='word_1_355' title='bbox 1327 2534 1422 2574; x_wconf 85' lang='lat' dir='ltr'>quae</span> <span class='ocrx_word' id='word_1_356' title='bbox 1453 2519 1671 2560; x_wconf 88' lang='lat' dir='ltr'>Gracchos</span> 
     </span>
     <span class='ocr_line' id='line_1_43' title="bbox 234 2574 1670 2630; baseline 0 -15"><span class='ocrx_word' id='word_1_357' title='bbox 234 2574 485 2630; x_wconf 89' lang='lat' dir='ltr'>pepererim.</span> <span class='ocrx_word' id='word_1_358' title='bbox 509 2576 661 2615; x_wconf 82' lang='lat' dir='ltr'>fortem</span> <span class='ocrx_word' id='word_1_359' title='bbox 683 2590 778 2615; x_wconf 72' lang='lat' dir='ltr'>vero</span> <span class='ocrx_word' id='word_1_360' title='bbox 799 2575 1025 2625; x_wconf 60' lang='lat' dir='ltr'>faeminam,</span> <span class='ocrx_word' id='word_1_361' title='bbox 1046 2587 1086 2616; x_wconf 80' lang='lat' dir='ltr'>ct</span> <span class='ocrx_word' id='word_1_362' title='bbox 1107 2576 1233 2616; x_wconf 81' lang='lat' dir='ltr'>cuivis</span> <span class='ocrx_word' id='word_1_363' title='bbox 1252 2591 1299 2615; x_wconf 75' lang='lat' dir='ltr'>cx</span> <span class='ocrx_word' id='word_1_364' title='bbox 1323 2576 1530 2617; x_wconf 74' lang='lat' dir='ltr'>veteribus</span> <span class='ocrx_word' id='word_1_365' title='bbox 1552 2590 1670 2616; x_wconf 88' lang='lat' dir='ltr'>men-</span> 
     </span>
     <span class='ocr_line' id='line_1_44' title="bbox 233 2630 1670 2687; baseline 0.002 -16"><span class='ocrx_word' id='word_1_366' title='bbox 233 2630 287 2671; x_wconf 91' lang='lat' dir='ltr'>tis</span> <span class='ocrx_word' id='word_1_367' title='bbox 308 2632 561 2686; x_wconf 59' lang='lat' dir='ltr'>praestantia,</span> <span class='ocrx_word' id='word_1_368' title='bbox 580 2646 627 2672; x_wconf 85' lang='lat' dir='ltr'>ac</span> <span class='ocrx_word' id='word_1_369' title='bbox 647 2632 939 2687; x_wconf 85' lang='lat' dir='ltr'>magnitudine</span> <span class='ocrx_word' id='word_1_370' title='bbox 960 2633 1085 2672; x_wconf 84' lang='lat' dir='ltr'>animi</span> <span class='ocrx_word' id='word_1_371' title='bbox 1109 2633 1420 2673; x_wconf 71' lang='lat' dir='ltr'>conserendam.</span> <span class='ocrx_word' id='word_1_372' title='bbox 1452 2648 1535 2673; x_wconf 84' lang='lat' dir='ltr'>non</span> <span class='ocrx_word' id='word_1_373' title='bbox 1557 2632 1670 2674; x_wconf 89' lang='lat' dir='ltr'>enim</span> 
     </span>
     <span class='ocr_line' id='line_1_45' title="bbox 232 2687 1670 2743; baseline 0.002 -16"><span class='ocrx_word' id='word_1_374' title='bbox 232 2687 370 2729; x_wconf 91' lang='lat' dir='ltr'>dolori</span> <span class='ocrx_word' id='word_1_375' title='bbox 397 2688 619 2737; x_wconf 79' lang='lat' dir='ltr'>concessit,</span> <span class='ocrx_word' id='word_1_376' title='bbox 643 2689 714 2729; x_wconf 85' lang='lat' dir='ltr'>sed</span> <span class='ocrx_word' id='word_1_377' title='bbox 744 2689 899 2743; x_wconf 76' lang='lat' dir='ltr'>potius,</span> <span class='ocrx_word' id='word_1_378' title='bbox 929 2704 1025 2729; x_wconf 85' lang='lat' dir='ltr'>cum</span> <span class='ocrx_word' id='word_1_379' title='bbox 1057 2690 1206 2729; x_wconf 78' lang='lat' dir='ltr'>virtute</span> <span class='ocrx_word' id='word_1_380' title='bbox 1238 2690 1415 2738; x_wconf 78' lang='lat' dir='ltr'>vicisset,</span> <span class='ocrx_word' id='word_1_381' title='bbox 1444 2689 1589 2730; x_wconf 83' lang='lat' dir='ltr'>victrix</span> <span class='ocrx_word' id='word_1_382' title='bbox 1617 2689 1670 2730; x_wconf 85' lang='lat' dir='ltr'>de</span> 
     </span>
     <span class='ocr_line' id='line_1_46' title="bbox 231 2744 1669 2802; baseline 0.002 -18"><span class='ocrx_word' id='word_1_383' title='bbox 231 2744 378 2785; x_wconf 88' lang='lat' dir='ltr'>dolore</span> <span class='ocrx_word' id='word_1_384' title='bbox 407 2745 668 2800; x_wconf 88' lang='lat' dir='ltr'>triumphum</span> <span class='ocrx_word' id='word_1_385' title='bbox 693 2746 795 2800; x_wconf 88' lang='lat' dir='ltr'>egit.</span> <span class='ocrx_word' id='word_1_386' title='bbox 855 2745 974 2786; x_wconf 85' lang='lat' dir='ltr'>Nihil</span> <span class='ocrx_word' id='word_1_387' title='bbox 1002 2746 1091 2802; x_wconf 90' lang='lat' dir='ltr'>jam</span> <span class='ocrx_word' id='word_1_388' title='bbox 1120 2746 1313 2786; x_wconf 77' lang='lat' dir='ltr'>Rutiliam</span> <span class='ocrx_word' id='word_1_389' title='bbox 1337 2746 1552 2796; x_wconf 87' lang='lat' dir='ltr'>miremur,</span> <span class='ocrx_word' id='word_1_390' title='bbox 1573 2760 1669 2802; x_wconf 87' lang='lat' dir='ltr'>quae</span> 
     </span>
     <span class='ocr_line' id='line_1_47' title="bbox 232 2800 1667 2858; baseline 0.002 -18"><span class='ocrx_word' id='word_1_391' title='bbox 232 2800 285 2841; x_wconf 91' lang='lat' dir='ltr'>C.</span> <span class='ocrx_word' id='word_1_392' title='bbox 305 2802 480 2843; x_wconf 89' lang='lat' dir='ltr'>Cottam</span> <span class='ocrx_word' id='word_1_393' title='bbox 501 2802 633 2842; x_wconf 82' lang='lat' dir='ltr'>filium</span> <span class='ocrx_word' id='word_1_394' title='bbox 656 2803 695 2842; x_wconf 90' lang='lat' dir='ltr'>in</span> <span class='ocrx_word' id='word_1_395' title='bbox 719 2802 910 2842; x_wconf 77' lang='lat' dir='ltr'>exsilium</span> <span class='ocrx_word' id='word_1_396' title='bbox 933 2813 1089 2853; x_wconf 83' lang='lat' dir='ltr'>secuta,</span> <span class='ocrx_word' id='word_1_397' title='bbox 1109 2818 1204 2844; x_wconf 87' lang='lat' dir='ltr'>cum</span> <span class='ocrx_word' id='word_1_398' title='bbox 1228 2813 1371 2858; x_wconf 88' lang='lat' dir='ltr'>postea</span> <span class='ocrx_word' id='word_1_399' title='bbox 1395 2817 1602 2844; x_wconf 87' lang='lat' dir='ltr'>reversum</span> <span class='ocrx_word' id='word_1_400' title='bbox 1624 2802 1667 2843; x_wconf 89' lang='lat' dir='ltr'>in</span> 
     </span>
     <span class='ocr_line' id='line_1_48' title="bbox 229 2858 1668 2916; baseline 0.001 -17"><span class='ocrx_word' id='word_1_401' title='bbox 229 2859 408 2913; x_wconf 85' lang='lat' dir='ltr'>patriam</span> <span class='ocrx_word' id='word_1_402' title='bbox 429 2858 653 2910; x_wconf 88' lang='lat' dir='ltr'>amisisset,</span> <span class='ocrx_word' id='word_1_403' title='bbox 668 2873 794 2900; x_wconf 88' lang='lat' dir='ltr'>nemo</span> <span class='ocrx_word' id='word_1_404' title='bbox 814 2874 907 2900; x_wconf 89' lang='lat' dir='ltr'>eam</span> <span class='ocrx_word' id='word_1_405' title='bbox 927 2859 1232 2916; x_wconf 80' lang='lat' dir='ltr'>lacrymantem</span> <span class='ocrx_word' id='word_1_406' title='bbox 1254 2870 1351 2915; x_wconf 91' lang='lat' dir='ltr'>post</span> <span class='ocrx_word' id='word_1_407' title='bbox 1367 2860 1524 2902; x_wconf 84' lang='lat' dir='ltr'>elatum</span> <span class='ocrx_word' id='word_1_408' title='bbox 1542 2859 1668 2901; x_wconf 88' lang='lat' dir='ltr'>funus</span> 
     </span>
    </p>
   </div>
  </div>
 </body>
</html>
