1844 3202
658 100 1062 141 FRAGMENTA.
1489 106 1578 151 ,939

141 212 208 258 -sis
240 210 390 262 effecit,
423 209 666 265 circumque
695 207 852 254 coelum
884 207 1101 262 aequaliter
1134 206 1359 258 distribuit,
1387 216 1435 249 ut
1463 207 1578 250 hunc

154 269 234 311 hac
266 269 462 310 varietate
492 265 738 308 distinctum
769 264 877 305 bene
908 263 1046 305 Graeci
1080 263 1228 315 κόσμον,
1261 278 1337 304 nos
1368 263 1579 306 lucentem

154 324 363 367 mundum
397 323 721 368 nominaremus.
779 319 912 362 Dedit
946 329 1089 361 autem
1121 319 1266 360 divinis
1307 319 1392 360 duo
1424 335 1581 375 genera

151 391 326 423 motus:
357 394 502 430 unum,
524 377 642 434 quod
671 391 835 433 semper
863 386 973 418 esset
1001 377 1042 418 in
1071 375 1221 417 eodem
1251 390 1383 431 aeque,
1406 385 1447 416 ct
1468 376 1580 418 idem

152 437 197 478 in
214 437 425 486 omnibus,
444 445 571 491 atque
589 447 676 474 uno
697 433 828 476 modo
846 432 1044 474 celeraret
1063 449 1072 474 :
1093 432 1287 482 alterum,
1308 431 1424 488 quod
1443 432 1483 472 in
1505 447 1578 472 au·

152 494 280 534 ticam
313 501 474 548 partem
507 506 533 533 a
562 491 829 532 conversione
858 488 1062 546 ejusdem,
1091 497 1134 530 et
1165 488 1310 529 similis
1344 487 1582 543 pelleretur.

152 549 351 606 Quinque
377 558 517 590 autem
551 546 718 602 reliquis
746 545 932 588 motibus
961 545 1105 587 orbem
1128 559 1226 586 eum
1245 558 1333 585 esse
1353 543 1485 585 voluit
1510 558 1582 584 ex-

184 614 328 655 ertem‚
350 603 630 654 immobilem,
650 613 694 644 et
714 612 907 644 stantem.
965 603 1027 643 Ex
1049 616 1135 657 quo
1166 614 1320 656 genere
1339 614 1388 641 ea
1407 609 1504 640 sunt
1526 601 1582 640 si-

151 620 266 711 gera,
295 676 389 717 quae
421 661 545 702 infixa
571 659 682 701 coelo
712 674 796 700 non
826 668 1044 700 moventur
1072 658 1191 699 loco:
1237 673 1331 713 quce
1363 666 1461 698 sunt
1493 656 1583 697 ani-

150 717 323 768 mantia,
344 731 477 773 eaque
497 716 659 758 divina:
691 716 747 757 ob
769 729 945 772 eamque
967 729 1136 756 causam
1156 713 1239 755 suis
1261 713 1428 755 sedibus
1449 712 1582 753 iuhae-

151 782 260 824 rent,
280 784 322 814 et
343 783 544 828 perpetuo
566 779 748 814 manent.
807 773 914 828 Quae
936 780 1077 812 autem
1097 785 1217 826 vaga,
1239 779 1281 811 et
1301 769 1495 810 mutabili
1517 783 1584 810 ra-

153 829 269 871 tione
299 830 510 880 labuntur,
541 830 598 870 ita
627 836 827 884 generata
860 837 971 876 sunt,
1004 835 1053 869 ut
1079 841 1203 882 supra
1234 826 1429 867 diximus.
1485 826 1584 870 ,lam

155 901 251 927 vero
282 896 450 937 terram,
480 886 667 927 altricem
699 893 898 935 nostram,
918 898 1010 939 quae
1042 884 1218 939 trajecto
1246 897 1321 924 axe
1342 882 1583 933 sustinetur,

155 942 238 984 diei
259 943 478 998 noctisque
498 942 765 991 effectricem,
786 940 1062 995 eamdemque
1083 939 1320 990 custodem,
1340 938 1583 994 antiquissi-

153 1014 265 1040 mam
294 999 469 1040 deorum
498 998 631 1040 voluit
658 1012 746 1039 esse
775 1012 937 1048 eorum,
958 997 1030 1053 qui
1058 997 1165 1037 intra
1185 996 1341 1036 coelum
1360 995 1586 1051 gigneren-

154 1064 236 1096 tur.
296 1055 514 1096 Flexiones
543 1063 685 1097 autem
717 1054 909 1104 deorum,
939 1062 980 1094 et
1012 1053 1117 1093 inter
1147 1053 1260 1108 ipsos
1288 1051 1389 1093 deos
1409 1066 1587 1092 concur-

154 1111 306 1162 siones,
338 1125 516 1168 quaeque
546 1111 589 1152 in
618 1110 792 1152 orbibus
821 1125 967 1151 eorum
997 1109 1302 1159 conversiones,
1332 1107 1585 1149 antecessio-

155 1182 312 1223 nesque
340 1168 545 1218 eveniant,
564 1181 746 1222 cumque
771 1166 878 1207 inter
906 1181 950 1207 se
977 1180 1095 1221 paene
1123 1165 1385 1220 contingant,
1405 1178 1492 1214 eos,
1512 1163 1586 1219 qui

152 1238 285 1280 prope
312 1223 563 1280 copulentur
590 1223 799 1264 contraria
827 1223 1013 1278 regione,
1034 1230 1075 1263 et
1103 1237 1213 1278 pone
1240 1236 1361 1277 quos,
1390 1230 1462 1261 aut
1489 1230 1587 1261 ante

151 1280 362 1331 labantur,
395 1281 631 1336 quibusque
667 1279 929 1335 temporibus
961 1293 986 1320 a
1019 1289 1163 1320 nostro
1197 1277 1399 1332 adspectu
1432 1276 1585 1318 oblite-v

154 1345 287 1385 scant,
303 1350 528 1391 rursusque
545 1336 697 1377 emersi
714 1349 896 1377 errorem
916 1335 1121 1376 incutiant
1140 1334 1311 1376 rationis
1330 1332 1586 1389 expertibus,

154 1393 190 1435 si
216 1393 348 1434 verbis
377 1393 585 1449 explicare
611 1406 826 1442 conemur,
855 1391 971 1433 nullo
991 1392 1130 1447 posito
1153 1391 1232 1432 sub
1259 1390 1392 1431 oculis
1413 1389 1585 1431 simula-

154 1464 242 1500 cro,
263 1464 409 1491 earum
435 1463 575 1490 rerum
604 1449 758 1490 frustra
783 1447 1032 1504 suscipiatur
1056 1448 1190 1489 labor.
1250 1446 1334 1487 Sed
1361 1446 1452 1487 haec
1486 1445 1587 1487 satis

154 1505 239 1547 sint
262 1506 376 1547 dicta
400 1505 534 1547 nobis.
555 1520 649 1560 quae
679 1504 732 1546 de
751 1503 942 1555 deorum,
964 1503 1037 1560 qui
1065 1511 1305 1554 cernuntur,
1327 1503 1484 1559 quique
1505 1501 1588 1543 orti
1628 1530 1631 1532 -

155 1569 268 1613 sunt,
298 1571 444 1604 natura
471 1560 635 1617 praefati
664 1575 826 1612 sumus,
848 1560 1032 1602 habeant
1059 1559 1172 1602 hunc
1202 1559 1443 1600 terminum.
1503 1559 1585 1599 Re·
1602 1569 1646 1606 11

155 1618 369 1675 liquorum
397 1627 556 1669 autem,
580 1632 687 1674 quos
716 1617 858 1659 Graeci
886 1617 1054 1670 ’δαίμονας
1073 1616 1299 1672 appellant,
1321 1615 1452 1657 nostri
1477 1614 1587 1671 (opi-

157 1675 252 1727 nor)
288 1675 432 1725 Lares,
461 1674 496 1716 si
523 1673 654 1715 modo
685 1674 768 1715 hoc
796 1682 910 1714 recte
939 1687 1185 1714 conversum
1217 1671 1345 1714 videri
1373 1680 1525 1727 potest,
1546 1679 1590 1713 et

157 1745 294 1782 nosse,
315 1740 358 1772 et
379 1730 571 1772 nuntiare
589 1738 730 1771 ortum
748 1744 910 1781 eorum,
936 1729 1073 1786 majus
1092 1738 1169 1780 est,
1189 1743 1316 1784 quam
1335 1738 1383 1770 ut
1403 1726 1590 1783 profiteri

158 1787 339 1828 seribere
365 1801 440 1828 nos
466 1785 711 1828 audeamus.
771 1785 1042 1827 Credendum
1070 1785 1267 1826 nimirum
1295 1795 1360 1826 est
1380 1784 1589 1826 veteribus

157 1853 200 1884 et
221 1843 380 1898 priscis,
399 1852 447 1884 ut
465 1843 597 1894 aiunt,
617 1842 726 1893 viris,
748 1842 820 1899 qui
841 1857 885 1883 se
902 1841 1150 1897 progeniem
1169 1841 1345 1883 deorum
1366 1855 1454 1882 esse
1474 1840 1588 1881 dice·

155 1899 273 1941 bant.
298 1900 442 1956 itaque
460 1913 607 1940 eorum
625 1898 829 1941 vocabula
854 1898 974 1940 nobis
993 1897 1281 1954 prodiderunt.
1302 1912 1426 1938 nosse
1446 1906 1592 1941 aut-em

190 1963 426 1998 eneratores
459 1970 557 1996 suos
589 1955 748 2011 optime
777 1963 998 2011 poterant:
1029 1969 1077 1995 ac
1110 1954 1277 1996 difficile
1309 1955 1426 1996 factu
1455 1962 1534 2003 est,
1564 1967 1593 1997 a

155 1970 237 2053 {iis
271 2012 386 2063 ortis,
418 2011 544 2053 fidem
579 2026 663 2052 non
696 2011 850 2053 habere
867 2027 880 2063 3
912 2025 1171 2067 quamquam
1207 2026 1282 2052 nec
1317 2009 1592 2065 argumentis,

159 2082 235 2109 nec
271 2068 504 2109 rationibus
543 2069 667 2110 certis
702 2082 850 2109 eorum
883 2068 1018 2109 oratio
1055 2067 1354 2108 confirmatur:
1386 2066 1458 2107 sed
1493 2066 1593 2122 quia

160 2131 197 2156 13
215 2123 268 2165 de
288 2124 374 2166 suis
394 2124 519 2166 rebus
539 2124 650 2166 notis
669 2124 861 2166 videntur
879 2123 1012 2180 loqui,
1029 2124 1158 2165 veteri
1184 2123 1271 2179 legi
1301 2123 1493 2178 morique
1515 2137 1590 2178 pa-

157 2180 336 2225 rendum
357 2189 435 2222 est.
496 2180 565 2222 Sic
585 2181 728 2236 igitur,
748 2190 797 2223 ut
824 2180 877 2222 ab
905 2180 969 2221 his
991 2190 1056 2222 est
1075 2180 1292 2230 traditum,
1313 2179 1466 2220 horum
1487 2179 1591 2220 deo-

159 2251 255 2278 rum
272 2247 389 2278 ortus
411 2237 629 2287 habeatur,
647 2246 774 2292 atque
793 2236 970 2287 dicatur,
985 2246 1033 2278 ut
1054 2237 1286 2287 Oceanum,
1310 2245 1347 2268 ¹4
1362 2235 1592 2277 Salaciam-

159 2307 242 2349 que
276 2293 389 2334 Coeli
417 2301 524 2344 satu,
544 2293 768 2349 Terraeque
796 2303 1007 2348 conceptu
1025 2301 1246 2348 generatos
1266 2292 1483 2347 editosque
1501 2307 1594 2333 me-

159 2363 404 2392 moremus:
435 2364 487 2390 ex
515 2349 580 2390 his
612 2348 822 2405 Phorcyn,
852 2350 1094 2400 Saturnum,
1125 2358 1169 2390 et
1197 2349 1363 2404 Opem:
1396 2349 1593 2404 deinceps

160 2405 310 2446 Jovem
338 2415 465 2461 atque
492 2405 720 2456 Junonem,
743 2406 941 2461 reliquos,
961 2420 1067 2461 quos
1088 2405 1235 2447 fratres
1252 2405 1359 2446 iuter
1379 2420 1438 2455 se,
1459 2418 1592 2460 agna-

159 2470 312 2517 tosque
337 2476 538 2517 usurpare
565 2471 693 2518 atque
719 2462 930 2518 appellare
949 2462 1152 2512 videmus,
1172 2471 1215 2503 et
1241 2476 1403 2512 eorum,
1422 2472 1470 2502 ut
1497 2471 1591 2502 uta-

161 2532 258 2558 mur
277 2518 405 2560 veteri
432 2518 573 2568 verbo,
595 2519 846 2574 prosapiam.
906 2519 1090 2575 Quando
1122 2519 1252 2574 igitur
1277 2533 1436 2568 onmes,
1458 2527 1498 2557 et
1519 2517 1592 2572 qui

162 2582 400 2625 moventur,
429 2574 652 2630 palamque
681 2574 974 2626 ostenduntur,
1000 2585 1043 2616 et
1071 2576 1145 2631 qui
1173 2585 1346 2616 eatenus
1376 2574 1497 2615 nobis
1518 2574 1591 2614 de-

162 2629 388 2682 clarantur,
409 2644 493 2686 qua
511 2630 591 2686 ipsi
611 2630 770 2684 volunt,
790 2631 920 2673 creati
939 2640 1065 2674 sunt:
1095 2641 1186 2672 tum
1218 2631 1274 2673 ad
1300 2645 1371 2672 eos
1402 2631 1436 2671 is
1457 2631 1592 2679 Deus,

209 2781 246 2806 ²³
269 2776 303 2807 de
317 2777 375 2807 mis
391 2777 470 2807 rebus
486 2775 573 2818 notis]
598 2778 651 2810 An
672 2785 701 2809 et
723 2778 795 2810 notis
809 2779 859 2810 vel
949 2785 988 2810 14
1009 2777 1172 2815 Salaciam]
1208 2778 1290 2808 Quae
1316 2787 1334 2807 a
1361 2777 1458 2816 poetis
1483 2777 1598 2807 dieitur

162 2823 200 2850 lt
211 2817 269 2848 m?
904 2820 1093 2861 Amphitrite.
1139 2821 1226 2850 Plato
1241 2821 1348 2861 Thuyn
1364 2827 1464 2850 vocat.
