1844 3202
257 122 347 166 790.
786 115 862 153 DE
898 114 1163 155 ofmcns

258 226 312 267 ab
342 239 393 266 eo
423 230 672 280 provocatus
702 224 927 275 occiderat,
949 234 1100 281 torque
1128 224 1331 276 detracto,
1351 238 1589 281 cognomen
1619 226 1704 269 in·-

256 281 394 323 venit:
425 281 545 338 cujus
575 281 698 322 tertio
728 281 950 322 consulatu
980 282 1120 323 Latini
1149 282 1200 322 ad
1230 282 1423 323 Veserim
1444 283 1540 334 fusi,
1559 293 1603 325 et
1620 285 1689 326 fu-

258 338 362 393 gati,
391 352 569 394 magnus
599 337 658 378 vir
687 337 730 378 in
759 338 919 392 primiS,
949 347 990 378 et
1019 338 1091 394 qui
1120 338 1415 394 perindulgens
1446 340 1486 380 in
1509 349 1688 394 patrem,

174 397 244 444 32
260 395 373 436 idem
403 395 551 436 acerbe
582 407 744 434 severus
774 394 816 434 in
848 393 993 434 filium.
1052 394 1148 444 Sed,
1171 403 1218 435 ut
1241 395 1475 437 laudandus
1497 396 1688 452 Regulus

171 452 300 503 113in
330 450 614 493 conservando
637 449 929 506 jurejurando,
959 451 1018 491 sic
1047 449 1191 491 decem
1224 451 1298 502 illi,
1319 467 1424 507 quos
1454 463 1551 507 post
1573 453 1687 494 Can-

256 522 428 550 nensem
458 521 644 562 pugnam
669 505 835 562 juratos
865 505 918 547 ad
948 515 1137 547 senatum
1168 506 1283 548 misit
1312 509 1542 561 Hannibal,
1572 524 1615 550 se
1645 510 1688 551 in

254 574 391 607 castra
415 563 623 604 redituros
649 576 711 612 ea,
742 577 921 618 quorum
949 562 1073 618 potiti
1099 571 1218 604 erant
1243 564 1372 615 Poeni,
1395 566 1471 606 nisi
1493 566 1545 606 de
1576 567 1687 607 redi-

254 620 416 663 mendis
437 619 608 674 captivis
629 619 981 674 impetravissent,
1003 619 1036 659 si
1061 634 1145 660 non
1165 619 1391 672 redierunt,
1413 618 1686 677 vituperandi.

252 679 322 720 De
343 677 493 734 quibus
527 690 611 716 non
640 690 786 716 omnes
818 690 903 716 uno
933 675 1077 717 modo.
1099 691 1194 717 nam
1220 676 1435 733 Polybius,
1456 679 1592 720 bonus
1612 694 1687 720 au-

252 743 346 776 ctor
384 732 587 789 inprimis,
630 740 671 764 48
685 731 844 782 scribit,
883 747 933 773 ex
971 732 1118 773 decem
1161 733 1445 785 nobilissimis,
1478 736 1549 790 qui
1594 745 1684 776 tum

252 800 371 832 erant
403 789 534 839 missi,
568 803 715 829 novem
750 789 978 836 revertisse,
1012 805 1037 829 a
1067 799 1215 831 senatu
1245 805 1290 830 re
1321 805 1405 830 non
1437 792 1686 847 impetrata:

253 862 384 888 unum
416 862 466 888 ex
496 845 657 895 decem,
677 845 750 901 qui
780 846 923 900 paullo
954 856 1064 901 post,
1086 861 1211 901 quam
1243 861 1437 902 egressus
1464 858 1553 889 erat
1572 863 1596 889 e
1616 863 1686 889 ca-

253 904 362 953 stris,
384 903 571 951 redisset,
592 902 709 956 quasi
740 902 900 957 aliquid
928 912 1037 943 esset
1064 903 1237 953 oblitus,
1258 904 1404 944 Romae
1425 905 1686 946 remansisse.

253 959 406 1001 Reditu
436 958 549 999 enim
579 958 620 998 in
650 967 799 1008 castra,
830 957 1053 999 liberatum
1078 973 1122 999 se
1146 973 1236 999 esse
1260 959 1536 1015 jurejurando
1558 962 1687 1002 inter-

253 1016 520 1071 pretabatur:
551 1020 635 1055 non
666 1022 792 1055 recte.
818 1014 930 1056 fraus
949 1014 1061 1055 enim
1083 1024 1123 1048 49
1137 1015 1375 1070 adstringit,
1397 1031 1480 1057 non
1501 1017 1690 1059 dissolvit

257 1072 537 1129 [perjurium]
612 1071 708 1112 Fuit
737 1069 868 1126 igitur
896 1070 1026 1111 stulta
1054 1071 1274 1121 calliditas,
1305 1086 1494 1126 perverse
1525 1073 1690 1115 imitata

252 1129 534 1185 prudentiam.
594 1129 742 1183 Itaque
772 1126 954 1168 decrevit
984 1136 1167 1178 senatus,
1188 1136 1237 1169 ut
1265 1128 1335 1169 ille
1362 1137 1400 1160 ⁵0
1418 1139 1625 1171 veterator
1645 1140 1689 1172 et

170 1199 241 1232 114
253 1186 429 1228 callidus
458 1186 619 1226 vinctus
649 1184 702 1224 ad
721 1184 976 1225 Annibalem
1009 1184 1247 1225 duceretur.
1305 1185 1389 1226 Sed
1418 1186 1523 1227 illud
1554 1188 1688 1228 maxi-

251 1258 371 1284 mum
394 1259 402 1283 :
435 1250 534 1283 octo
555 1241 776 1282 hominum
808 1241 940 1282 millia
958 1241 1128 1282 tenebat
1161 1241 1390 1292 Hannibal,
1411 1257 1494 1283 non
1516 1257 1622 1298 quos
1645 1244 1685 1285 in

251 1300 340 1340 acie
369 1299 562 1354 cepisset,
592 1306 665 1338 aut
695 1297 767 1352 qui
805 1297 992 1353 periculo
1021 1297 1170 1338 mortis
1199 1298 1479 1353 diffugissent,
1510 1300 1583 1340 sed
1614 1300 1687 1355 qui

250 1356 386 1398 relicti
408 1356 448 1397 in
468 1354 614 1396 castris
635 1353 813 1396 fuissent
832 1369 857 1395 a
877 1354 1023 1395 Paullo
1041 1364 1084 1395 et
1103 1356 1308 1406 Varrone,
1329 1356 1590 1397 consulibus.
1612 1371 1686 1398 eos

249 1422 418 1455 senatus
448 1427 532 1453 non
562 1411 725 1452 censuit
753 1410 1036 1461 redimendos,
1057 1425 1155 1452 cum
1186 1411 1229 1452 id
1259 1425 1383 1467 parva
1403 1414 1580 1468 pecunia
1600 1413 1687 1455 fieri

249 1478 418 1526 posset:
450 1478 499 1510 ut
527 1476 639 1508 esset
671 1467 844 1509 insitum
878 1467 1085 1509 militibus
1118 1468 1270 1509 nostris
1301 1477 1374 1509 aut
1404 1469 1581 1520 vincere,
1613 1479 1687 1512 aut

248 1526 397 1567 emori.
458 1526 558 1567 Qua
577 1524 750 1580 quidem
773 1539 816 1565 re
835 1525 994 1575 audita,
1015 1524 1197 1565 fractum
1217 1525 1408 1566 animum
1434 1527 1686 1568 Hannibalis

249 1583 416 1638 scripsit
443 1581 572 1631 idem,
593 1580 710 1635 quod
738 1591 920 1631 senatus,
940 1581 1208 1636 populusque
1239 1583 1453 1623 Romanus
1478 1582 1604 1623 rebus
1624 1584 1687 1624 af-

207 1646 239 1676 b·
252 1641 373 1681 flictis
394 1651 482 1679 tam
502 1638 667 1678 excelso
684 1637 826 1677 animo
845 1638 1005 1677 fuisset.
1022 1637 1080 1678 sic
1101 1637 1331 1678 honestatis
1353 1640 1685 1694 comparatione,

165 1707 236 1739 115
250 1711 313 1747 ea,
335 1711 430 1752 quae
451 1694 643 1735 videntur
662 1693 796 1743 utilia,
813 1693 1051 1734 vincuntur.
1082 1694 1247 1734 Acilius
1266 1704 1424 1745 autem,
1443 1696 1514 1751 qui
1534 1696 1686 1737 Graece

249 1753 417 1808 scripsit
444 1751 679 1800 historiam,
709 1749 851 1806 plures
881 1751 940 1791 ait
968 1749 1122 1800 fuisse3
1155 1750 1224 1805 qui
1256 1751 1297 1792 in
1328 1762 1466 1793 castra
1495 1753 1685 1793 revertis·

248 1819 356 1860 sent,
388 1809 536 1849 eadem
565 1806 725 1858 fraude,
760 1815 809 1848 ut
833 1806 1112 1862 jurejurando
1142 1806 1433 1858 liberarentur,
1467 1823 1624 1865 eosque
1660 1825 1685 1850 a

246 1866 493 1908 censoribus
519 1863 717 1905 omnibus
744 1863 989 1919 ignominiis
1021 1872 1202 1905 notatos.
1262 1865 1325 1905 Sit
1338 1863 1432 1921 jam
1453 1865 1579 1922 hujus
1601 1866 1685 1907 loci

248 1923 355 1964 finis.
385 1921 658 1978 perspicuum
688 1930 752 1962 est
780 1920 908 1970 enim,
931 1934 1027 1976 quae
1057 1920 1208 1961 timido
1238 1921 1396 1972 animo,
1424 1921 1589 1971 humili,
1610 1923 1683 1963 de-

246 1980 394 2029 misso,
415 1979 633 2033 fractoque
661 1977 763 2018 fiant
785 1993 794 2017 ε
832 1977 971 2033 (quale
992 1976 1141 2017 fuisset
1167 1978 1320 2033 Reguli
1350 1979 1523 2029 factum,
1554 1979 1588 2020 si
1610 1988 1684 2021 aut

247 2037 301 2078 de
331 2035 519 2091 captivis,
541 2033 657 2089 quod
687 2033 767 2088 ipsi
793 2048 900 2088 opus
930 2047 1020 2074 esse
1049 2033 1269 2084 videretur,
1291 2049 1374 2075 non
1395 2035 1511 2090 quod
1541 2036 1683 2091 reipu-

246 2093 385 2144 blicae,
405 2090 651 2141 censuisset,
673 2099 747 2131 aut
767 2089 885 2131 domi
905 2104 1120 2131 remanere
1141 2090 1354 2144 voluisset)
1379 2106 1462 2132 non
1484 2107 1576 2133 esse
1597 2093 1680 2135 uti—

245 2149 317 2200 lia,
338 2148 437 2205 quia
457 2147 539 2188 sint
560 2146 785 2202 flagitiosa,
803 2147 931 2196 foeda,
951 2146 1104 2202 turpia.

163 2206 234 2254 33
305 2207 450 2247 Restat
479 2212 628 2260 quarta
657 2218 766 2258 pars,
798 2219 892 2259 quae
923 2202 1090 2254 decore,
1121 2202 1425 2255 moderatione,
1459 2204 1683 2256 modestia,

163 2260 519 2313 116continentia,
557 2261 848 2316 temperantia,
893 2260 1147 2301 continetur.
1208 2261 1350 2302 Potest
1389 2261 1520 2316 igitur
1558 2262 1681 2321 quid-

247 2334 375 2376 quam
406 2332 496 2360 esse
526 2316 643 2367 utile,
664 2317 779 2373 quod
811 2317 865 2357 sit
895 2316 992 2358 huic
1023 2316 1173 2357 talium
1202 2317 1405 2359 virtutum
1426 2318 1557 2359 choro
1579 2333 1683 2360 con-

245 2376 421 2418 trarium
441 2376 454 2415 ?
486 2374 623 2430 Atqui
644 2374 697 2415 ab
718 2374 936 2430 Aristippo
960 2373 1186 2430 Cyrenaici
1205 2382 1333 2429 atque
1352 2373 1567 2416 Annicerii
1587 2375 1682 2430 phi-

289 2510 329 2534 48
353 2500 464 2537 scribit,
478 2512 514 2530 ex
525 2500 618 2530 decem
633 2498 825 2538 nobilissimis]
845 2499 945 2528 scribit
1031 2506 1071 2532 49
1094 2498 1251 2539 adstringit
1271 2510 1323 2528 non
1346 2498 1482 2529 dissolvit
1502 2500 1680 2540 perjurium]

247 2556 312 2578 non
337 2552 382 2576 est
406 2546 437 2575 in
462 2545 525 2574 Ms.
542 2545 618 2574 Cur.
635 2553 693 2573 nec
717 2544 749 2573 in
764 2543 812 2573 ed.
830 2542 944 2572 Colon.
980 2542 1143 2582 periurium
1160 2552 1223 2572 non
1241 2542 1352 2582 placet.
1370 2550 1447 2582 puto
1467 2552 1533 2573 esse
1550 2544 1683 2575 insitum

248 2590 346 2620 Goth.
370 2588 466 2619 habet
487 2587 541 2616 ait.
558 2594 634 2626 puto
656 2593 830 2624 utrumque
845 2595 912 2615 esse
927 2595 946 2615 a
986 2595 1004 2614 a
1019 2585 1197 2623 glossatore.
1214 2586 1681 2626 intelligendumjusjumndum,

248 2633 426 2673 glossatore.
451 2631 532 2660 sicut
551 2637 624 2660 ante
646 2630 677 2659 in
699 2639 752 2658 non
775 2639 866 2657 omnes
890 2639 942 2657 uno
985 2629 1070 2666 quod
1099 2629 1255 2658 antecedit
1279 2628 1388 2668 paullo
1412 2636 1503 2659 ante:
1527 2636 1623 2667 atque
1650 2631 1682 2661 id

248 2676 337 2712 modo,
359 2674 603 2712 intelligendum
625 2679 671 2702 est
693 2672 825 2708 tradunt,
847 2672 892 2701 sic
913 2678 944 2701 et
984 2672 1044 2701 dici
1076 2677 1176 2710 potest
1205 2673 1353 2711 adstringi
1381 2678 1412 2702 et
1439 2671 1589 2711 dissolvi;
1615 2682 1681 2703 non

244 2719 299 2749 hic
313 2718 415 2748 tradit.
429 2724 500 2748 tum
515 2715 695 2745 nobilissimis
708 2716 760 2744 bic
778 2715 880 2754 friget,
889 2715 942 2744 ad·
985 2714 1172 2753 perjurium.
1188 2714 1293 2754 itaque
1309 2715 1424 2745 inclusi
1439 2715 1539 2745 uncis.

244 2762 348 2791 ditum
361 2767 438 2800 puto
450 2770 468 2790 a
479 2759 563 2790 male
573 2758 684 2789 sedulo
696 2768 712 2787 e
727 2757 868 2797 Polybio.
882 2767 940 2787 nee
1029 2765 1069 2788 50
1091 2763 1238 2787 veterator
1251 2765 1279 2787 et
1298 2757 1437 2799 callidus]
1455 2758 1611 2797 Copulam
1629 2759 1691 2792 de-,i

245 2804 347 2844 placet
362 2804 394 2834 in
410 2803 614 2842 sequentibus
628 2813 663 2832 ex
673 2801 779 2839 decem,
793 2801 879 2840 quod
896 2810 940 2831 re·
984 2800 1112 2837 leudam
1125 2806 1213 2842 puto.

245 2847 326 2878 atius
341 2847 486 2878 abfuerit.
