1844 3202
230 101 317 145 1740
761 94 840 133 DE
875 93 1145 134 OFFICIIS

237 204 381 246 aditus
400 202 452 244 ad
470 201 804 255 multitudinem,
825 213 874 245 ut
895 204 937 245 in
959 204 1247 246 universorum
1272 203 1436 246 animos
1456 211 1675 262 tamquam

177 270 230 302 32
244 260 416 302 influere
434 259 659 315 possimus.
715 261 782 302 Ac
803 261 989 316 primum
1011 260 1063 301 de
1085 261 1166 302 illis
1186 262 1337 312 tribus,
1360 276 1455 318 quae
1478 272 1574 303 ante
1595 263 1620 302 (ἶ
1626 263 1679 304 nti

199 317 231 347 b
243 317 542 358 benevolentiae
579 327 805 372 praecepta,
845 318 1087 359 videamus:
1120 333 1215 373 quae
1256 318 1429 374 quidem
1469 319 1681 360 beneficiis

172 392 175 396 ·
241 374 408 430 capitur
427 373 638 415 maxime:
671 373 858 415 secundo
884 384 1029 414 autem
1050 373 1146 415 loco
1165 375 1351 416 benefica
1370 374 1587 416 voluntate
1607 376 1681 416 be-

243 431 477 472 nevolentia
505 440 711 481 movetur,
739 431 867 471 etiam
903 431 937 471 si
968 445 1034 470 res
1062 430 1173 471 forte
1207 446 1290 472 non
1322 432 1524 487 suppetit.
1555 431 1681 472 vehe-

243 497 407 528 menter
436 495 579 528 autem
610 502 730 528 amor
761 486 1046 528 multitudinis
1076 497 1370 529 commovetur
1396 503 1486 543 ipsa
1506 488 1620 528 fama
1640 495 1683 528 et

243 544 442 599 opinione
472 543 748 594 liberalitatis,
778 544 1080 593 beneficentiae‚
1103 545 1298 599 Justitiae,
1330 544 1441 594 fidei,
1471 545 1686 585 omnium-

244 614 328 657 que
348 615 493 641 earum
514 600 733 650 xirtutum,
755 616 849 656 quae
876 600 1085 655 pertinent
1111 600 1164 640 ad
1191 601 1559 642 mansuetudinem
1590 615 1686 641 mo-

244 671 356 707 rum,
388 671 434 697 ae
466 656 726 697 facilitatem.
787 657 955 698 Etenim
995 655 1138 697 illud'
1129 671 1284 711 ipsum,
1315 657 1429 712 quod
1459 657 1687 698 honestum

245 713 538 768 decorumque
575 713 770 764 dicimus,
802 713 900 769 quia
929 727 1003 768 pet
1033 727 1075 754 se
1106 714 1227 755 nobis
1256 714 1407 769 placet,
1439 714 1689 778 animosque

247 770 443 811 omnium
473 779 622 811 natura
651 778 694 811 et
724 785 862 825 specie
892 785 969 810 sua
997 779 1252 821 commovet,
1275 785 1542 825 maximeque
1570 769 1690 826 quasi

247 827 438 891 perlucet
457 840 508 866 ex
533 827 612 891 eis,
627 841 731 882 quas
750 827 1093 878 commemoravi,
1115 827 1365 868 xiitutibus:
1397 827 1556 867 idcirco
1578 827 1688 877 illos,

249 899 293 924 m
313 884 468 938 quibus
488 897 558 922 eas
578 884 752 924 virtutes
772 898 862 923 esse
890 898 1045 934 remur,
1066 898 1090 923 a
1110 894 1258 924 natura
1289 884 1394 948 ipsa.
1408 883 1583 938 diligere
1613 898 1690 924 co-

250 941 407 995 gimur.
457 939 603 993 Atque
624 939 690 980 hae
711 939 883 994 quidem
903 954 1042 981 causae
1062 939 1266 995 diligendi
1283 940 1562 995 gravissimae:
1589 954 1690 995 pos-

188 1001 237 1034 33
254 1006 352 1037 sunt
369 995 481 1036 enim
501 1005 703 1049 praeterea
734 995 947 1036 nonnullae
973 1010 1063 1036 esse
1090 996 1279 1037 leviores.
1338 996 1460 1037 Fides
1480 1006 1620 1036 autem
1646 1003 1693 1037 ut

251 1053 473 1101 habeatur,
494 1051 657 1092 duabus
680 1052 803 1093 rebus
824 1052 932 1093 effici
952 1060 1114 1106 potest:
1143 1053 1176 1093 si
1195 1052 1529 1093 existimabimur
1549 1052 1694 1107 adepti

252 1110 526 1166 conjunctam
547 1121 629 1149 cun
630 1124 645 1148 1
672 1109 825 1164 justiti
817 1124 840 1149 ι
859 1109 1138 1165 prudentiam.
1161 1124 1255 1150 nam
1279 1117 1321 1150 ct
1341 1109 1390 1150 iis
1411 1109 1537 1150 fidem
1560 1109 1601 1149 h
1592 1109 1690 1149 rbe-

252 1181 362 1215 mus‚
394 1180 500 1221 quos
530 1166 625 1221 plus
655 1165 906 1221 intelligere,
936 1180 1066 1222 quam
1097 1180 1188 1218 nos,
1208 1166 1476 1216 arbitramur,
1482 1179 1692 1230 quosque

252 1233 298 1264 et
314 1223 456 1263 futura
485 1222 724 1277 prospicere
745 1222 972 1274 credimus,
994 1232 1038 1263 et
1066 1237 1166 1264 cum
1197 1237 1262 1264 res
1293 1233 1459 1278 agatur,
1481 1222 1521 1263 in
1545 1222 1692 1264 discri-

253 1293 437 1335 menque
466 1289 639 1320 ventum
669 1279 736 1330 sit,
755 1279 950 1335 expedire
980 1294 1083 1330 rem,
1104 1289 1147 1321 et
1175 1280 1400 1321 consilium
1430 1294 1481 1320 ex
1500 1289 1694 1334 tempore

253 1350 403 1391 capere
424 1349 561 1390 posse.
581 1336 690 1376 hauc
718 1351 831 1378 enim
858 1335 1008 1377 utilem
1039 1351 1185 1378 omnes
1207 1336 1450 1378 existimant
1469 1349 1696 1392 xeramque

254 1392 538 1457 prudentiam.
598 1392 732 1434 Justis
760 1404 903 1434 autem
934 1403 977 1434 et
1004 1393 1096 1434 fidis
1116 1393 1374 1458 hominibus,
1397 1393 1438 1433 id
1459 1402 1536 1444 est,
1557 1393 1696 1442 bonis,

254 1450 315 1491 ita
340 1448 441 1490 fides
468 1449 662 1500 habetur,
684 1459 733 1491 ut
752 1449 868 1491 nulla
887 1450 941 1490 sit
961 1450 1003 1491 in
1025 1450 1089 1491 his
1109 1450 1297 1491 fraudis
1289 1450 1539 1506 mjuriaeque
1559 1449 1696 1505 suspi-

256 1506 337 1547 cio.
399 1506 549 1570 Itaque
579 1506 643 1546 his
674 1507 855 1548 salutem
885 1515 1089 1557 nostram,
1111 1507 1175 1548 his
1206 1507 1410 1570 fortunam,
1432 1507 1496 1547 his
1524 1506 1696 1556 liberos,

194 1570 247 1605 34
258 1561 491 1604 rectissime
512 1562 726 1604 committi
752 1564 1020 1604 arbitramur.
1079 1565 1247 1605 Harum
1278 1563 1410 1619 igitur
1440 1563 1620 1604 duarum
1641 1562 1697 1603 ad

259 1619 384 1660 fidem
419 1619 655 1660 faciendam
683 1619 849 1675 justitia
880 1620 976 1675 plus
1011 1620 1169 1676 pollet:
1202 1620 1359 1676 quippe
1391 1635 1490 1661 cum
1529 1634 1578 1659 ea
1607 1619 1696 1659 sine

256 1675 480 1731 prudentia
500 1676 599 1716 satis
620 1676 775 1717 babeat
795 1676 1073 1727 auctoritatis,
1095 1676 1318 1732 prudentia
1336 1691 1367 1716 5
1361 1692 1424 1717 ne
1442 1676 1613 1731 justitia
1632 1676 1696 1716 ni-

257 1733 317 1774 hil
339 1732 474 1774 valeat
503 1733 556 1773 ad
583 1733 819 1773 faciendam
842 1732 1142 1790 fide1n.Qu0
1164 1748 1276 1773 enim
1299 1734 1392 1789 quis
1414 1732 1635 1783 versutior,
1656 1741 1699 1772 et

259 1789 451 1830 callidior
482 1798 567 1841 est,
599 1789 681 1830 hoc
714 1789 896 1840 invisior,
920 1797 962 1830 et
998 1790 1256 1853 suspectior,
1281 1789 1470 1831 detracta
1501 1789 1701 1853 opinione

260 1846 497 1902 probitatis.
568 1847 863 1903 Quamobrem
908 1846 1197 1902 intelligentiae
1240 1846 1410 1902 justitia
1453 1845 1698 1909 conjuncta,

152 1926 184 1956 p
198 1923 248 1946 ιο.
262 1912 470 1959 quantum
491 1903 618 1954 volet,
640 1903 816 1944 habebit
844 1902 899 1943 ad
919 1903 1155 1945 faciendam
1178 1903 1303 1944 fidem
1323 1903 1487 1944 virium.
1517 1910 1555 1939 37
1541 1902 1699 1965 justi-

221 1968 251 1989 a
263 1961 321 2001 tia
342 1960 430 2000 sine
451 1960 675 2015 prudentia
703 1960 889 2001 multum
918 1960 1103 2024 poterit.
1135 1960 1223 2001 sine
1237 1958 1406 2016 justitia
1425 1958 1528 2000 nihil
1546 1957 1702 1999 valebit

182 2008 249 2054 lO
264 2016 499 2072 prudentia.
571 2017 669 2067 Sed,
708 2031 760 2057 ne
806 2016 900 2072 quis
944 2017 997 2057 sit
1037 2016 1283 2081 admiratuS,
1322 2030 1412 2066 cur,
1452 2029 1552 2056 cum
1590 2014 1701 2056 inter

199 2082 249 2114 35
265 2087 412 2114 omnes
437 2073 713 2128 philosophos
745 2080 924 2123 constet,
946 2087 970 2114 a
1001 2088 1155 2129 meque
1182 2073 1275 2128 ipso
1301 2087 1412 2127 saepe
1434 2072 1699 2135 disputatum

264 2130 332 2180 sit,
355 2130 428 2185 qui
448 2144 576 2170 unam
593 2130 630 2169 h
623 2130 782 2177 meret,
804 2144 952 2170 omnes
971 2129 1125 2193 habere
1147 2129 1334 2179 ι ἱιιιιῖ65,
1352 2143 1463 2170 nunc
1484 2128 1542 2169 ita
1558 2129 1701 2183 sejun-

262 2200 377 2242 gam,
400 2186 519 2242 quasi
541 2187 672 2241 possit
692 2186 932 2242 quisquam,
951 2185 1024 2242 qui
1041 2201 1124 2227 non
1142 2186 1252 2227 idem
1274 2185 1457 2249 prudens
1474 2185 1542 2234 sit,
1556 2184 1701 2240 justus

262 2257 378 2284 esse.
401 2250 440 2274 38
456 2243 537 2283 alia
556 2250 619 2282 est
640 2242 724 2294 illa,
745 2257 845 2284 cum
865 2243 1014 2283 veritas
1036 2243 1126 2298 ipsa
1145 2242 1219 2283 lim
1204 2251 1317 2283 atur
1337 2257 1379 2282 in
1397 2241 1701 2296 disputatione,

263 2299 501 2350 subtilita33
532 2299 626 2350 alia,
658 2314 758 2340 cum
787 2299 841 2340 ad
869 2299 1115 2354 opinionem
1144 2313 1417 2340 communem
1457 2312 1597 2339 Omms
1632 2311 1704 2338 ac-

263 2356 577 2407 commodatur,
606 2356 756 2397 oratio.
814 2356 1122 2412 Ouamobrem,
1149 2366 1197 2397 ut
1226 2356 1391 2410 vulguS,
1421 2354 1481 2396 ita
1509 2368 1586 2395 nos
1615 2353 1700 2394 hoc

247 2413 360 2454 -loco
391 2412 622 2490 loquimur,
643 2421 692 2454 ut
720 2399 853 2453 alios
854 2412 998 2463 fortes,
1027 2412 1131 2453 alios
1161 2413 1296 2453 bonos
1325 2412 1449 2462 viros,
1469 2411 1573 2452 alios
1599 2424 1703 2465 pru-

264 2469 411 2510 dentes
440 2469 645 2510 dicamus.
704 2468 980 2524 popularibus
1010 2470 1120 2510 enim
1151 2468 1284 2509 verbis
1315 2476 1379 2508 est
1410 2468 1639 2523 agendum,
1660 2473 1705 2507 et

265 2526 446 2576 usitatis,
473 2540 572 2566 cum
603 2525 821 2581 loquimur
849 2524 901 2566 de
926 2526 1125 2580 opinione
1157 2525 1363 2580 populari,
1395 2525 1523 2580 idque
1551 2523 1703 2564 codem

202 2583 255 2620 36
268 2582 398 2624 modo
439 2582 539 2623 feeit
590 2582 813 2622 Panaetius.
889 2582 973 2622 Sed
1018 2582 1071 2622 ad
1117 2582 1380 2637 piopositum
1431 2589 1703 2622 revertamur.

265 2641 368 2680 Erat
386 2639 517 2694 igitur
536 2652 587 2679 ex
607 2638 754 2689 tribus,
777 2653 873 2695 quae
895 2638 949 2679 ad
969 2638 1149 2694 gloriam
1172 2639 1395 2694 peltinent,
1413 2638 1495 2679 hoc
1514 2636 1704 2687 tertium,

307 2751 696 2793 87jusf1‘ria—pradentia]
727 2753 804 2782 Haec
821 2753 965 2783 Pearcius
1011 2752 1125 2782 melius
1141 2753 1263 2782 dictum
1279 2763 1302 2782 ,5ι
1296 2752 1328 2782 ’.ι

250 2796 370 2833 spuria
384 2796 529 2835 putabat:
548 2806 600 2834 qu.
605 2806 621 2825 a
638 2805 692 2835 pos
681 2796 965 2826 tconclusicnem
1053 2802 1092 2825 ‘3⁵5
1118 2795 1179 2823 alia
1201 2808 1223 2825 ι,
1219 2803 1240 2825 t
1261 2794 1328 2834 illa]
1353 2794 1406 2824 illa
1430 2794 1517 2824 abest
1539 2792 1604 2824 Ms.
1626 2791 1704 2824 Cur

263 2847 352 2875 sunt,
377 2848 435 2868 nce
459 2839 590 2877 habent,
614 2839 700 2879 quod
723 2849 789 2870 non
802 2839 871 2879 jam
892 2846 966 2869 ante
1010 2849 1075 2869 non
1093 2839 1188 2869 male.
