1844 3202
437 117 825 159 FRAGMENTA
858 118 1222 158 POEMATUM.

125 228 166 268 Si
179 235 281 281 potes,
297 228 444 267 invenies
461 240 573 280 supero
589 227 772 265 convertier
788 226 876 271 orbe,

130 283 283 334 Quinque
294 283 374 333 pari
392 283 510 333 spatio,
522 290 638 333 partes
657 290 723 318 tres
739 294 804 318 esse
818 281 962 325 relictas,

127 335 280 386 Tempore
297 344 453 373 nocturno
470 348 555 386 quas
573 334 629 371 vis
647 334 779 383 inferna
784 335 992 386 frequentet.

124 389 223 426 Alter
239 388 286 426 ab
303 389 441 438 infernis
459 388 582 425 Austri
598 388 803 425 convertitur
819 389 913 425 auris
925 403 940 424 .-

124 442 342 479 Distribuens
359 440 499 479 medium
517 441 630 479 subter
646 450 734 478 secat
751 442 804 478 bic
826 441 1075 491 Capricornum.

124 496 238 546 Atque
249 494 345 545 pedes
358 494 508 544 gelidum
526 496 640 532 rivum
645 493 825 543 fundentis
844 496 989 546 Aquari,

129 547 478 598 Caeruleaequefi’ram
496 548 641 585 caudam
659 548 826 591 Pistricis,
845 555 878 586 et
894 548 989 585 illum

124 600 316 650 Fulgentem
333 602 502 651 Leporem,
518 601 594 638 inde
603 600 702 652 pedes
725 601 841 645 Canis,
859 611 890 638 et
909 601 1012 638 simul
1030 600 1177 654 amplam

124 653 319 703 Argolicam
337 655 454 691 retinet
470 654 581 692 crebro
599 668 672 691 cum
690 655 811 691 lumine
830 655 967 692 Navem
981 671 994 691 .·

129 707 304 757 Tergaque
325 708 486 745 Centauri
503 717 603 759 atque
622 708 731 758 Nepai
743 717 860 758 portat
877 721 1014 746 acumen
1025 723 1038 745 :

127 759 210 797 Inde
229 760 402 810 Sagittari
422 760 567 807 delirum
582 760 725 812 possidet
742 774 870 799 arcum.

127 814 233 850 Hunc
250 828 272 850 a
290 814 459 851 clarisom's
479 815 571 852 auris
590 814 764 865 Aquilonis
782 814 833 851 ad
842 817 1021 860 Austrum,

131 865 279 904 Condens
292 875 489 918 postremum
508 868 620 918 tangit
638 874 712 904 rota
716 867 866 914 fluvida
884 868 960 906 solis
971 884 985 905 .-

128 919 261 957 Exinde
278 921 312 957 in
329 932 464 971 superas
483 921 627 958 brumali
644 930 783 971 tempore
787 921 889 968 flexu

130 973 175 1011 Se
191 974 306 1025 recipit
323 974 411 1012 sedes
425 991 436 1011 .·
466 974 541 1011 huic
557 973 627 1011 orbi
642 975 785 1025 quinque
802 973 943 1012 tributae

129 1027 316 1064 Nocturnae
331 1037 456 1076 partes,
473 1039 593 1079 supera
612 1037 677 1064 tres
695 1027 765 1065 luce
782 1027 950 1065 dicantur.

132 1080 246 1117 Hasce
263 1082 348 1117 inter
365 1080 506 1118 mediam
526 1083 560 1117 in
574 1088 705 1131 partem
724 1081 861 1118 retinere
875 1081 1014 1119 videtur

134 1133 266 1170 Tantus
283 1143 428 1184 quantus
446 1135 508 1172 erit
526 1134 684 1171 collucens
703 1135 849 1171 Lacteus
868 1134 966 1172 orbis.

129 1185 172 1224 In
191 1200 254 1236 quo
273 1188 474 1230 autumnali,
493 1194 594 1238 atque
611 1189 730 1225 iterum
749 1188 798 1225 sol
814 1187 935 1225 lumine
952 1201 1054 1226 verno

132 1239 307 1290 Exaequat
323 1241 465 1291 spatium
485 1242 566 1278 lucis
583 1255 657 1277 cum
677 1248 815 1291 tempore
833 1242 946 1279 noctis.

132 1293 235 1330 Hunc
255 1294 396 1330 retinens
414 1294 511 1331 Aries
530 1294 680 1331 sublucet
697 1307 823 1345 corpore
840 1303 941 1339 totus,

132 1348 246 1396 Atque
258 1348 450 1397 genuflexo
471 1348 604 1385 Taurus
622 1348 802 1385 connititur
818 1349 933 1398 ingens
950 1364 963 1386 :

136 1399 240 1437 Orion
258 1400 347 1438 claro
365 1401 551 1451 contingens
569 1411 696 1450 corpore
699 1402 824 1449 fertur
835 1417 848 1438 .-

134 1451 258 1500 Hydra
277 1463 361 1490 tenet
366 1455 468 1502 flexu
485 1471 493 1498 3
527 1454 671 1491 Cratera
688 1462 720 1491 et
741 1454 872 1491 Corvus
889 1453 1038 1492 adbaeret
1054 1470 1068 1491 :

134 1507 182 1544 Et
197 1517 320 1557 paucae
338 1521 355 1544 e
375 1507 484 1545 Chelis
499 1507 628 1552 stellae3
657 1508 760 1544 simul
775 1508 1032 1557 Anguitenentis

135 1560 224 1598 Sunt
237 1574 367 1610 genua,
386 1570 418 1598 et
438 1561 558 1597 summi
576 1561 675 1598 Jovis
695 1561 776 1598 Ales
795 1562 933 1598 nuntius
951 1562 1057 1598 instat
1069 1577 1082 1598 .-

136 1615 277 1665 Propter
295 1614 412 1665 Equus
429 1615 535 1664 capite
552 1623 583 1651 et
602 1614 768 1652 cer-vicum
788 1614 913 1651 lumine
930 1615 1055 1665 tangit.

135 1668 244 1705 Hosce
260 1681 356 1717 aequo
373 1668 478 1717 spatio
496 1666 665 1704 devinctos
683 1668 822 1704 sustinet
839 1668 930 1712 axis,

133 1721 204 1758 Per
223 1719 341 1757 medios
357 1733 482 1757 summo
502 1720 576 1757 coeli
594 1720 634 1756 de
652 1721 776 1757 vertice
793 1729 946 1758 tranans.

135 1774 200 1811 Ille
217 1782 327 1810 autem
346 1774 435 1811 claro
450 1779 594 1824 quartus
612 1787 687 1810 cum
705 1773 828 1811 lumine
843 1775 963 1819 circus,

135 1826 302 1866 Partibus
321 1828 472 1864 extremis
489 1836 648 1863 extremos
665 1827 806 1864 continet
824 1827 930 1872 orbes,

137 1882 188 1919 Et
204 1879 308 1917 simul
322 1893 345 1916 a
363 1879 464 1917 medio
484 1879 590 1917 media
610 1880 650 1918 tle
661 1887 763 1931 parte
779 1888 924 1925 secatur,

134 1937 251 1986 Atque
267 1932 417 1984 obliquus
436 1934 470 1970 in
489 1933 538 1970 his
555 1934 660 1970 nitens
678 1947 752 1970 cum
771 1934 892 1971 lumine
896 1935 1018 1982 fertur
1030 1950 1043 1972 .·

143 1988 191 2025 Ut
209 2000 310 2029 nemo,
329 1987 383 2024 cui
399 1996 517 2023 sancta
535 2001 637 2024 manu
657 1987 844 2024 doctissima
867 1987 985 2026 Pallas

140 2040 312 2078 Sollertem
331 2040 404 2091 ipsa
423 2036 516 2076 dedit
520 2040 676 2089 sabricae
692 2040 877 2077 rationibus
894 2048 1017 2087 artem,

142 2094 228 2131 Tam
247 2100 378 2130 tornare
394 2102 467 2130 cate
484 2101 642 2130 contortos
656 2094 778 2144 possiet
795 2094 901 2139 orbes,

144 2147 258 2197 Quam
276 2153 356 2183 sunt
372 2147 406 2183 in
424 2147 504 2183 coelo
522 2147 638 2185 divino
655 2148 788 2184 numine
794 2147 897 2194 flexi,

143 2200 283 2237 Terram
301 2201 476 2249 cingentes,
497 2211 648 2238 ornantes
667 2201 789 2238 lumine
807 2199 980 2239 mundum.

145 2253 296 2290 Culmine
313 2263 502 2290 transverso
519 2254 691 2292 retinentes
708 2253 818 2292 sidera
824 2254 943 2302 fulta.

149 2307 320 2356 Quattuor
337 2306 372 2343 hi
389 2314 478 2343 motu
495 2309 604 2344 cuncti
621 2307 812 2345 volvuntur
826 2307 946 2346 eodem.

146 2359 218 2397 Sed
234 2366 366 2397 tantum
385 2370 487 2410 supra
506 2369 613 2397 terras
631 2371 753 2411 semper
771 2368 857 2398 tenet
875 2361 931 2397 ille

148 2413 373 2458 curriculum,
394 2414 521 2465 oblique
539 2414 680 2462 inflexus
699 2413 806 2450 tribus
823 2413 957 2451 orbibus
975 2427 1074 2453 unus.

150 2466 286 2516 Quanto
303 2476 352 2503 est
369 2465 498 2503 divisus
521 2467 649 2505 Cancer
665 2467 772 2518 spatio
788 2481 811 2504 a
833 2467 1043 2518 Capricorno,

147 2521 200 2556 Ac
217 2519 331 2556 subter
347 2526 455 2556 terras
472 2521 615 2571 spatium
630 2531 697 2572 par
713 2533 780 2558 esse
796 2534 920 2558 necesse
934 2530 982 2558 est
995 2537 1009 2558 .-

146 2573 197 2610 Et
214 2582 353 2623 quantos
371 2572 481 2609 radios
488 2574 637 2620 jacimus
654 2574 695 2611 de
711 2574 832 2611 lumine
849 2581 971 2619 nostro,

152 2626 252 2676 Queis
271 2627 363 2663 lunae
381 2639 563 2664 convexum
580 2627 679 2664 oculis
695 2628 913 2677 contingimus
928 2626 1049 2672 orbem,

151 2679 221 2718 Sex
237 2686 347 2716 tantae
357 2686 514 2730 poterunt
530 2679 592 2716 sub
610 2694 682 2718 eum
699 2680 867 2717 succedere
879 2689 1009 2730 partes,

151 2731 242 2769 Bina
255 2734 334 2783 pari
351 2733 458 2782 spatio
475 2733 621 2770 coelestia
638 2734 738 2783 signa
755 2743 908 2771 tenentes.

152 2785 334 2823 Zodiacum
354 2786 440 2823 bunc
461 2786 573 2823 Graeci
591 2788 755 2830 vocitant,
773 2787 940 2837 nostrique
958 2784 1081 2837 Latini

155 2837 278 2877 Orbem
293 2839 492 2890 signiferum
502 2839 724 2891 perhibebunt
742 2840 867 2887 nomine
883 2851 964 2878 vero
978 2854 992 2877 .·
1065 2836 1071 2840 ’

1464 126 1538 168 9⁵1

1465 285 1545 327 270

1469 550 1544 591 275

1471 818 1550 852 280

1474 1084 1549 1117 285

1478 1350 1557 1393 290

1482 1618 1556 1660 295

1483 1886 1564 1920 300

1489 2154 1564 2186 305

1490 2420 1570 2452 310

1490 2684 1571 2717 315
