1844 3202
311 127 387 169 754
838 124 915 162 DE
951 122 1211 162 OFFIClrs

309 238 352 270 et
379 244 463 286 prae
491 245 534 272 se
562 231 641 273 fert
669 231 857 274 dolorem
889 247 1042 275 suum:
1083 247 1174 284 nec,
1195 233 1228 274 si
1250 232 1388 289 plures
1412 241 1508 273 sunt
1527 232 1568 282 ii,
1589 231 1742 287 quibus

311 286 502 341 improbe
528 288 671 329 datum
703 298 779 339 est,
802 304 929 344 quam
955 290 1029 339 illi,
1061 291 1213 345 quibus
1242 290 1397 345 injuste
1425 289 1638 329 ademtum
1666 296 1744 338 est,

199 359 230 389 p.
249 342 468 385 so-idcirco
490 345 583 399 plus
605 346 730 386 etiam
751 346 902 386 valent.
962 347 1063 387 Non
1091 347 1200 386 enim
1230 360 1404 387 numero
1433 345 1523 386 haec
1547 344 1743 399 judican-

271 401 300 423 ²·
312 408 394 450 tur,
433 401 506 442 sed
546 402 745 456 pondere.
805 403 946 444 Quam
990 412 1131 444 autem
1173 410 1212 438 79
1230 403 1357 443 habet
1397 402 1655 457 aequitatem,
1696 409 1744 440 ut

310 471 459 512 agrum
488 457 632 498 multis
667 458 800 508 annis,
821 467 893 498 aut
924 458 1049 499 etiam
1082 459 1244 500 saeeulis
1273 468 1368 499 ante
1397 472 1651 514 possessum,
1672 456 1744 512 qui

226 503 296 550 23
311 513 474 554 nullum
495 514 658 564 habuit,
680 515 857 555 habeat:
891 515 961 569 qui
982 526 1123 556 autem
1146 515 1307 566 habuit,
1329 516 1492 557 amittat
1510 516 1522 554 ?
1556 515 1622 555 Ae
1644 528 1742 569 pro-

246 577 298 610 80
308 580 401 625 pter
428 570 511 611 hoc
540 570 703 627 injuriae
734 585 868 626 genus
899 571 1211 612 Lacedaemonii
1241 572 1505 627 Lysandrum
1526 571 1743 626 ,ephorum

307 626 584 682 expulerunt:
626 627 741 682 Agin
774 642 916 682 regem
955 627 1085 683 (quod
1117 643 1348 683 numquam
1379 637 1500 669 antea
1529 627 1641 681 apud
1670 640 1743 667 eos

306 683 531 737 acciderat)
571 693 849 725 necaverunt:
895 699 945 725 ex
979 699 1115 740 eoque
1144 694 1333 739 tempore
1364 693 1489 725 tantae
1521 682 1741 725 discordiae

307 750 463 781 secutae
485 749 595 791 sunt,
614 751 660 782 ut
681 750 723 781 et
743 741 909 797 tyranni
931 742 1170 792 existerent,
1187 749 1229 782 et
1247 742 1471 796 optimates
1489 739 1743 781 extermina-

306 807 477 838 rentur:
520 806 561 838 et
592 797 908 852 praeclarissime
939 798 1168 839 constituta
1203 798 1440 853 respublica
1474 797 1744 838 dilaberetur.

307 867 383 894 nec
417 868 514 894 vero
549 854 684 894 solum
721 853 811 908 ipsa
843 854 1008 904 cecidit,
1037 854 1107 895 sed
1141 854 1267 895 etiam
1297 854 1500 909 reliquam
1532 852 1742 894 Graeciam

305 910 454 951 evertit
474 910 800 965 contagionibus
828 910 1053 961 malorum,
1076 926 1169 966 quae
1192 919 1230 943 80
1249 925 1272 951 a
1292 910 1626 951 Lacedaemoniis
1646 922 1743 964 pro-

307 966 433 1016 fecta,
455 975 676 1019 manarunt
699 966 838 1007 latius.
898 966 1041 1021 Quid?
1076 977 1241 1008 nostros
1269 967 1501 1016 Gracchos,
1520 967 1585 1006 Ti.
1609 966 1742 1006 Grac-

306 1022 390 1072 chi,
412 1023 566 1063 summi
587 1022 675 1073 viri,
696 1022 817 1073 filios,
840 1022 1029 1063 Africani
1057 1033 1245 1077 nepotes,
1272 1037 1409 1063 nonne
1438 1022 1612 1077 agrariae
1642 1035 1744 1061 con-

244 1085 290 1120 ,81
307 1078 514 1120 tentiones
535 1079 834 1134 perdiderunt?
868 1078 929 1120 At
948 1093 1046 1119 vero
1067 1079 1224 1120 Aratus
1246 1079 1470 1135 Sicyonius
1483 1078 1580 1134 jure
1600 1076 1745 1119 lauda-

305 1143 389 1186 tur,
413 1136 499 1191 qui,
520 1150 615 1176 cum
647 1136 736 1192 ejus
767 1135 910 1176 civitas
942 1136 1249 1191 quinquaginta
1276 1150 1407 1176 annos
1428 1150 1451 1175 a
1473 1134 1660 1191 tyrannis
1683 1144 1745 1174 te-

304 1202 486 1243 neretur,
510 1193 723 1248 profectus
745 1192 876 1248 Argis
898 1192 1141 1249 Sicyonem,
1163 1192 1422 1233 clandestino
1444 1189 1620 1233 introitu
1638 1190 1743 1231 urbe

301 1259 365 1290 est
387 1250 562 1304 potitus.
608 1249 805 1304 Cumque
826 1257 1053 1305 tyrannum
1074 1249 1295 1290 Nicoclem
1320 1249 1546 1304 improviso
1568 1261 1743 1304 oppres-

305 1306 440 1356 sisset,
462 1316 681 1347 sexcentos
702 1305 882 1357 exsules,
905 1306 975 1361 qui
996 1307 1163 1347 fuerant
1188 1305 1280 1362 ejus
1301 1306 1479 1346 civitatis
1500 1304 1743 1359 locupletis-

303 1362 412 1413 simi,
435 1363 632 1413 restituit,
653 1377 825 1418 remque
846 1363 1058 1418 publicam
1082 1363 1262 1403 adventu
1291 1377 1368 1403 suo
1397 1361 1600 1403 liberavit.
1660 1360 1743 1401 Sed

302 1433 400 1460 cum
423 1433 622 1476 magnam
644 1419 991 1460 animadverteret
1013 1420 1054 1460 in
1074 1419 1195 1460 bonis
1216 1428 1258 1459 et
1279 1418 1613 1474 possessionibus
1635 1417 1742 1457 diffi-

303 1477 521 1526 cultatem,
550 1477 667 1532 quod
697 1485 739 1516 et
769 1491 856 1527 eOS,
887 1491 994 1531 quos
1026 1477 1113 1531 ipse
1144 1477 1396 1525 restituerat,
1417 1489 1598 1532 quorum
1629 1474 1743 1514 bona

302 1532 373 1573 alii
406 1533 696 1588 possederant,
728 1547 854 1588 egere
884 1533 1193 1588 iniquissimum
1226 1532 1523 1582 arbitrabatur,
1546 1540 1587 1572 et
1618 1530 1742 1586 quin-

302 1590 508 1645 quaginta
535 1604 740 1630 annorum
774 1598 808 1621 81
829 1590 1113 1644 possessiones
1144 1589 1300 1630 moveri
1321 1604 1403 1629 non
1426 1588 1548 1629 nimis
1571 1601 1740 1642 :equum

300 1647 492 1701 putabat,
514 1655 736 1702 propterea
757 1646 873 1700 quod
893 1653 978 1686 tam
1005 1646 1137 1701 longo
1166 1645 1302 1701 spatio
1333 1645 1469 1686 multa
1497 1643 1740 1685 hereditati-

298 1703 393 1754 bus,
428 1703 564 1744 multa
596 1702 867 1752 emtionibus,
901 1702 1033 1743 multa
1066 1702 1238 1743 dotibus
1273 1702 1524 1743 tenebantur
1557 1701 1645 1742 sine
1677 1700 1739 1740 in-

293 1758 433 1816 juria:
459 1759 681 1816 judicavit,
710 1774 846 1815 neque
873 1758 954 1799 illis
985 1758 1129 1809 adimi,
1160 1772 1295 1814 neque
1327 1758 1391 1798 his
1422 1773 1506 1799 non
1537 1756 1741 1808 satisfieri,

237 1828 288 1860 82
302 1831 482 1872 quorum
515 1817 587 1857 illa
617 1817 797 1866 fuerant,
818 1825 1027 1871 oportere.
1089 1815 1201 1856 Cum
1231 1815 1361 1871 igitur
1383 1814 1612 1863 statuisset,
1633 1827 1740 1868 opus

256 1876 288 1906 b·
302 1888 392 1914 esse
424 1873 476 1914 ad
512 1888 604 1914 eam
640 1887 728 1913 rem
764 1871 1103 1914 constituendam
1138 1872 1329 1927 pecunia,
1360 1870 1658 1913 Alexandriam
1696 1884 1740 1910 se

301 1930 510 1986 proficisci
528 1930 630 1970 velle
647 1929 765 1980 dixit,
780 1943 953 1984 remque
974 1929 1180 1984 integram
1199 1928 1253 1969 ad
1269 1928 1452 1969 reditum
1473 1941 1594 1968 suum
1610 1926 1740 1982 jussit

300 2001 418 2028 esse:
452 1987 570 2043 isque
600 1986 790 2026 celeriter
814 1985 866 2026 ad
897 1985 1188 2034 Ptolemaeum,
1212 2000 1334 2026 suum
1367 1984 1592 2039 hospitem,
1613 1982 1739 2034 venit,

299 2044 372 2099 qui
393 2053 482 2084 tum
506 2043 709 2099 regnabat
731 2042 835 2083 alter
856 2052 951 2097 post
972 2041 1270 2083 Alexandriam
1290 2040 1527 2081 conditam:
1552 2039 1618 2080 cui
1640 2053 1738 2080 cum

298 2100 575 2155 exposuisset,
590 2099 768 2155 patriam
791 2114 833 2139 se
853 2099 1028 2140 liberare
1050 2098 1169 2148 velle,
1187 2111 1441 2152 causamque
1459 2096 1692 2146 docuisset3
1714 2110 1739 2136 a

297 2171 398 2212 rege
416 2156 620 2212 opulento
636 2155 696 2196 vir
715 2170 905 2196 summus
924 2155 1045 2197 facile
1062 2154 1313 2210 impetravit,
1330 2164 1379 2194 ut
1394 2153 1544 2209 grandi
1560 2152 1738 2208 pecunia

297 2213 579 2270 adjuvaretur.
639 2213 779 2268 Quam
813 2227 911 2253 cum
942 2211 1169 2268 Sicyonem
1199 2211 1422 2260 attulisset,
1444 2209 1637 2250 adhibuit
1657 2209 1736 2249 sibi

297 2269 341 2310 in
363 2270 587 2311 consilium
610 2269 850 2325 quindecim
872 2268 1094 2324 principes,
1115 2283 1213 2309 cum
1235 2267 1388 2323 quibus
1410 2280 1555 2307 causas
1577 2279 1738 2320 cogno-

297 2327 356 2369 vit
386 2335 427 2368 et
457 2341 619 2376 eorum,
641 2325 713 2382 qui
740 2325 875 2366 aliena
900 2325 1114 2375 tenebant,
1135 2333 1178 2365 et
1205 2339 1367 2374 eorum,
1390 2323 1462 2378 qui
1488 2337 1563 2363 sua
1582 2321 1737 2362 amise-

298 2391 419 2426 rant:
453 2383 713 2439 perfecitque
743 2381 998 2423 aestimandis
1028 2381 1378 2436 possessionibus,
1400 2388 1448 2420 ut
1468 2378 1738 2435 persuaderet

297 2441 404 2491 aliis,
427 2450 473 2481 ut
492 2440 713 2495 pecuniam
736 2439 925 2494 accipere
945 2438 1132 2489 mallent,
1154 2436 1488 2493 possessionibus
1509 2435 1705 2477 cederent
1725 2451 1734 2475 :

297 2497 403 2548 aliis,
417 2505 465 2538 ut
485 2496 753 2537 commodius
775 2503 986 2552 putarent,
1005 2494 1214 2536 numerari
1235 2494 1326 2543 sibi,
1347 2492 1465 2550 quod
1484 2492 1590 2534 tanti
1610 2500 1734 2542 esset,

342 2609 382 2639 79
405 2603 500 2639 habet,
519 2611 549 2632 ut
564 2601 990 2644 agrum-—babeat—amitmt]
1038 2611 1138 2641 quam
1165 2602 1380 2640 contagiones.
1426 2601 1465 2631 Et
1489 2600 1535 2630 sic
1559 2599 1736 2630 Lambinus

298 2647 450 2679 Usitatius
475 2648 553 2677 foret
579 2657 682 2685 agrum
705 2645 994 2675 habere—amittere.
1039 2645 1071 2674 in
1096 2644 1174 2674 Mss.
1198 2645 1322 2675 duobus
1346 2644 1477 2684 reperit:
1509 2644 1554 2673 sic
1579 2649 1625 2672 est
1648 2649 1679 2672 et
1702 2643 1734 2672 in

296 2690 358 2721 Sed
391 2690 522 2729 intelligi
554 2696 655 2729 potest
672 2689 790 2730 facere,
821 2688 994 2717 committere
1039 2688 1199 2718 Gothano.

294 2741 350 2766 aut
365 2733 469 2763 simile
485 2733 573 2772 quid.
1079 2738 1114 2761 81
1134 2730 1315 2770 possessiones
1331 2726 1453 2767 movi-rt]
1474 2728 1525 2758 Sic
1540 2728 1621 2758 bene
1636 2736 1653 2756 e
1669 2726 1734 2757 Ms.

341 2784 380 2809 80
404 2789 421 2805 a
442 2777 475 2805 L.
488 2773 634 2816 profecta]
654 2775 726 2804 Hoc
744 2773 873 2810 meiius,
892 2783 991 2814 quam
1035 2784 1094 2804 suo
1109 2775 1205 2804 edidit
1227 2773 1383 2810 Graevius,
1400 2781 1456 2811 pro
1476 2781 1601 2807 movere,
1618 2769 1734 2808 melius

288 2820 431 2858 prqfhctae
454 2820 538 2858 quod
562 2819 659 2857 vulgo
685 2817 807 2848 editum
830 2824 888 2847 est.
915 2827 991 2848 nam
1035 2817 1122 2849 enim
1139 2817 1297 2849 consentit
1312 2816 1353 2855 τῷ
1368 2826 1458 2858 egere.

294 2861 372 2899 pzala
387 2863 500 2894 rectius
512 2863 662 2893 dicuntur
671 2860 816 2901 prefici-*ci
831 2860 991 2898 alicunde,
1393 2859 1396 2862 “
