1844 3202
621 123 1030 163 CONSOLATIO.
1458 127 1535 175 96⁵

117 241 212 274 tura
240 232 362 275 insita
386 232 482 284 sint,
502 232 576 274 sed
603 230 741 281 unius,
770 230 832 272 vel
861 229 1096 286 aliquorum
1127 229 1347 274 hominum
1375 247 1537 277 errores

117 289 356 331 videantur:
390 289 518 330 totius
555 295 696 329 autem
732 297 890 328 naturae
927 286 999 327 illa
1034 300 1123 327 esse
1157 286 1346 339 affirmet,
1383 305 1478 346 quae
1511 306 1539 333 a

116 345 233 386 nullo
260 360 428 401 prorsus
447 344 616 386 homine
645 343 809 399 sejungi
839 342 1012 406 possint.
1032 342 1151 397 quasi
1179 357 1274 384 vero
1303 344 1536 389 humanum

115 415 199 442 non
230 402 284 443 sit
304 401 437 451 irasci,
457 400 571 456 quod
596 399 720 441 multi
739 413 821 440 non
841 407 1086 449 irascantur,
1106 407 1178 440 aut
1200 413 1283 441 non
1302 400 1536 444 humanum

111 455 244 512 loqui,
263 466 306 498 et
335 457 575 498 societatem
604 456 730 506 coire,
749 454 864 511 quod
895 455 1017 496 multi
1048 455 1318 510 reperiantur,
1338 458 1411 513 qui
1434 459 1537 501 nihil

112 512 319 554 difficilius
349 513 516 563 faciant,
545 527 670 568 quam
702 527 798 554 cum
836 511 1075 552 hominibus
1105 512 1322 567 congredi,
1351 523 1423 554 aut
1452 530 1538 556 ser-

113 583 281 610 monem
311 572 411 610 cum
439 569 580 625 aliquo
611 569 813 610 conferre.
842 582 936 609 vere
965 578 1106 609 autem
1136 568 1329 609 humanae
1359 570 1537 612 miseriae

113 635 222 676 sunt,
243 626 359 681 quod
379 636 422 666 et
450 626 484 666 si
512 640 594 666 non
615 639 760 666 omnes
779 624 822 665 in
843 639 943 675 uno,
963 633 1076 666 certe
1096 638 1243 666 omnes
1262 625 1304 666 in
1325 628 1536 677 omnibus,

112 690 154 722 et
171 681 312 737 aliqua
327 682 368 722 in
389 682 546 732 multis,
566 691 608 723 et
628 681 772 723 multae
789 694 898 735 saepe
917 680 957 722 in
976 695 1058 721 uno
1076 690 1376 735 agnoscuntur.
1425 684 1536 734 Jam,

111 738 340 779 constantis
369 739 503 779 aetatis
534 747 652 793 quot,
674 745 921 792 quantaeque
950 736 1127 778 miseriae
1148 737 1244 788 sint,
1266 753 1350 779 non
1369 738 1537 781 difficile

112 803 175 834 est
200 794 447 849 intelligere,
467 802 510 835 at
533 793 824 834 difficillimum
852 807 1114 834 enumerareu
1129 793 1219 834 haec
1238 794 1350 835 enim
1371 810 1422 836 ex
1442 810 1535 837 om-

111 850 233 891 nibus
263 850 444 892 hominis
475 850 668 891 aetatibus
697 850 738 890 in
767 849 1101 904 perturbationes
1128 850 1270 900 animi,
1290 850 1332 891 in
1353 853 1538 906 pericula

110 906 274 961 capitis,
303 907 442 958 famae,
472 908 732 948 fortunarum
763 920 847 946 una
873 906 1053 946 maxime
1081 905 1269 947 incurrit.
1295 907 1404 948 sicut
1423 909 1536 950 enim

111 971 341 1003 ceterarum
371 963 560 1004 omnium
588 971 776 1012 aetatum,
797 962 849 1003 ad
880 977 958 1011 res,
980 962 1233 1017 negotiaque
1252 973 1344 1004 tum
1365 965 1535 1018 privata,

109 1027 201 1059 tum
222 1019 392 1074 publica
409 1019 648 1074 peragenda
666 1019 879 1073 aptissima
898 1029 975 1069 est,
995 1017 1258 1074 maximeque
1279 1019 1429 1061 idonea
1448 1037 1457 1061 :
1478 1022 1536 1063 ita

111 1075 235 1115 etiam
258 1089 352 1125 una,
370 1090 454 1130 prae
475 1075 621 1116 ceteris
643 1076 853 1125 omnibus,
869 1074 1175 1124 difficultatum,
1192 1075 1535 1133 miseriarumque

110 1131 314 1182 omnium,
337 1147 430 1187 quae
459 1146 510 1172 ex
536 1131 718 1187 publica,
739 1131 980 1186 privataque
1006 1130 1365 1172 administratione
1394 1133 1537 1174 oriun-

110 1197 192 1236 tur,
223 1187 445 1242 particeps,
475 1197 517 1228 et
545 1188 660 1229 socia
687 1198 765 1228 est.
798 1187 888 1228 haec
917 1187 1075 1242 privata
1101 1187 1332 1229 amicorum
1365 1190 1538 1244 negotia

109 1254 321 1297 procurat,
357 1243 448 1284 haec
487 1244 655 1299 publica
689 1242 867 1284 sustinet
902 1257 1076 1284 munera
1095 1259 1104 1283 z
1135 1243 1226 1284 haec
1264 1244 1459 1299 gloriam,
1494 1256 1536 1286 et

108 1299 384 1340 commodum
404 1314 455 1340 ex
475 1300 598 1341 rebus
625 1300 801 1341 feliciter
821 1299 1121 1349 evenientibus,
1142 1299 1233 1340 haec
1253 1315 1473 1352 aerumnas,
1493 1311 1538 1343 et

109 1355 322 1397 molestias
342 1370 393 1396 ex
412 1356 591 1397 adversis
611 1356 834 1411 experitur.
857 1355 954 1396 huic
974 1356 1183 1396 bonorum
1203 1356 1355 1397 civium
1377 1372 1534 1413 propu-

108 1412 271 1466 gnatio,
299 1412 398 1453 huic
426 1412 634 1453 malorum
655 1411 866 1453 accusatio
890 1411 1107 1466 proposita
1134 1422 1221 1453 est:
1252 1411 1350 1453 huic
1370 1413 1536 1464 invidia,

107 1476 148 1507 et
165 1483 242 1508 aem
251 1468 380 1510 ulatio
401 1483 425 1509 a
444 1469 566 1509 bonis
586 1468 818 1517 imminent,
839 1482 863 1508 a
884 1468 1004 1508 malis
1025 1468 1210 1523 pericula
1227 1478 1270 1509 et
1291 1469 1450 1510 insidiae
1470 1470 1535 1511 in-

107 1523 362 1566 tenduntur:
394 1534 494 1565 aetas
524 1539 755 1579 numquam
785 1524 864 1564 sibi
893 1523 972 1578 ipsi
1003 1538 1084 1564 non
1114 1524 1279 1574 infesta,
1305 1540 1535 1581 numquam

105 1589 280 1635 pacata:
311 1595 474 1636 semper
501 1580 724 1629 laboriosa,
752 1593 917 1635 semper
944 1580 1078 1629 anxia,
1099 1590 1141 1621 et
1170 1580 1364 1623 sollicita.
1386 1597 1481 1637 quae
1501 1583 1536 1624 si

107 1650 190 1676 non
211 1636 375 1692 aliquos
402 1636 611 1678 interdum
644 1637 706 1677 vel
735 1636 942 1686 utilitatis,
961 1635 1024 1676 vel
1050 1635 1276 1691 voluptatis
1293 1638 1454 1679 fructus
1485 1653 1536 1680 ex

105 1692 273 1733 assiduo
301 1693 443 1734 labore
464 1692 708 1748 perciperet,
725 1706 769 1733 se
798 1692 932 1747 ipsam
965 1691 1157 1746 profecto
1177 1707 1338 1748 regere,
1358 1708 1406 1734 ac
1428 1695 1536 1736 tueri

107 1761 191 1788 non
210 1757 366 1803 posset.
416 1749 500 1789 Sed
521 1748 780 1789 miseriarum
802 1762 999 1789 numerus
1021 1748 1158 1789 multo
1180 1749 1314 1805 major
1334 1759 1422 1791 est:
1445 1765 1535 1792 ma-

105 1804 288 1859 gnitudo
317 1814 459 1846 autem
482 1813 611 1855 tanta,
630 1814 677 1845 ut
699 1805 908 1845 neminem
929 1819 954 1845 a
974 1804 1152 1859 publicis
1172 1807 1537 1860 procurationibus

107 1874 190 1900 non
209 1870 408 1911 avertere,
428 1876 476 1902 ac
507 1861 715 1902 deterrere
746 1860 891 1916 possit.
911 1860 1072 1901 illustre
1094 1861 1275 1916 praebuit
1295 1863 1536 1919 exemplum

106 1916 304 1958 universae
334 1917 489 1958 civitati
517 1916 732 1958 calamitas
759 1926 914 1966 nostra,
937 1931 1064 1972 quam
1086 1931 1136 1958 ex
1157 1927 1273 1972 parta
1295 1919 1448 1960 civium
1469 1934 1536 1960 sa-

104 1972 208 2023 lute,
239 1988 290 2014 ex
321 1974 502 2014 defensis
529 1974 624 2024 aris,
644 1988 692 2014 ac
721 1974 840 2023 focis,
861 1988 911 2013 ex
930 1972 1216 2028 proditoribus
1237 1989 1261 2014 a
1280 1975 1536 2030 reipublicae,

105 2043 152 2069 ae
174 2029 321 2084 populi
340 2030 520 2071 Romani
539 2030 768 2070 cervicibus
789 2029 973 2084 depulsis
994 2029 1294 2071 contraximus.
1353 2031 1436 2071 Sed
1458 2047 1536 2073 no-

105 2094 190 2125 stra
207 2085 334 2126 fuerit
365 2100 551 2126 aerumna
570 2102 579 2126 :
611 2085 769 2126 civibus
793 2085 1017 2140 contigerit
1038 2086 1148 2126 salus
1170 2097 1212 2127 et
1233 2088 1375 2141 quies:
1408 2103 1535 2143 quam

104 2140 247 2192 etiam,
269 2142 350 2182 vita
369 2142 459 2197 ipsa
478 2141 784 2196 profundenda,
806 2142 840 2182 si
867 2156 973 2197 opus
995 2141 1155 2192 fuisset,
1176 2142 1450 2185 libentissime
1472 2160 1536 2185 re-

105 2196 395 2238 demissemus.
454 2197 573 2239 Nihil
606 2212 772 2238 necesse
803 2206 867 2238 est
896 2198 999 2238 mihi
1023 2197 1075 2238 de
1095 2199 1274 2253 meipso
1294 2200 1535 2255 praedicare.

107 2253 188 2294 Sed
209 2263 352 2295 tamen
371 2254 582 2295 verissime
601 2254 805 2294 affirmare
826 2268 1014 2309 possum,
1032 2268 1104 2294 eos
1123 2254 1294 2296 demum
1314 2271 1446 2297 annos
1466 2272 1535 2299 me

107 2323 198 2350 vere
225 2310 386 2361 vixisse,
412 2325 519 2366 quos
547 2311 590 2350 in
620 2310 822 2365 praeclaro
852 2310 994 2365 aliquo
1024 2310 1167 2365 patriae
1198 2311 1260 2352 vel
1289 2313 1535 2364 commodo,

106 2365 168 2405 vel
187 2376 432 2408 ornamento
453 2367 680 2407 consumsi.
701 2381 764 2416 ac,
787 2367 820 2407 si
845 2366 1013 2422 longius
1034 2366 1139 2407 mihi
1158 2367 1282 2409 vitam
1302 2369 1534 2424 producere

105 2421 264 2472 liceret,
284 2437 368 2463 non
388 2437 455 2463 me
483 2422 564 2463 alia
590 2437 716 2464 causa
735 2422 788 2463 ad
809 2422 966 2463 diutius
986 2423 1222 2475 vivendum,
1244 2439 1371 2480 quam
1393 2426 1535 2480 publi-

106 2491 166 2518 cae
187 2478 378 2519 utilitatis
399 2479 599 2530 studium,
619 2493 804 2534 curaque
825 2478 1075 2520 adduceret:
1105 2494 1200 2535 quae
1229 2496 1312 2522 una
1330 2482 1536 2537 cogitatio

106 2533 148 2574 in
177 2533 348 2575 homine
376 2534 574 2590 gloriosa,
594 2546 637 2576 et
665 2535 887 2576 laudabilis
918 2545 982 2577 est
1011 2536 1208 2577 maxime.
1266 2539 1408 2587 Nunc,
1440 2553 1535 2594 quae

105 2599 291 2631 extrema
311 2590 362 2630 de
385 2591 576 2632 aetatibus
598 2601 801 2647 superest,
822 2591 925 2647 quid
943 2606 1026 2647 ego
1047 2592 1100 2632 de
1125 2593 1352 2634 senectutis
1371 2594 1533 2635 incom-

106 2646 258 2697 modis,
287 2661 336 2687 ac
366 2647 543 2688 miseriis
571 2648 747 2705 loquar?
781 2663 884 2704 quas
914 2648 1115 2703 plurimas
1145 2663 1249 2699 esse,
1268 2659 1312 2691 et
1339 2650 1534 2705 gravissi-

106 2716 210 2751 mas,
245 2711 288 2742 et
326 2717 480 2744 nomen
518 2703 671 2758 ipsum,
710 2705 942 2760 languoris,
976 2704 1310 2761 calamitatisque
1342 2705 1533 2760 plenissi-

106 2772 238 2810 mum,
268 2759 441 2810 indicat,
461 2770 505 2800 et
532 2759 754 2816 adspectus
783 2762 871 2816 ipse
900 2775 1047 2801 senum
1078 2760 1299 2802 hominum
1319 2762 1532 2816 patefacit.

105 2814 206 2869 quid
226 2823 290 2856 est
308 2815 421 2856 enim
449 2815 578 2866 aliud,
597 2831 740 2858 senem
764 2816 903 2859 videre
923 2826 1188 2870 trementem,
1208 2817 1441 2870 incurvum,
1462 2833 1532 2862 ca-
