1844 3202
278 104 358 149 764
807 103 886 141 DE
923 104 1184 143 OFFICIIS

274 211 486 254 existimat
523 219 671 253 contra
710 219 901 254 naturam
943 213 1031 254 fieri
1071 213 1314 255 hominibus
1349 213 1579 255 violandis:
1611 214 1714 270 quid

274 283 373 309 cum
396 283 448 310 eo
468 268 661 319 disseras,
683 269 754 325 qui
776 271 949 310 omnino
972 270 1188 311 hominem
1210 285 1260 311 ex
1276 271 1447 311 homine
1468 271 1617 312 tollat?
1652 271 1716 312 sin

274 325 525 381 fugiendum
547 325 588 366 id
624 326 793 381 quidem
824 335 982 377 censet,
1005 326 1080 367 sed
1110 336 1154 368 et
1173 327 1308 368 multo
1331 327 1401 368 illa
1421 327 1579 383 pejora,
1601 342 1717 368 mor-

274 390 376 432 tem,
410 391 718 437 paupertatem,
755 382 976 424 dolorem:
1008 392 1118 424 errat
1152 384 1193 424 in
1226 398 1293 434 eo,
1326 384 1441 440 quod
1474 384 1606 425 ullum
1644 393 1718 426 aut

275 440 478 494 corporis,
507 447 581 480 aut
610 439 790 480 fortunae
823 438 986 488 vitium,
1016 439 1144 480 animi
1177 440 1282 481 vitiis
1303 441 1470 495 gravius
1492 440 1717 481 existimat.

229 484 394 551 6Ergo
425 510 556 536 unum
587 495 713 536 debet
743 509 832 536 esse
865 496 1062 536 omnibus
1094 497 1373 552 propositum,
1406 506 1451 537 ut
1482 496 1627 538 eadem
1665 497 1719 537 sit

277 552 437 593 utilitas
458 551 803 607 uniuscujusque,
824 562 868 593 et
895 553 1183 593 universorum
1203 570 1213 595 ι
1246 568 1372 609 quam
1395 554 1427 594 si
1460 554 1513 594 ad
1539 569 1582 594 sc
1604 554 1719 609 quis-

213 622 264 663 27
278 623 361 664 que
392 608 539 664 rapiat,
571 617 609 640 24
629 607 881 650 dissolvetur
911 609 1049 649 omnis
1079 608 1265 650 humana
1285 610 1526 651 consortio.'
1572 611 1718 665 Atque

277 666 310 706 si
333 665 458 706 etiam
487 664 568 705 hoc
599 675 748 706 natura
778 665 1025 721 praeseribit,
1045 674 1092 706 ut
1122 665 1252 707 homo
1284 666 1459 717 homini,
1478 667 1720 722 quicunque

276 723 345 772 sit,
364 721 419 762 ob
439 737 532 763 eam
554 722 687 777 ipsam
721 737 906 771 causam,
927 722 1042 778 quod
1074 722 1107 763 is
1140 722 1272 764 homo
1300 723 1368 772 sit,
1387 715 1628 764 donsultum
1651 736 1720 762 ve-

276 779 350 820 lit:
382 793 552 820 necesse
572 788 636 819 est
661 779 892 820 secundum
925 778 1101 820 eandem
1128 788 1320 820 naturam
1346 780 1537 821 omnium
1559 779 1719 821 utilita-

278 843 365 876 tem
382 849 471 876 esse
492 850 778 876 communem.
801 835 916 891 quod
939 836 972 877 si
993 835 1050 877 ita
1070 845 1147 887 est,
1168 851 1252 878 una
1272 836 1539 878 continemur
1555 850 1719 887 omnes,

275 901 320 932 et
340 891 485 932 eadem
508 892 604 946 lege
631 900 819 933 naturae:
850 892 978 947 idque
999 892 1137 947 ipsum
1168 893 1201 933 si
1232 893 1290 933 ita
1317 903 1396 943 est,
1423 902 1536 934 certe
1567 893 1719 934 violare

277 947 455 989 alterum
478 948 574 1003 lege
605 956 765 988 naturae
794 948 1083 1003 prohibemur.
1104 963 1247 990 verum
1271 960 1410 990 autem
1432 950 1630 1004 primum.
1651 963 1721 990 ve·

212 1014 263 1046 28
276 1019 369 1045 rum
390 1005 521 1059 igitur
541 1012 584 1044 et
608 1013 859 1045 extremum.
918 1006 1033 1045 Nam
1068 1004 1171 1045 illud
1194 1005 1366 1060 quidem
1389 1005 1618 1046 absurdum
1640 1014 1720 1057 est,

275 1060 392 1117 quod
422 1060 595 1116 quidam
627 1060 787 1111 dicunt,
808 1061 971 1116 parenti
1002 1075 1044 1101 se
1073 1070 1147 1102 aut
1176 1062 1291 1102 fratri
1313 1062 1415 1102 nihil
1442 1061 1722 1113 detracturos,

274 1117 492 1159 commodi
513 1117 578 1158 sui
598 1132 750 1168 causa3
781 1118 906 1159 aliam
933 1117 1140 1158 rationem
1166 1132 1256 1159 esse
1274 1119 1425 1159 civium
1447 1119 1721 1174 reliquorum.

275 1174 321 1215 hi
341 1175 421 1215 sibi
443 1174 547 1215 nihil
570 1174 694 1230 juris,
713 1184 756 1216 et
786 1174 943 1216 nullam
975 1175 1234 1225 societatem,
1260 1175 1498 1216 communis
1530 1175 1722 1216 utilitatis

275 1245 418 1283 causa,
441 1239 632 1272 statuunt
651 1246 741 1272 esse
763 1246 860 1272 cum
883 1231 1042 1273 civibus
1061 1247 1069 1271 τ
1100 1247 1194 1287 quae
1222 1232 1428 1273 sententia
1456 1247 1624 1272 omnen]
1654 1246 1723 1273 so-

233 1295 265 1327 b.
276 1288 474 1329 cietatem
497 1287 694 1329 distrahit
713 1287 904 1329 civitatis.
963 1289 1050 1344 Qui
1078 1297 1219 1329 autem
1251 1289 1403 1329 civium
1426 1289 1634 1329 rationem
1656 1288 1721 1329 di-

275 1354 381 1386 cunt
419 1345 674 1395 habendam,
704 1354 974 1386 externorum
1005 1354 1189 1400 negant:
1222 1345 1264 1385 hi
1296 1345 1498 1386 dirimunt
1528 1359 1724 1386 commu-

274 1416 372 1442 nem
406 1401 580 1443 humani
599 1402 765 1457 generis
792 1401 1069 1443 societatem:
1103 1417 1186 1458 qua
1214 1402 1393 1453 sublata,
1415 1402 1721 1453 beneficientia,

275 1458 520 1510 liberalitas,
559 1458 741 1510 bonitas,
765 1458 935 1514 justitia
962 1458 1152 1499 funditus
1184 1459 1372 1500 tollitur:
1407 1474 1501 1513 quae
1535 1459 1608 1514 qui
1638 1458 1722 1499 tol-

274 1515 384 1566 lunt,
406 1515 535 1556 etiam
566 1515 763 1556 adversus
794 1516 897 1556 deos
928 1515 1189 1556 immortales
1215 1515 1334 1570 impii
1357 1515 1581 1572 judicandi
1611 1524 1724 1556 sunt.

276 1572 330 1613 ab
361 1571 411 1613 iis
442 1572 554 1612 enim
585 1572 861 1613 constitutam
882 1572 990 1612 inter
1009 1571 1201 1613 homines
1221 1572 1468 1613 societatem
1499 1580 1722 1612 evertunt:

275 1627 400 1684 cujus
436 1628 651 1670 societatis
685 1629 965 1669 arctissimum
1000 1629 1210 1669 vinculum
1245 1638 1324 1679 est,
1359 1629 1493 1683 magis
1531 1628 1724 1669 arbitrari

276 1699 369 1726 esse
400 1693 547 1727 contra
577 1693 788 1736 naturam,
809 1685 1024 1726 hominem
1058 1684 1221 1725 homini
1251 1685 1486 1736 detrahere,
1510 1685 1573 1726 sui
1602 1699 1723 1725 com·

277 1741 395 1783 modi
415 1756 556 1793 causa,
577 1757 706 1798 quam
727 1742 870 1783 omnia
898 1741 1170 1782 incommoda
1200 1742 1340 1783 subire
1361 1741 1426 1782 vel
1455 1750 1639 1791 externa,
1659 1741 1724 1782 vel

209 1811 264 1851 29
276 1798 480 1854 corporis,
499 1799 564 1840 vel
584 1799 713 1840 etiam
735 1799 864 1854 ipsius
886 1798 1028 1849 animi,
1050 1807 1089 1830 ‘2⁵
1105 1814 1199 1854 quae
1222 1808 1367 1840 vacent
1381 1798 1562 1854 justitia.
1612 1798 1722 1839 Haec

276 1855 389 1896 enim
422 1870 506 1897 una
537 1855 681 1907 virtus,
714 1856 907 1897 omnium
938 1864 1003 1896 est
1035 1855 1222 1906 domina,
1251 1863 1295 1896 et
1327 1856 1473 1910 regina
1503 1855 1720 1896 virtutum.

277 1912 470 1953 Forsitan
509 1912 717 1968 quispiam
755 1912 935 1953 dixerit:
967 1914 1124 1954 Nonne
1158 1912 1290 1968 igitur
1322 1912 1502 1967 sapiens,
1537 1911 1570 1951 si
1607 1911 1719 1952 fame

276 1968 366 2025 ipse
396 1969 658 2020 conficiatur,
688 1968 910 2011 abstulerit
938 1969 1081 2011 cibum
1114 1969 1251 2019 alteri,
1282 1968 1443 2009 homini
1473 1967 1527 2009 ad
1561 1966 1721 2008 nullam

275 2041 367 2067 rem
398 2026 520 2068 utili?
554 2025 737 2067 Minime
757 2040 867 2067 vero.
926 2027 1029 2067 Non
1057 2026 1171 2066 enim
1202 2025 1306 2067 mihi
1336 2033 1400 2066 est
1420 2024 1504 2065 vita
1522 2038 1617 2065 mea
1636 2024 1722 2065 uti-

277 2082 370 2133 lior,
390 2097 521 2138 quam
541 2082 670 2123 animi
696 2082 792 2123 talis
823 2082 1006 2133 affectio,
1029 2083 1242 2123 neminem
1264 2089 1312 2122 ut
1332 2081 1482 2122 violem
1505 2080 1723 2122 commodi

277 2139 362 2180 mei
381 2139 533 2194 gratia.
592 2138 739 2196 Quid?
773 2138 807 2180 si
834 2138 1057 2190 Phalarim,
1080 2139 1296 2181 crudelem
1327 2148 1554 2195 tyrannum
1578 2146 1621 2179 et
1641 2138 1721 2178 im-

278 2209 463 2247 manem,
486 2196 544 2237 vir
574 2196 727 2247 bonus,
759 2210 809 2236 ne
839 2196 928 2251 ipse
958 2196 1116 2251 frigore
1146 2195 1407 2245 conficiatur,
1437 2195 1590 2236 vestitu
1620 2209 1719 2250 spo-

213 2251 380 2294 30liare
410 2252 574 2308 possit3
606 2267 742 2294 nonne
777 2252 933 2294 faciat?
967 2254 1077 2294 Haec
1105 2253 1158 2294 ad
1183 2252 1461 2308 judicandum
1486 2261 1585 2293 sunt
1604 2251 1723 2292 facil-

278 2308 394 2350 lima.
417 2324 530 2359 nam,
551 2310 584 2350 si
607 2309 708 2365 quid
738 2310 792 2351 ab
823 2310 997 2353 homine
1027 2310 1081 2351 ad
1113 2310 1270 2351 nullam
1301 2317 1464 2364 partem
1496 2308 1605 2359 utili,
1636 2316 1722 2350 tuae

278 2365 473 2407 utilitatis
502 2381 630 2407 causa
660 2366 910 2408 detraxeris:
942 2367 1172 2408 inhumane
1203 2366 1365 2416 feceris,
1387 2374 1619 2421 contraque
1647 2380 1721 2406 na-

277 2430 383 2463 turae
404 2423 570 2478 legem:
603 2423 667 2464 sin
695 2432 839 2464 autem
861 2424 893 2464 is
915 2431 962 2464 tu
984 2425 1054 2473 sis,
1075 2423 1149 2479 qui
1176 2423 1354 2464 multam
1383 2423 1610 2463 utilitatem
1640 2422 1720 2463 rei-

275 2479 459 2535 publicae
478 2489 606 2536 atque
627 2479 848 2521 hominum
872 2481 1079 2532 societati,
1101 2480 1135 2521 si
1156 2480 1197 2520 in
1219 2480 1301 2521 vita
1321 2493 1552 2530 remaneas,
1574 2479 1721 2520 afferre

322 2622 362 2646 24
385 2615 558 2646 dissolvetur
575 2616 664 2645 omnis
679 2616 707 2646 h.
732 2614 882 2657 consortio]
907 2616 979 2646 Mc-
1022 2617 1166 2647 Pearcius
1189 2624 1299 2647 autern
1321 2623 1352 2646 et
1375 2616 1608 2656 Chapmannus
1627 2615 1721 2645 corri-

278 2659 341 2689 lius
357 2666 469 2698 putem
481 2658 668 2689 dissolvatur.
1023 2667 1103 2699 gunt
1126 2659 1194 2701 quia
1217 2667 1309 2689 vacat
1322 2660 1457 2699 justitia,
1482 2659 1530 2689 vel
1553 2665 1663 2688 vacet.-
1688 2663 1723 2688 ut

322 2709 361 2732 25
387 2713 454 2744 quae
476 2709 583 2732 vacent
595 2701 732 2741 justitia]
758 2702 830 2732 Hoc
844 2712 978 2733 sensum
1023 2704 1172 2733 referatur
1187 2704 1225 2733 ad
1241 2703 1389 2732 detrahere
1403 2702 1520 2739 bonn'm',
1544 2701 1589 2731 sui
1605 2712 1723 2731 commo-

277 2746 492 2776 commodum
516 2755 581 2776 non
599 2746 705 2776 habet.
750 2746 895 2776 Graevius
911 2756 979 2776 cor·
1022 2746 1052 2776 di
1068 2757 1165 2776 causa.
1203 2746 1277 2776 Non
1294 2747 1407 2786 placet.
1444 2747 1510 2786 Ego
1527 2744 1640 2776 malim
1656 2754 1722 2787 quae

278 2789 370 2824 rexit,
395 2800 461 2830 quae
477 2799 529 2818 non
551 2796 658 2818 vacent
669 2789 805 2828 justitia,
825 2789 844 2818 i.
861 2798 890 2819 e,
905 2799 980 2828 quae
1022 2796 1130 2821 'vacent
1144 2789 1300 2830 injustitia.

279 2831 364 2860 mala
401 2841 467 2863 non
504 2838 666 2863 contracta
705 2833 771 2864 sint
814 2832 978 2872 injustitia.
