1844 3202
290 115 367 154 712
808 109 893 147 DE
930 109 1192 148 OFFICIIS

289 216 580 281 probationem
610 231 771 268 eorum,
801 218 1055 273 quibuscum
1076 217 1237 268 vivitur,
1267 217 1426 269 ordine,
1448 226 1490 259 et
1518 225 1713 261 constan-

226 277 277 317 99
289 274 361 324 tia,
382 284 424 315 et
444 273 730 315 moderatione
751 273 958 315 dictorum
980 273 1184 324 omnium,
1205 283 1330 338 atque
1350 275 1573 316 factorum.
1620 275 1714 317 Ad-

292 330 475 371 hibenda
505 339 569 371 est
600 330 731 385 igitur
764 329 956 386 quaedam
991 331 1250 371 4reverentia
1283 331 1477 372 adversus
1510 332 1717 383 homines,

287 395 330 428 et
359 387 509 442 optimi
539 401 758 450 cujusque,
784 395 827 427 et
856 386 1129 442 reliquorum.
1159 401 1253 428 nam
1285 388 1511 451 negligere,
1534 388 1640 453 quid
1663 388 1715 429 de

285 457 332 484 se
366 443 543 499 quisque
580 444 744 493 sentiat,
784 457 867 483 non
906 443 1044 483 solum
1084 443 1318 498 arrogantis
1358 454 1435 495 est,
1474 445 1548 486 sed
1587 444 1714 486 etiam

284 500 459 540 omnino
495 498 701 540 dissoluti.
761 500 838 539 Est
875 509 1014 540 autem
1049 499 1164 554 quod
1200 499 1378 551 differat,
1412 503 1452 541 in
1492 501 1713 542 hominum

283 557 446 597 ratione
476 555 683 606 habenda,
713 556 819 596 inter
841 555 1068 610 justitiam,
1098 565 1140 596 et
1168 557 1473 598 verecundiam.
1531 557 1712 599 Justitiae

284 622 421 668 partes
453 621 563 662 sunt,
596 625 680 652 non
710 611 863 652 violare
894 611 1111 652 homines:
1145 612 1436 663 verecundiae,
1468 628 1552 653 non
1583 614 1715 654 offen-

284 669 412 710 dere·
444 669 486 709 in
516 682 600 724 quo
629 668 811 709 maxime
832 668 1154 723 perspiciturvis
1175 667 1329 709 dec01i.
1390 670 1469 710 His
1490 670 1620 725 igitur
1640 684 1714 710 ex-

283 725 444 781 positis,
463 724 586 781 quale
606 725 658 766 sit
679 725 736 774 id,
755 724 868 780 quod
890 725 1035 765 decere
1057 724 1250 774 dicimus,
1272 725 1530 766 intellectum
1548 736 1668 781 puto.

200 787 275 820 100
341 782 537 823 Officium
560 790 716 832 autem,
737 781 850 837 quod
875 781 928 821 ab
947 795 997 821 eo
1019 781 1200 830 ducitur,
1227 790 1242 813 5
1261 783 1366 822 banc
1389 782 1564 836 primam
1588 782 1715 823 habet

243 834 274 865 b.
267 838 406 889 ·viam,
427 853 520 894 quae
541 837 712 879 deducit
736 838 789 878 ad
809 837 1079 878 convenienti
1083 853 1154 888 tm,
1177 840 1619 908 conservationemque
1639 853 1712 879 na-

283 902 416 935 turae:
449 909 575 949 quam
606 895 639 934 si
670 908 894 949 sequemur
929 894 1096 943 ducem,
1128 909 1356 949 numquam
1398 896 1472 935 ab<
1478 910 1529 935 rr
1532 910 1711 936 tonnus

283 956 703 1006 6consequemurque
732 958 775 990 et
804 950 862 1000 id,
894 950 1007 1005 quod
1037 962 1208 991 acutum
1239 961 1281 991 et
1318 953 1535 1005 perspicax
1566 960 1714 991 natura

280 1017 372 1056 est3
403 1015 445 1047 et
475 1006 531 1055 id,
551 1005 664 1061 quod
696 1005 747 1046 ad
777 1006 998 1046 hominum
1028 1007 1384 1048 consociationem
1411 1007 1712 1048 a<com1noda-

281 1037 400 1114 tuni3
431 1073 473 1103 et
504 1062 561 1112 id,
592 1061 705 1126 quod
736 1062 956 1103 vehemens
985 1071 1110 1117 atque
1139 1063 1260 1102 forte.
1321 1063 1403 1104 Sed
1434 1064 1616 1104 maxima
1653 1063 1712 1104 vis

281 1097 421 1160 decoii
452 1120 491 1160 in
523 1119 601 1159 hac
631 1118 740 1159 inest
769 1127 901 1173 parte,
930 1117 981 1158 de
1012 1133 1095 1174 qua
1128 1118 1403 1182 disputamus.
1435 1134 1571 1175 neque
1599 1119 1711 1160 enim

281 1176 419 1217 solum
443 1175 645 1239 corporis,
668 1175 739 1230 qui
769 1175 820 1216 ad
849 1184 1040 1216 naturam
1068 1176 1155 1239 apti
1183 1184 1294 1226 sunt,
1316 1175 1389 1217 sed
1417 1177 1554 1217 multo
1581 1177 1710 1217 etiam

282 1233 417 1288 magis
439 1248 567 1273 annm
596 1242 736 1272 motus
759 1231 979 1286 probandi,
1010 1247 1080 1287 qui
1110 1231 1209 1273 item
1239 1233 1293 1273 ad
1322 1243 1510 1274 naturam
1541 1246 1709 1274 accom—

198 1292 265 1323 101
281 1289 443 1330 modati
463 1297 574 1329 sunt.
623 1288 793 1343 Duplex
811 1298 875 1329 est
896 1288 1008 1329 enim
1028 1288 1085 1329 vis
1105 1289 1356 1339 animorum,
1376 1299 1502 1345 atque
1523 1299 1708 1331 naturae·

281 1360 364 1387 una
384 1361 478 1401 pars
500 1345 538 1385 in
562 1345 753 1401 appetitu
774 1346 912 1401 posita
930 1354 1007 1396 est,
1027 1360 1120 1400 quae
1141 1354 1205 1386 est
1223 1348 1310 1400 ὁρμὴ
1331 1346 1494 1397 Graece,
1516 1361 1609 1401 quae
1630 1345 1709 1387 ho-

279 1402 437 1443 minem
459 1402 542 1443 huc
564 1411 607 1442 et
626 1401 725 1442 illuc
745 1402 879 1457 rapit:
911 1402 1068 1442 altera
1058 1416 1101 1442 m
1122 1402 1296 1452 ratione,
1317 1417 1411 1458 quae
1432 1402 1558 1444 docet
1577 1410 1619 1443 et
1637 1416 1710 1444 ex-

279 1459 436 1514 planat,
457 1458 557 1522 quid
575 1457 829 1509 faciendum,
845 1458 1144 1514 fugiendumve
1164 1458 1230 1500 sit.
1251 1459 1310 1500 ita
1329 1460 1352 1500 Γ
1341 1468 1389 1508 t,
1405 1467 1454 1500 ut
1474 1459 1580 1500 ratio
1598 1474 1707 1515 prae-

197 1510 268 1565 ‘29
281 1516 347 1565 sit,
368 1516 578 1571 appetitus
597 1515 876 1570 obtemperet.
936 1515 1085 1556 Omnis
1112 1525 1254 1556 autem
1285 1517 1396 1556 actio
1422 1529 1562 1557 vacare
1583 1516 1712 1557 debet

281 1573 529 1622 temeritate,
548 1582 590 1612 et
608 1571 894 1626 negligentia.
924 1586 998 1612 nec
1025 1586 1120 1612 xero
1141 1585 1266 1627 agere
1287 1572 1531 1627 quidquam,
1558 1579 1572 1608 7
1589 1574 1710 1628 cujus

281 1644 365 1669 non
385 1628 517 1684 possit
543 1642 713 1668 causam
740 1628 1000 1682 probabilem
1035 1605 1222 1668 reddere.
1281 1629 1388 1669 Haec
1413 1638 1476 1669 cst
1494 1628 1604 1669 enim
1624 1630 1710 1670 iere

194 1683 266 1715 102
280 1685 506 1740 descriptio
543 1685 681 1725 officii.
742 1684 1020 1725 Efficiendum
1050 1692 1190 1724 autem
1222 1693 1300 1734 est,
1330 1694 1377 1726 ut
1405 1685 1616 1740 appetitus
1646 1700 1711 1726 ra·-

277 1742 385 1783 tioni
404 1741 618 1791 obediant,
638 1755 815 1796 eamque
836 1754 971 1796 neque
997 1750 1267 1795 praecurrant,
1289 1755 1365 1782 nec
1387 1750 1558 1797 propter
1576 1742 1708 1797 pigri-

276 1798 395 1848 tiam,
427 1807 499 1839 aut
528 1797 746 1861 ignaviam
767 1795 974 1847 deserant,
997 1797 1162 1853 sintque
1192 1798 1419 1854 tranquilli,
1441 1808 1567 1853 atque
1593 1798 1709 1840 omni

276 1855 591 1919 perturbatione
621 1853 750 1895 ammi
779 1862 960 1895 careant.
1020 1855 1083 1894 Ex
1113 1868 1198 1910 quo
1228 1854 1411 1895 elucebit
1440 1854 1578 1895 omnis
1608 1869 1710 1895 con—

276 1912 444 1960 stantia,
465 1910 686 1966 omnisque
715 1910 963 1951 moderatio.
987 1925 1080 1950 nam
1104 1926 1176 1966 qui
1195 1911 1404 1966 appetitus
1424 1911 1592 1966 longius
1613 1926 1707 1951 eva-

275 1976 456 2032 gantur,
467 1977 510 2009 et
529 1976 745 2023 tamquam
766 1967 1021 2008 exsultantes
1043 1966 1125 2007 sive
1140 1967 1363 2022 cupiendo,
1384 1968 1467 2008 sive
1487 1966 1706 2022 tugiendo,

277 2040 362 2066 non
382 2025 481 2066 satis
501 2039 526 2065 a
544 2024 706 2066 ratione
726 2024 969 2074 retinentur,
989 2023 1032 2064 hi
1053 2023 1140 2064 sine
1160 2023 1291 2064 dubio
1309 2024 1449 2074 finem,
1467 2032 1510 2064 et
1528 2023 1706 2065 modum

275 2088 507 2123 transeunt.
529 2080 769 2135 relinquunt
790 2080 915 2130 enim,
937 2089 979 2120 et
1003 2079 1207 2135 abjiciunt
1225 2079 1522 2130 obedientiam,
1544 2094 1620 2121 nec
1640 2095 1707 2121 ra-

274 2138 379 2179 tioni
411 2146 570 2193 parent,
604 2137 673 2177 cui
697 2145 797 2178 sunt
828 2136 1008 2193 subjecti
1038 2136 1133 2192 lege
1163 2145 1352 2177 naturae:
1383 2152 1407 2176 a
1436 2137 1588 2193 quibus
1620 2152 1704 2178 non

275 2195 406 2236 modo
424 2193 551 2235 animi
571 2194 886 2250 perturbantur,
907 2193 979 2234 sed
998 2193 1124 2234 etiam
1145 2207 1335 2248 corpora.
1382 2193 1503 2235 Licet
1523 2208 1598 2234 ora
1616 2194 1707 2249 ipsa

317 2328 333 2351 4
359 2320 521 2350 reverentia
537 2320 676 2350 adversus
691 2319 825 2355 homiues,
849 2325 876 2348 et
898 2319 971 2357 opti-

274 2363 314 2393 mi
329 2363 475 2405 qu'usque,
492 2370 519 2392 et
540 2362 727 2404 reliquorum]
748 2363 857 2392 Cicero
873 2363 970 2392 varia-

271 2407 317 2436 vit
333 2407 615 2443 constructionem,
632 2406 810 2437 reverentiae
825 2406 967 2445 primum

271 2449 388 2479 addidit
411 2450 664 2489 praepositionem
687 2449 838 2484 adversus,
856 2449 968 2478 deinde

271 2493 438 2532 genitivos
454 2502 531 2523 cum
548 2500 651 2532 posset
673 2493 773 2522 dicere
790 2499 816 2520 et
832 2491 968 2531 optimum

270 2546 421 2577 quemque,
438 2542 465 2565 et
482 2535 612 2577 relzquos.

317 2586 333 2609 5
358 2577 430 2608 hanc
439 2578 568 2618 primam
581 2577 664 2607 habet
675 2588 697 2606 v
700 2576 771 2616 iam]
788 2577 892 2618 Vulgo
905 2578 968 2607 edi-

269 2628 343 2652 tum
359 2627 404 2651 est
414 2621 554 2662 primum,
571 2631 625 2661 pro
641 2630 705 2660 quo
719 2630 842 2659 semper
862 2621 968 2660 putavi

269 2674 337 2695 esse
367 2664 538 2704 legendum
566 2664 709 2704 primam:
734 2673 809 2693 nam
838 2670 869 2693 et
898 2663 969 2694 aliae

270 2709 330 2738 viae
353 2715 422 2747 post
443 2709 619 2738 traduntur.
664 2707 702 2737 Et
723 2708 768 2737 sic
791 2707 902 2736 deinde
919 2717 965 2737 re-

270 2752 332 2790 peri
357 2752 397 2781 ab
419 2752 558 2782 Victorio
579 2750 700 2781 editum
722 2759 802 2787 esse,
825 2751 880 2789 qui
899 2751 967 2781 sine

270 2794 368 2823 dubio
382 2803 398 2823 e
415 2793 500 2824 libris
522 2803 581 2824 scr.
601 2793 728 2823 sumsit.
749 2800 858 2834 estque
881 2800 911 2824 et
934 2794 965 2825 in

272 2836 336 2867 ΜΞ.
353 2837 426 2868 Cur.
445 2838 520 2868 etin
536 2839 584 2876 ed.
602 2835 731 2869 Mediol.

1056 2324 1074 2348 6
1098 2317 1364 2360 consequemurque]
1389 2319 1440 2349 Sic
1463 2319 1602 2349 habuere
1627 2319 1707 2350 MSS.

1013 2362 1157 2400 Palatini,
1171 2363 1265 2402 idque
1281 2362 1392 2401 recepi.
1440 2361 1578 2404 Conseqm'
1593 2363 1708 2394 dicitur

1010 2406 1092 2444 apud
1106 2405 1292 2435 Ciceronem
1310 2415 1363 2444 pro
1380 2407 1562 2435 consectari.
1574 2415 1603 2436 v.
1617 2405 1706 2437 Clav.

1011 2449 1040 2478 id
1064 2449 1137 2487 quia
1152 2448 1248 2487 vulgo
1272 2458 1335 2478 non
1358 2448 1572 2485 observatum,
1590 2448 1705 2479 librarii

1010 2501 1049 2521 ex
1064 2501 1102 2521 eo
1118 2492 1276 2521 interdum
1300 2492 1399 2521 fecere
1421 2491 1510 2532 sequi.
1555 2491 1618 2521 Hic
1635 2491 1706 2531 qui-

1009 2535 1084 2566 dem
1109 2535 1138 2564 id
1153 2534 1267 2565 melius
1289 2541 1346 2572 est,
1364 2545 1404 2565 ne
1424 2545 1574 2576 sequemur
1591 2534 1702 2565 eodem

1008 2577 1164 2608 versiculo
1179 2578 1226 2608 bis
1240 2578 1290 2607 sit.

1054 2627 1068 2655 7
1095 2620 1173 2659 ctq'us
1195 2631 1247 2650 non
1265 2620 1353 2659 possi!
1373 2632 1396 2650 c.
1410 2628 1457 2660 pr.
1475 2618 1601 2658 reddere]
1614 2619 1707 2659 possit

1011 2673 1074 2693 non
1107 2663 1213 2700 habet,
1236 2664 1320 2695 unde
1342 2665 1486 2703 pendeat.
1529 2663 1705 2693 Lambinus

1009 2707 1142 2737 correxit
1158 2717 1242 2746 agere
1256 2707 1408 2748 quisquam
1420 2705 1598 2748 quidquam:
1614 2706 1704 2736 Pear-

1008 2751 1075 2780 clus
1099 2749 1169 2797 quis
1183 2749 1351 2792 quidquam.
1396 2750 1474 2780 Puto
1499 2749 1705 2780 scribendum

1009 2802 1075 2823 esse
1094 2791 1193 2832 possis.
1219 2793 1251 2823 in
1273 2803 1359 2832 agere
1374 2791 1473 2823 intell.
1489 2798 1607 2834 oportet,
1630 2801 1703 2832 quae

1009 2837 1112 2869 forma
1126 2845 1191 2869 non
1206 2842 1252 2867 est
1266 2835 1425 2873 inusitata
