1844 3202
280 100 361 136 850
651 92 712 131 Μ.
741 93 958 132 TULLII
995 95 1336 136 CICERONIS

281 201 453 257 culpam
481 199 584 242 nihil
612 202 806 256 pertinet.
868 205 1041 246 Peceare
1072 214 1184 246 certe
1217 205 1318 247 licet
1352 206 1523 247 nemini.
1590 208 1723 264 Quod

283 267 427 300 autem
449 271 532 299 non
552 257 664 307 licet,
690 259 778 300 15id
800 260 880 302 hoe
903 276 988 303 uno
1008 271 1189 313 tenetur,
1207 261 1241 303 si
1258 262 1454 318 arguitur
1475 277 1559 305 non
1581 263 1722 305 licere.

283 314 336 356 Id
362 314 396 355 si
426 328 501 355 nec
528 313 681 371 majuS,
702 330 779 357 nee
808 317 946 359 minus
977 333 1178 373 umquam
1213 319 1299 360 fieri
1328 328 1470 375 potest
1500 318 1731 376 (quoniam

283 372 327 414 in
355 385 406 412 eo
436 379 499 412 est
527 380 764 426 peccatum,
793 374 828 414 si
857 389 941 414 non
969 374 1118 425 licuit3
1160 375 1276 430 quod
1309 390 1474 431 semper
1504 391 1654 428 unum,
1682 384 1726 418 et

284 427 397 471 idem
418 429 496 480 est)
519 443 613 483 quae
636 442 686 469 ex
706 444 758 470 eo
778 441 952 485 peccata
973 440 1215 481 nascuntur,
1237 433 1416 487 aequalia
1438 434 1520 474 sint
1541 441 1724 489 oportet.

284 484 415 542 Quod
447 484 480 524 si
508 485 682 525 virtutes
706 501 825 541 pares
857 498 953 527 sunt
982 487 1088 527 inter
1119 502 1187 528 se:
1219 488 1333 543 paria
1364 505 1454 531 csse
1480 491 1606 531 etiam
1626 489 1726 530 vitia

287 556 456 584 necesse
476 550 553 581 est.
612 541 749 597 Atqui
771 557 890 597 pares
911 557 1001 583 esse
1024 544 1210 596 virtutes,
1234 559 1308 585 nec
1331 546 1443 587 bono
1466 547 1551 594 viro
1573 547 1724 588 melio-

289 613 393 648 rem,
424 612 498 638 nee
530 606 794 652 temperante
825 600 1214 654 temperantiorem,
1250 616 1325 641 nee
1360 602 1458 643 sorti
1489 603 1726 654 fortiorem,

289 670 364 696 nec
397 654 581 709 sapiente
615 656 911 710 sapientiorem
944 671 1065 711 posse
1098 657 1197 705 lieri,
1231 657 1427 698 facillime
1458 668 1598 714 potest
1629 673 1725 715 per-

289 711 407 767 spici.
467 711 537 751 An
568 710 699 752 virum
732 712 891 754 bonum
924 713 1051 763 dices,
1082 713 1153 768 qui
1185 713 1424 768 depositum
1456 716 1573 756 nullo
1605 724 1726 766 teste,

289 782 385 809 cum
407 768 557 808 lucrari
584 767 758 824 impune
788 780 932 824 posset
958 770 1048 811 auri
1076 770 1220 826 pondo
1242 770 1406 821 decem,
1428 771 1671 823 reddiderit,
1692 771 1726 812 si

289 824 402 865 idem
424 824 466 864 in
487 824 631 865 decem
653 825 840 867 millibus
861 827 1005 881 pondo
1026 842 1108 867 non
1136 827 1247 867 idem
1271 827 1447 868 fecerit?
1470 837 1542 869 aut
1563 837 1727 884 tempe-

289 889 451 922 rantem
478 895 593 930 eum,
616 882 687 937 qui
717 897 760 922 se
789 883 832 923 in
862 883 1001 938 aliqua
1032 883 1205 924 libidine
1234 885 1502 935 continuerit,
1523 886 1565 925 in
1587 885 1729 941 aliqua

289 936 510 978 effuderit?
546 938 645 978 Una
661 938 790 979 virtus
819 947 883 980 est
913 939 1179 981 consentiens
1201 955 1299 981 cum
1321 941 1496 992 ratione,
1517 951 1560 982 et
1581 955 1730 996 perpe-

292 1001 366 1035 tua
387 993 637 1034 constantia.
670 994 773 1035 nihil
804 995 903 1037 huic
935 996 1033 1037 addi
1062 1006 1217 1051 potest,
1237 1012 1323 1051 quo
1344 998 1480 1052 magis
1503 998 1630 1038 virtus
1650 997 1728 1038 sit:

292 1050 396 1090 nihil
426 1050 554 1101 demi,
584 1061 633 1091 ut
662 1051 825 1093 virtutis
857 1067 1010 1093 nomen
1041 1053 1314 1108 relinquatur.
1347 1054 1505 1094 etenim
1536 1054 1569 1094 si
1599 1054 1738 1098 bene-v

292 1107 417 1156 facta,
440 1117 553 1148 recte
584 1108 694 1148 facta
722 1119 834 1158 sunt,
855 1117 896 1149 et
928 1109 1031 1150 nihil
1058 1119 1174 1150 recto
1203 1110 1381 1151 rectius:
1414 1119 1524 1151 certe
1546 1124 1595 1150 ne
1616 1110 1731 1150 bono

294 1164 466 1220 quidem
487 1164 638 1205 melius
660 1165 893 1221 quidquam
915 1166 1085 1207 inveniri
1106 1174 1261 1221 potest.
1305 1166 1504 1222 Sequitur
1524 1167 1668 1222 igitur,
1683 1174 1731 1207 ut

166 1240 194 1271 p.
215 1237 282 1261 1-20.
295 1221 418 1261 etiam
450 1221 545 1262 vitia
574 1222 657 1262 sint
688 1222 826 1277 paria:
859 1222 1066 1278 siquidem
1092 1223 1314 1278 pravitates
1334 1223 1470 1266 animi
1500 1233 1613 1264 recte
1635 1222 1732 1263 vitia

253 1283 281 1302 ³·
296 1277 505 1319 dicuntur.
554 1279 689 1333 Atqui
723 1279 922 1334 quoniam
950 1294 1068 1335 pares
1103 1280 1273 1330 virtutes
1308 1289 1430 1320 sunt:
1464 1289 1575 1321 recte
1605 1279 1731 1329 facta,

295 1334 465 1390 quando
485 1349 509 1375 a
528 1335 752 1376 virtutibus
781 1336 1117 1390 proficiscuntur,
1139 1337 1252 1392 paria
1274 1351 1364 1377 esse
1390 1336 1546 1377 debent
1565 1353 1574 1378 ε
1606 1335 1730 1376 item-

296 1406 379 1448 que
399 1400 588 1446 peccata,
611 1392 810 1447 quoniam
831 1407 881 1433 ex
903 1393 1009 1433 vitiis
1032 1404 1219 1443 manant,
1241 1393 1323 1433 sint
1355 1393 1534 1449 aequalia
1564 1406 1732 1433 necesse

250 1445 279 1492 2
295 1456 371 1489 est.
402 1448 443 1488 A
464 1447 742 1503 philosophiS,
762 1449 914 1504 inquis,
933 1451 1011 1490 ista
1031 1450 1175 1491 sumis.
1209 1450 1477 1500 Metuebam,
1496 1464 1548 1490 ne
1569 1464 1594 1490 a
1613 1449 1731 1489 leno-

294 1505 419 1545 nibus
439 1504 612 1546 diceres.
673 1505 867 1547 Socrates
889 1507 1131 1560 disputabat
1152 1507 1234 1547 isto
1253 1506 1397 1547 modo.
1456 1506 1570 1547 Bene
1592 1505 1733 1547 hercle

293 1576 449 1602 narras.
479 1576 577 1601 nam
605 1562 729 1602 istum
763 1561 951 1612 doctum,
971 1571 1012 1603 et
1037 1563 1268 1618 sapientem
1298 1563 1431 1603 virum
1465 1563 1608 1612 fuisse,
1639 1576 1731 1602 rne-

293 1618 440 1667 moriae
462 1618 662 1659 traditum
684 1627 761 1658 est.
821 1619 905 1659 Sed
927 1629 1069 1660 tamen
1090 1635 1233 1675 quaero
1254 1634 1304 1660 ex
1324 1627 1366 1659 te
1391 1618 1577 1675 (quando
1598 1617 1732 1660 verbis

294 1674 403 1717 inter
431 1688 506 1714 nos
536 1674 846 1726 contendimus,
878 1690 961 1716 non
994 1676 1164 1731 pugnis)
1203 1682 1240 1708 16
1255 1684 1399 1717 utrum
1428 1675 1481 1716 de
1515 1675 1636 1716 bonis
1668 1683 1734 1716 est

294 1731 584 1787 quaerendum,
621 1730 721 1787 quid
752 1731 900 1788 bajuli,
934 1742 1060 1787 atque
1093 1732 1288 1787 operarii,
1319 1746 1370 1772 an
1404 1731 1508 1788 quid
1539 1731 1733 1772 homines

296 1787 530 1829 doctissimi
550 1788 778 1828 senserint?
800 1788 1034 1843 praesertim
1057 1803 1154 1829 cum
1177 1789 1255 1830 hac
1276 1788 1481 1829 sententia
1502 1802 1584 1829 non
1601 1787 1732 1829 modo

294 1844 443 1893 verior,
465 1844 538 1885 sed
560 1859 610 1885 ne
631 1844 775 1885 utilior
790 1845 961 1901 quidem
982 1845 1206 1886 hominurn
1224 1846 1317 1887 vitae
1338 1845 1509 1900 reperiri
1528 1844 1614 1886 ulla
1634 1858 1734 1900 pos-

296 1901 363 1942 sit.
423 1902 531 1957 Quae
548 1901 606 1942 vis
627 1901 739 1942 enim
758 1910 834 1952 est,
855 1917 947 1957 quae
970 1902 1105 1957 magis
1126 1910 1264 1943 arceat
1283 1901 1477 1943 homines
1499 1901 1552 1942 ab
1572 1901 1732 1956 impro-

296 1958 429 1999 bitate
450 1957 580 2007 omni,
604 1973 730 2013 quam
757 1959 789 1998 si
811 1959 1028 2008 senserint,
1046 1959 1207 1999 nullum
1230 1960 1270 1999 in
1292 1958 1453 1999 delictis
1475 1972 1565 1998 esse
1587 1957 1734 1997 discri-

296 2029 395 2056 men
412 2015 424 2055 ?
457 2028 578 2069 aeque
597 2029 770 2069 peecare
787 2029 844 2064 se,
867 2015 901 2055 si·
921 2015 1103 2070 privatis,
1122 2030 1168 2055 ac
1191 2016 1223 2056 si
1245 2014 1562 2070 magistratibus
1583 2027 1733 2054 manus

297 2071 517 2112 adferant?
552 2085 864 2125 quamcumque
893 2072 934 2112 in
968 2072 1141 2112 domum
1165 2082 1358 2127 stuprum
1382 2071 1612 2121 intulerint,
1633 2083 1731 2110 ean-

299 2127 397 2168 dem
422 2141 513 2167 esse
544 2127 681 2168 labem
711 2127 925 2169 libidinis?
958 2128 1132 2168 Nihilne
1162 2128 1292 2183 igitur
1321 2128 1495 2168 interest
1517 2126 1731 2179 (namhoc

297 2183 411 2224 dicet
437 2183 603 2238 aliquis)
630 2194 790 2238 patrem
826 2184 917 2240 quis
950 2194 1109 2234 enecet,
1131 2200 1183 2224 an
1210 2186 1404 2225 servum?
1447 2183 1576 2224 Nuda
1599 2184 1678 2223 ista
1697 2182 1732 2223 si

298 2238 821 2296 ponas,judicari,‘qualia
848 2242 944 2291 sint,
974 2256 1056 2281 non
1088 2241 1208 2282 facile
1237 2249 1430 2296 possunt.
1460 2250 1625 2294 patrem
1650 2239 1734 2279 vita

298 2297 471 2354 privare,
494 2297 526 2337 si
548 2312 620 2352 per
638 2311 682 2338 se
702 2297 839 2346 scelus
859 2308 924 2338 est
942 2315 960 2336 2r
984 2298 1222 2353 Saguntini,
1244 2299 1316 2353 qui
1338 2305 1529 2351 parentes
1550 2310 1663 2345 suos,
1682 2295 1735 2336 li-

300 2355 423 2394 beros
452 2355 600 2404 emori,
630 2366 756 2409 quam
790 2354 1091 2398 servos‘viixere
1113 2355 1365 2403 maluerunt,
1392 2352 1609 2407 parricidae
1640 2352 1735 2392 fue-

300 2420 410 2451 runt.
446 2418 479 2446 ¹7
497 2425 600 2466 ergo
629 2421 671 2451 et
699 2412 861 2466 parenti
880 2426 1197 2467 nonnumquam
1219 2411 1349 2451 adimi
1370 2410 1448 2450 vita
1469 2410 1556 2450 sine
1578 2408 1735 2450 scelere

300 2528 396 2557 eundi.
450 2529 602 2560 Gruterus
637 2539 872 2568 supervacuum
909 2535 999 2567 puta-

301 2573 365 2606 bar,
384 2573 526 2602 Graeviuz
542 2572 665 2606 delevit.
716 2573 803 2608 Forte
820 2572 934 2608 Cicero
947 2573 997 2600 de-

300 2616 344 2644 dit
361 2615 537 2644 transeundis
551 2627 560 2643 :
584 2625 658 2645 sane
675 2625 737 2654 qua
752 2625 881 2645 sensum
899 2622 998 2653 potest

301 2666 474 2688 urrnmnue
509 2659 627 2688 abesse.
664 2659 716 2688 sed
747 2658 921 2697 elegantius
953 2665 998 2686 cst

301 2701 431 2739 culpam
455 2711 531 2732 eum
555 2701 607 2732 tali
631 2701 782 2739 adjuncto
800 2711 815 2731 e
831 2701 924 2731 verbo
944 2711 996 2730 su-

300 2745 422 2782 periori.

348 2794 382 2817 15
408 2786 442 2815 ill
461 2786 509 2821 Ιισς
531 2799 584 2817 uno
609 2785 732 2826 tmctscr]
752 2787 771 2816 i.
785 2797 812 2817 e.
835 2787 997 2818 convinci-

302 2836 352 2859 mr
369 2832 497 2869 peccati.
732 2827 735 2832 ’

1088 2533 1125 2558 16
1148 2535 1244 2558 mrum
1271 2527 1346 2556 bom's
1368 2535 1408 2556 est
1431 2525 1630 2568 quarendum]
1659 2526 1737 2557 bonis

1042 2579 1162 2604 rffctum
1188 2581 1253 2601 esse
1278 2581 1342 2600 non
1370 2572 1501 2601 videtur.
1539 2569 1669 2611 Coujpei
1693 2569 1737 2599 le-

1041 2616 1181 2652 gendnm
1200 2614 1288 2647 nohis,
1307 2624 1379 2653 qna>
1396 2614 1488 2643 verba
1505 2623 1586 2652 saepe
1608 2621 1737 2650 permu-

1041 2665 1146 2686 tantur
1163 2658 1192 2686 in
1211 2657 1306 2687 libais.
1345 2658 1404 2688 sed
1421 2658 1489 2686 edd.
1507 2666 1551 2696 pr.
1569 2656 1687 2685 habent
1703 2655 1737 2684 de

1041 2700 1138 2737 boni53
1155 2702 1239 2739 quod
1257 2710 1321 2730 non
1337 2699 1475 2734 dubitavi
1490 2708 1643 2729 revocare.
1660 2707 1737 2737 pen-

1039 2744 1090 2773 det
1106 2753 1122 2772 c
1137 2743 1284 2774 senserim.

1086 2792 1120 2820 17
1147 2797 1210 2824 crgo
1227 2793 1253 2815 e!
1268 2786 1386 2825 parenti
1402 2783 1477 2824 δὶα]
1495 2785 1607 2814 Nexus
1623 2783 1737 2814 oratio—

1041 2829 1089 2860 nis
1106 2829 1158 2859 hic
1174 2829 1282 2869 paullo
1299 2829 1460 2860 obscurior
1475 2834 1531 2859 est.
1576 2827 1674 2858 Series
1691 2833 1738 2859 est
