1844 3202
262 123 340 156 820
850 117 1088 158 LAELIUS

263 226 393 276 ribus,
425 240 566 267 verum
596 225 723 267 etiam
754 226 893 267 studio
920 238 958 267 ct
990 227 1089 269 doer
1095 227 1194 277 rina,
1214 242 1305 269 esse
1328 229 1582 283 sapientem:
1615 242 1691 269 nec

266 282 374 323 sicut.
409 283 574 338 vulgus,
613 283 701 333 sed,
739 294 781 323 nt
823 283 988 346 erudiri,
1025 284 1084 324 so'¹
1092 296 1157 324 tnt
1199 285 1408 340 apiellare
1449 285 1692 340 sapientem,

230 338 462 396 72qua1em
494 354 533 379 m
556 348 645 380 tota
666 342 701 378 (Ξ
712 341 830 379 raecia
856 341 1079 380 neminem.
1138 341 1249 381 Nam
1274 358 1295 386 t
1304 342 1342 382 ui
1371 353 1526 397 septem
1550 340 1694 405 appel-

264 395 416 445 lantur,
437 410 523 446 eos,
546 396 617 451 qui
639 396 718 438 ista
737 397 814 436 sul
818 395 930 435 tillus
951 409 1158 450 quaerunt,
1180 397 1220 437 in
1243 387 1416 438 minuero
1443 398 1697 452 sapientium

263 466 346 492 non
387 452 556 493 babent.
629 452 809 493 Athenis
849 466 976 491 unum
1019 467 1058 491 a
1060 452 1268 506 ¹cepimus,
1308 464 1349 494 et
1387 470 1480 495 eum
1524 453 1693 509 quidem

260 508 386 549 etiam
410 508 620 563 Apollinis
642 509 813 549 oraculo
840 508 1190 562 sapientissimum
1207 509 1455 564 judicatum.
1479 512 1584 551 hane
1603 524 1694 549 esse

261 565 303 607 in
335 575 376 605 te
404 564 649 619 sapientiam
671 564 924 613 existimant,
945 573 992 605 ut
1019 564 1159 605 onmia
1182 574 1252 606 tua
1273 567 1313 606 in
1336 577 1374 607 te
1396 582 1468 622 pot·
1468 568 1531 609 ita
1552 567 1695 616 (lucas,

261 620 552 676 humanosque
590 635 710 662 casus
746 621 897 661 virtute
939 620 1153 662 inferiores
1196 632 1329 676 putes.
1367 623 1504 678 itaqu„
1543 638 1591 662 ex
1626 637 1694 662 me

261 686 470 741 quaerunt,
491 677 616 718 credo
647 678 747 718 item
778 691 825 717 ex
858 686 913 725 te,
942 677 1142 726 Scaevola,
1165 693 1344 742 quonam
1369 691 1491 733 pacto
1514 688 1692 719 mortem

261 733 451 775 Africani
477 733 599 782 feras,
631 748 766 789 eoque
795 734 944 788 magiS,
968 733 1083 788 quod
1110 734 1174 774 his
1206 735 1404 789 proximis
1427 736 1576 779 Nonis
1597 750 1694 775 cnm

262 791 304 831 in
329 791 475 831 hortos
505 791 560 831 D.
584 791 701 832 Bruti
730 790 916 845 auguris,
944 790 1256 831 commentandi
1288 806 1427 841 causa,
1455 803 1498 832 ut
1529 792 1695 841 assolet,

264 848 532 897 venissemus,
554 858 600 889 tu
623 862 705 888 non
728 847 881 887 affuisti
901 864 909 888 ε
942 847 1013 902 qui
1045 846 1362 902 diligentissime
1394 864 1557 901 semper
1577 849 1695 888 illum

227 906 250 938 8
266 902 394 953 diem,
415 913 456 943 et
478 903 581 944 illud
614 918 766 944 munus
788 903 934 943 solitus
955 918 1064 944 esses
1085 904 1215 944 obiime
1275 906 1414 944 SCAEV
1425 919 1485 945 OL
1495 920 1536 945 x.
1568 906 1699 946 (3111ae-

155 961 186 993 Ρ·
201 961 251 988 9⁷·
266 969 361 1000 runt
392 959 581 1014 quidem,
612 959 663 1000 C.
685 959 803 1009 Laeli,
835 959 971 1007 multi,
1002 968 1050 1000 ut
1080 968 1142 999 est
1172 974 1194 999 a
1227 961 1382 1000 Fannio
1403 962 1589 1001 dicztum
1623 961 1696 1001 sed

221 1006 250 1028 a.
264 1030 348 1079 ego
367 1015 409 1056 id
433 1015 679 1080 respondeo,
701 1015 815 1070 quod
836 1016 957 1056 anim
951 1016 1027 1056 {dx
1021 1015 1121 1063 eni,
1145 1025 1184 1055 te
1206 1015 1412 1066 dolorem,
1432 1032 1553 1071 quem
1578 1032 1697 1057 acce-

262 1087 372 1128 pens
394 1087 489 1113 cum
509 1072 662 1113 summi
680 1073 767 1120 uri,
788 1081 878 1112 tum
901 1072 1141 1112 amicissimi
1164 1080 1312 1118 morte
1332 1073 1371 1113 fe
1376 1088 1437 1113 rre
1461 1073 1695 1114 moderate:

264 1143 340 1170 nec
366 1129 552 1183 potuisse
580 1144 661 1169 non
695 1129 966 1178 commoveri,
988 1144 1063 1169 nec
1090 1128 1215 1168 fuisse
1239 1129 1278 1169 id
1309 1130 1579 1170 humanitatis
1599 1140 1696 1170 tuae.

263 1186 376 1241 quod
399 1197 538 1229 autem
569 1185 633 1226 his
663 1187 798 1227 Nonis
831 1186 871 1225 in
895 1194 1038 1226 nostro
1061 1184 1243 1239 collegio
1266 1201 1347 1226 non
1368 1186 1567 1236 affixisses,
1591 1194 1608 1218 ²3
1629 1201 1697 1227 va-

262 1243 482 1283 litudinem
515 1257 700 1291 cansam,
732 1257 815 1282 non
847 1243 1084 1282 mar-stiriam
1116 1242 1256 1282 fnisse.
1318 1245 1535 1283 LAEthJS.
1568 1244 1698 1284 Recte

263 1307 309 1339 tu
339 1299 524 1355 quidem,
557 1299 757 1348 Scaevola,
779 1308 819 1339 et
848 1313 953 1339 vere.
977 1313 1051 1339 nee
1082 1298 1191 1339 enim
1221 1299 1272 1338 ab
1305 1299 1384 1340 isto
1406 1299 1558 1349 officio,
1581 1299 1697 1355 quod

263 1370 429 1412 semper
455 1356 665 1411 usurpavi,
692 1372 788 1396 cum
822 1355 1016 1405 valerem,
1037 1355 1190 1395 abduci
1220 1356 1492 1396 incommodo
1514 1371 1608 1397 meo
1627 1356 1700 1397 de-

261 1412 362 1453 bui:
395 1427 471 1454 nec
497 1413 582 1453 ullo
611 1428 710 1453 casu
739 1412 918 1453 arbitror
943 1412 1022 1453 hoc
1044 1412 1251 1452 constanti
1273 1412 1433 1453 homini
1454 1427 1574 1467 posse
1596 1427 1698 1453 con-

224 1469 441 1525 9tingere,
461 1477 509 1510 ut
526 1469 610 1510 ulli
634 1469 729 1509 inte
733 1469 886 1509 missio
909 1469 977 1509 fiat
999 1468 1136 1509 officii.
1195 1469 1261 1510 Tu
1283 1480 1441 1520 autem,
1462 1471 1606 1520 Fanni,
1627 1470 1700 1525 qui

263 1526 369 1567 mihi
390 1536 553 1566 tantum
578 1526 704 1567 tribui
726 1525 844 1575 dicis,
867 1534 1070 1581 quantum
1095 1539 1177 1580 ego
1198 1539 1274 1566 nec
1293 1540 1494 1581 agnosco,
1517 1541 1592 1566 nec
1619 1541 1696 1581 po-

262 1583 390 1632 stulo,
411 1582 512 1623 facis
538 1583 701 1622 amice:
731 1582 817 1631 sed,
841 1591 887 1622 ut
918 1582 1021 1622 mihi
1044 1582 1206 1631 videris,
1228 1597 1310 1622 non
1332 1593 1443 1623 reete
1458 1581 1576 1638 judic
1581 1598 1624 1623 as
1645 1583 1697 1623 de

264 1638 444 1680 Catone.
475 1647 547 1679 aut
576 1639 685 1679 enirn
719 1653 858 1688 nemo,
887 1638 1001 1693 quod
1031 1639 1198 1693 quidem
1232 1638 1365 1693 magis
1396 1638 1535 1688 credo,
1556 1649 1643 1689 aut,
1667 1639 1700 1679 si

262 1696 500 1752 quisquam,
524 1694 594 1735 ille
625 1695 786 1749 sapiens
816 1694 909 1735 fuit.
970 1695 1202 1749 Quomodo
1230 1696 1341 1735 enim
1375 1698 1437 1747 (ut
1464 1695 1544 1735 alia
1572 1696 1700 1736 omit-

262 1754 366 1804 tam)
393 1762 573 1793 mortem
597 1751 668 1792 filii
693 1751 822 1792 tulit?
856 1751 1126 1791 memineram
1164 1751 1371 1801 Paullum,
1390 1751 1570 1792 videram
1595 1752 1700 1792 Gal-

261 1808 380 1850 lum:
415 1808 523 1849 45θά
555 1808 597 1849 hi
630 1809 670 1848 in
702 1809 866 1862 pueris3
900 1807 1048 1848 Cato
1040 1823 1081 1847 in
1113 1808 1299 1862 perfecto
1321 1818 1362 1849 et
1389 1817 1578 1862 spectato
1598 1808 1699 1849 viro.

263 1866 552 1923 Ouamobrem
577 1880 673 1906 cave
695 1865 847 1905 Catoni
870 1873 1113 1919 anteponaS‚
1133 1879 1183 1905 ne
1206 1865 1331 1905 istum
1351 1865 1554 1929 quidem
1544 1880 1699 1920 ipsum,

263 1937 389 1978 quem
412 1922 583 1976 Apollo,
608 1930 652 1961 ut
674 1921 747 1971 ais,
769 1921 1121 1976 sapientissimum
1147 1921 1364 1977 judicavit.
1426 1921 1565 1976 Hujus
1587 1922 1698 1961 enim

206 1979 390 2030 lofacta,
423 1978 533 2019 illius
566 1978 678 2018 dicta
710 1977 946 2018 laudantur.
1005 1978 1073 2018 De
1108 1992 1174 2017 me
1208 1986 1347 2018 autem
1385 1982 1449 2030 (ut
1476 1992 1566 2033 jam
1600 1992 1698 2018 cum

217 2041 445 2091 3utroqne
478 2036 640 2089 loquar)
675 2035 733 2075 sic
771 2034 984 2074 habetote.
1043 2035 1154 2089 Ego,
1186 2034 1219 2074 si
1254 2033 1460 2088 Scipionis
1491 2033 1698 2075 desiderio

265 2107 333 2132 me
354 2091 508 2132 moveri
532 2106 698 2146 negem,
721 2106 847 2146 quam
876 2090 916 2130 id
950 2099 1063 2130 recte
1083 2090 1247 2138 faciam,
1269 2090 1442 2130 viderint
1463 2091 1697 2145 sapientes:

263 2148 337 2189 sed
358 2157 469 2189 certe
493 2147 683 2188 mentiar.
745 2149 922 2187 Moveor
950 2147 1060 2187 enim
1084 2146 1155 2186 tali
1185 2146 1321 2187 amico
1341 2147 1526 2196 orbatus,
1549 2147 1698 2201 qualis,

263 2213 310 2247 ut
332 2205 523 2254 arbitror,
546 2219 671 2245 nemo
695 2219 898 2259 umquam
928 2204 1031 2244 erit:
1062 2212 1118 2252 et,
1150 2212 1197 2244 ut
1230 2203 1478 2244 confirmare
1509 2217 1698 2257 possum,

264 2276 391 2312 nemo
421 2269 532 2302 certe
559 2261 652 2302 fuit.
682 2260 755 2301 sed
782 2275 865 2301 non
894 2274 1000 2316 egeo
1022 2259 1258 2301 medicina:
1290 2275 1357 2300 me
1378 2259 1465 2314 ipse
1486 2260 1698 2312 consolor,

1006 2385 1118 2405 ornnes
1133 2376 1252 2405 habent
1279 2375 1332 2404 sed
1348 2374 1377 2403 id
1393 2381 1438 2404 est
1454 2376 1617 2412 vitiosum,
1639 2384 1700 2406 nec

1007 2419 1100 2448 habet
1132 2419 1214 2447 unde
1240 2419 1382 2457 pendeat.
1430 2418 1491 2447 Ms.
1522 2418 1618 2448 Goth.
1651 2419 1703 2449 ed.

1007 2461 1098 2491 Rom.
1122 2461 1200 2500 Lips‚
1223 2470 1250 2492 a.
1278 2468 1368 2491 1518.
1416 2461 1501 2491 Med.
1520 2461 1592 2491 Ald.
1617 2462 1699 2491 Vict.

309 2385 326 2408 2
351 2377 464 2418 qualem
481 2377 510 2405 in
533 2376 646 2418 reliqua
671 2375 792 2405 Graecia
807 2374 957 2413 neminem]

265 2418 378 2461 reliqua
403 2420 521 2449 habent
543 2421 612 2450 edd.
635 2430 680 2459 pr.
693 2419 745 2448 sed
764 2419 793 2447 id
810 2428 873 2448 non
889 2419 962 2448 satis

265 2462 379 2502 placet.
425 2463 487 2492 Ms.
517 2463 628 2492 Pithoei
667 2461 802 2491 habebat
839 2461 868 2489 in
903 2468 962 2489 tota

267 2505 389 2535 Graecia
413 2505 518 2547 reliqui
541 2506 676 2534 neminem
692 2516 701 2532 .·
726 2505 796 2533 inde
818 2503 962 2534 Graevius

266 2549 381 2588 recepit
397 2555 473 2578 tota:
498 2549 551 2578 sed
569 2547 673 2589 reliqui
688 2547 804 2577 omisit.
850 2547 902 2576 Sic
918 2553 963 2576 est

267 2598 297 2621 et
314 2593 345 2621 in
363 2592 426 2621 Ms.
444 2592 505 2622 Erf.
552 2592 633 2630 Ergo
655 2591 818 2622 Graevium
834 2597 962 2620 secutus

267 2644 352 2664 sum.

308 2683 326 2707 3
351 2676 545 2706 valitudinem
561 2673 800 2715 causer—fuisse}
827 2675 878 2704 Sic
901 2675 960 2704 fere

265 2720 334 2750 libri
354 2721 447 2750 nostri
463 2729 520 2749 scr.
568 2719 626 2748 Alii
650 2719 793 2757 quidam,
812 2724 845 2747 ut
864 2719 960 2748 Goth.

266 2763 379 2793 Dui³b.
409 2762 633 2791 invalitudinem
661 2762 789 2796 habent,
817 2761 901 2799 quod
932 2768 962 2790 et

267 2807 409 2835 Gavius
433 2806 555 2845 recepit.
571 2806 691 2835 addunt
713 2811 742 2834 et
766 2804 834 2833 libri
852 2805 960 2840 nostri,

266 2858 336 2879 xum
350 2849 418 2878 edd.
433 2859 477 2888 pr.
494 2848 649 2888 respondeo.
668 2858 762 2877 cause
777 2853 885 2877 autem
899 2847 961 2881 fere

1007 2505 1124 2533 habent
1141 2503 1283 2540 respondeo
1300 2504 1453 2542 causatus:
1499 2504 1637 2534 Verbum
1657 2515 1701 2533 re-

1006 2546 1121 2585 spondeo
1144 2553 1186 2575 est
1211 2555 1228 2575 a
1251 2546 1429 2582 glossatore,
1453 2552 1483 2576 et
1504 2556 1521 2576 e
1537 2547 1702 2585 superiori-

1007 2590 1065 2619 bus
1083 2590 1267 2628 repetitum:
1292 2592 1397 2627 itaque
1412 2591 1636 2620 omittendum.
1654 2599 1700 2619 re-

1005 2642 1113 2661 vocavi
1141 2640 1248 2662 autem
1271 2643 1397 2663 causam.
1421 2642 1479 2662 nec
1502 2641 1547 2662 est
1571 2642 1698 2663 necesse

1007 2675 1106 2714 legere
1123 2675 1359 2712 invalitudinem,
1372 2676 1456 2714 quod
1470 2676 1612 2705 Graevius
1624 2685 1640 2705 e
1653 2675 1700 2705 Pi-

1006 2718 1134 2747 thoeano
1151 2719 1274 2756 recepit.

1048 2769 1066 2791 4
1090 2761 1139 2789 sed
1151 2761 1180 2789 hi
1196 2761 1226 2789 in
1240 2760 1353 2800 pueris]
1374 2762 1511 2792 Mortem
1527 2761 1569 2791 ita
1586 2760 1698 2797 tulere:¹

1005 2805 1047 2835 ita
1059 2811 1239 2835 constantes
1254 2805 1352 2836 fuere.
