1844 3202
272 103 351 149 706
800 102 876 140 DE
916 99 1178 141 OFFICIIS

273 209 379 251 nihil
409 209 573 260 dixerit,
594 209 635 250 in
664 224 749 266 quo
777 210 865 266 ipse
884 211 1160 266 Areopagum
1179 210 1382 267 adjuverit
1400 227 1410 252 z
1437 218 1480 251 at
1501 210 1570 252 ille
1590 222 1700 261 vere,

274 281 300 307 a
319 280 362 307 se
383 266 576 322 adjutum
594 266 941 308 Themistoclem.
1000 269 1075 308 Est
1097 268 1207 308 enim
1227 268 1386 310 bellum
1409 275 1575 323 gestum
1597 281 1699 307 con-

211 326 264 372 76
276 323 369 364 silio
395 332 560 364 senatus
581 323 684 378 ejus,
706 324 777 378 qui
807 338 831 363 a
859 324 1014 364 Solone
1043 333 1132 364 erat
1157 325 1426 366 constitutus.
1485 323 1605 364 Licet
1629 336 1700 363 ea-

274 379 368 423 dem
395 380 446 420 de
479 380 679 420 Pausania
708 379 1011 435 Lysandroque
1032 380 1198 421 dicere:
1228 395 1406 436 quorum
1428 381 1550 421 rebus
1571 378 1704 434 gestis

274 451 530 492 quamquam
572 443 609 469 93
628 436 848 491 imperium
889 435 1206 478 Lacedaemonis
1243 437 1462 478 dilatatum
1500 444 1702 492 putatur3

272 502 415 534 tamen
438 507 488 533 ne
514 492 685 533 minima
710 491 880 546 quidem
903 506 953 532 ex
981 502 1098 547 parte
1129 494 1315 549 Lycurgi
1346 494 1526 548 legibus,
1546 501 1587 532 et
1617 490 1702 532 dis-

274 549 439 605 ciplinae
477 548 717 590 conferendi
759 556 868 588 sunt.
930 549 1175 590 Quinetiam
1212 549 1268 589 ob
1307 549 1381 589 has
1416 550 1526 604 ipsas
1556 561 1703 588 causas

275 615 319 647 et
343 606 598 661 parentiores
627 605 864 645 habuerunt
888 605 1108 655 exercitus,
1128 615 1171 647 et
1200 605 1408 646 fortiores.
1467 604 1580 657 Mihi
1610 604 1703 659 qui-

275 662 371 702 dem
403 677 538 717 neque
566 662 703 716 pueris
730 661 864 709 nobis,
886 662 950 701 M.
981 662 1159 703 Scaurus
1183 662 1234 702 C.
1259 662 1414 711 Mario,
1435 675 1584 716 neque,
1605 673 1703 700 eum

275 733 530 759 versaremur
568 719 611 758 in
649 717 877 773 republica,
908 719 965 760 O..
999 717 1176 760 Catulus
1210 718 1289 759 Cn.
1326 717 1526 772 Pompeio
1557 716 1706 757 cedere

273 775 505 816 videbatur.
568 775 681 815 Parvi
710 775 820 814 enim
855 784 951 815 sunt
984 774 1084 815 foris
1115 790 1245 825 arma,
1277 776 1353 816 nisi
1385 784 1449 815 est
1477 772 1703 814 eonsilium

275 832 407 872 domi.
465 833 559 872 Nec
590 831 685 886 plus
708 832 947 881 Africanus,
970 831 1192 886 singularis
1223 840 1266 873 et
1293 832 1365 882 vir,
1395 840 1438 871 et
1466 831 1707 885 imperator,

277 889 318 929 in
346 897 383 922 94
399 888 635 928 excidunda
664 888 898 928 Numantia
930 887 1169 942 reipublicae
1198 888 1371 942 profuit,
1399 902 1526 943 quam
1555 886 1707 927 eodem

277 954 469 999 tempore
503 945 546 984 P.
574 943 730 984 Nasica
760 944 957 997 privatus,
977 958 1075 984 cum
1104 945 1168 985 Ti.
1192 945 1432 985 Gracchum
1466 942 1677 984 interemit
1695 958 1706 980 t

166 1027 197 1057 p.
217 1023 265 1048 15,
279 1015 533 1056 quamquam
553 999 646 1040 -haec
668 999 838 1054 quidem
860 1014 926 1039 res
948 1014 1031 1039 non
1052 1001 1190 1041 solum
1211 1014 1260 1040 ex
1291 998 1522 1041 domestica
1552 1009 1616 1039 est
1642 1012 1708 1038 ra-

240 1057 392 1098 a-tione
412 1074 421 1098 ε
451 1055 625 1111 attingit
652 1056 777 1096 etiam
809 1055 1020 1105 bellicam,
1041 1057 1238 1111 quoniam
1260 1057 1312 1107 vi,
1334 1069 1545 1110 manuque
1564 1054 1709 1095 confe-

278 1123 348 1155 cta
367 1121 430 1154 est
448 1130 457 1154 :
489 1113 561 1153 sed
582 1120 722 1153 tamen
744 1112 785 1152 id
806 1112 941 1167 ipsum
961 1122 1129 1167 gestum
1152 1121 1216 1153 est
1235 1113 1411 1154 consilio
1430 1113 1606 1163 urbano,
1623 1111 1711 1152 sine

215 1185 264 1227 77
278 1170 477 1211 exercitu.
538 1168 649 1210 Illud
679 1178 821 1209 autem
853 1169 1060 1224 optimum
1093 1179 1170 1221 est,
1193 1169 1234 1210 in
1265 1169 1380 1225 quod
1408 1167 1546 1210 invadi
1575 1167 1710 1209 solere

278 1227 331 1267 ab
350 1226 554 1281 improbis
575 1234 617 1266 et
636 1225 783 1266 invidis
805 1225 930 1266 audio
950 1242 959 1265 z

386 1316 518 1353 Cedant
539 1329 636 1353 arma
657 1324 756 1366 togae,
776 1315 929 1353 concedat
949 1316 1068 1354 laurca
1087 1315 1192 1353 laudi.

278 1391 343 1432 Ut
369 1389 481 1430 enim
514 1390 619 1431 alios
651 1391 860 1441 omittam,
883 1390 1003 1431 nobis
1029 1390 1335 1446 rempublicam
1363 1390 1713 1446 gubernantibus,

276 1462 417 1487 nonne
438 1456 552 1502 togae
573 1461 689 1487 arma
709 1462 870 1488 cessere
889 1448 901 1487 ?
936 1462 1072 1503 neque
1092 1447 1203 1488 enim
1230 1448 1270 1488 in
1302 1447 1517 1503 republica
1545 1447 1711 1502 pericu-

278 1503 370 1544 lum
401 1504 481 1544 fuit
509 1505 675 1558 gravius
707 1518 907 1559 unquam,
935 1519 1009 1547 nee
1041 1504 1177 1560 majus
1208 1504 1357 1544 otium.
1420 1505 1484 1545 Ita
1514 1503 1714 1554 consiliis,

281 1559 585 1615 diligentiaque
607 1569 749 1601 nostra
768 1560 958 1601 celeriter
979 1560 1030 1600 de
1052 1560 1244 1601 manibus
1262 1560 1634 1601 audacissimorum
1654 1560 1714 1600 ci-

281 1616 394 1656 vium
426 1616 597 1672 delapsa
625 1631 741 1657 arma
771 1617 861 1671 ipsa
890 1617 1144 1657 ceciderunt.
1204 1618 1312 1673 52¹¹ae
1343 1631 1406 1658 res
1436 1618 1567 1673 igitur
1595 1625 1717 1672 gesta

219 1674 269 1716 78
282 1687 467 1728 unquam
492 1673 532 1713 in
563 1672 677 1713 bello
699 1675 847 1716 tanta?
880 1674 951 1728 qui
982 1673 1223 1728 triumphus
1253 1674 1562 1714 conferendus?
1596 1674 1717 1714 Licet

283 1730 393 1770 enim
426 1729 544 1779 mihi,
576 1730 724 1770 Marce
756 1729 828 1779 fili,
859 1730 971 1784 apud
1001 1739 1043 1770 tc
1072 1730 1257 1784 gloriari,
1284 1730 1335 1771 ad
1366 1744 1490 1786 quem
1523 1738 1567 1771 et
1596 1729 1717 1770 here-

282 1786 390 1827 ditas
426 1786 554 1842 hujus
594 1786 757 1841 gloriae,
800 1794 842 1826 et
882 1786 1090 1827 factorum
1129 1786 1309 1827 imitatio
1349 1787 1543 1842 pertinet.
1603 1785 1717 1827 Mihi

282 1841 453 1898 quidem
485 1850 597 1883 certe
630 1843 686 1883 vir
724 1842 942 1884 abundans
977 1842 1140 1892 bellicis
1174 1843 1382 1894 laudibus,
1420 1843 1500 1884 Cn.
1537 1844 1717 1898 Pompe-

283 1899 363 1949 ius,
397 1899 542 1939 multis
575 1899 858 1949 audientibus,
891 1899 973 1940 hoc
1005 1900 1166 1950 tribuit,
1197 1909 1246 1941 ut
1282 1901 1452 1951 diceret,
1485 1900 1639 1940 frustra
1673 1913 1717 1940 se

284 1955 549 2011 triumphum
580 1955 752 1996 tertium
790 1955 1108 2011 deportaturum
1140 1956 1282 2007 fuisse,
1305 1957 1382 1997 nisi
1409 1970 1506 1997 meo
1533 1955 1574 1996 in
1605 1970 1716 1996 rem-

282 2012 498 2067 publicam
528 2012 747 2062 beneficio,
768 2012 841 2052 ubi
871 2012 1160 2067 triumpharet,
1183 2022 1291 2054 esset
1320 2012 1552 2054 habiturus,
1612 2012 1720 2053 Sunt

285 2082 389 2124 ergo
425 2068 669 2109 domesticae
699 2068 964 2110 fortitudines
996 2085 1079 2110 non
1115 2070 1328 2111 inferiores
1362 2069 1639 2110 militaribus:
1676 2068 1719 2110 in

287 2125 441 2180 quibus
475 2125 568 2180 plus
605 2125 745 2174 etiam,
777 2139 902 2180 quam
942 2126 982 2166 in
1022 2126 1101 2177 his,
1133 2140 1270 2182 operae
1309 2125 1519 2181 studiique
1555 2139 1717 2180 ponen—

206 2179 275 2231 23
290 2181 391 2222 dum
422 2190 499 2222 est.
558 2181 744 2222 Omnino
774 2181 880 2222 illud
909 2182 1150 2232 honestum,
1171 2181 1285 2238 quod
1312 2197 1362 2223 ex
1390 2182 1530 2223 animo
1553 2181 1718 2222 excelso

226 2253 278 2294 79
291 2238 602 2293 magnificoque
634 2238 873 2293 quaerimuS,
903 2239 1031 2280 animi
1060 2239 1250 2289 efficitur,
1285 2254 1367 2280 non
1407 2239 1594 2293 corporis
1625 2237 1720 2278 viri-

292 2295 385 2335 bus.
447 2295 736 2335 Exercendum
768 2304 907 2336 tamen
935 2310 1102 2351 corpus,
1122 2305 1165 2337 et
1193 2296 1250 2337 ita
1281 2295 1545 2340 afficiendum
1574 2303 1652 2345 est,
1673 2303 1720 2336 ut

291 2350 463 2391 obedire
484 2351 660 2392 consilio
680 2351 916 2407 rationique
935 2353 1069 2407 possit
1091 2353 1132 2393 in
1160 2351 1430 2408 exsequendis
1460 2351 1657 2407 negotiis,
1678 2359 1722 2391 et

291 2407 333 2448 in
372 2408 515 2448 labore
549 2407 782 2449 tolerando.
842 2410 1083 2452 Honestum
1120 2418 1261 2451 autem
1297 2408 1353 2459 id,
1389 2408 1504 2464 quod
1538 2407 1720 2463 exquiri-

292 2479 403 2515 mus,
434 2473 573 2505 totum
611 2474 675 2505 est
706 2465 890 2520 positum
923 2466 965 2506 in
999 2466 1127 2506 animi
1160 2480 1260 2507 cura
1287 2473 1329 2505 et
1360 2465 1646 2520 cogitatione:
1677 2462 1720 2503 in

293 2535 379 2576 quo
412 2535 495 2561 non
526 2520 733 2561 minorem
763 2522 988 2563 utilitatem
1012 2523 1204 2574 afferunt,
1225 2521 1296 2578 qui
1323 2522 1459 2578 togati
1479 2520 1720 2577 reipublicae

336 2664 375 2690 93
401 2657 468 2696 imp.
484 2657 707 2687 Lacedaemoniis
723 2657 891 2697 dilatatum]
911 2659 986 2688 dila·
1029 2660 1185 2698 corrigens
1212 2658 1432 2695 Laccdaemonis,
1455 2658 1538 2697 quod
1563 2663 1593 2687 et
1615 2657 1721 2687 Victo-

293 2707 387 2731 tatum
402 2707 447 2731 est
463 2701 619 2740 antiquior
637 2701 741 2738 lectio,
758 2712 812 2740 pro
827 2712 890 2741 qua
907 2703 985 2732 Gro-
1030 2704 1093 2732 rius
1109 2703 1255 2732 ediderat.
1271 2702 1410 2732 imitatus
1426 2712 1510 2731 sum.

295 2745 406 2778 novius
422 2745 506 2773 dedit
522 2744 638 2773 datum:
658 2754 773 2784 nempe
789 2745 863 2783 quia
877 2744 986 2774 dilata·
1074 2753 1113 2777 94
1133 2743 1308 2784 excidunda]
1325 2745 1385 2774 Alii
1402 2743 1602 2782 exscindenda,
1615 2742 1659 2773 nil
1672 2742 1719 2772 ln·-

296 2793 355 2815 tum
373 2797 436 2816 non
453 2788 525 2817 satis
541 2794 650 2826 aptum
667 2787 830 2818 videbatur
846 2789 887 2825 τῷ
898 2788 986 2817 Lace·
1029 2795 1122 2818 terest
1136 2801 1142 2817 :
1166 2798 1366 2828 quamquam
1389 2787 1458 2818 haec
1477 2787 1580 2818 forma
1594 2793 1640 2817 est
1655 2785 1719 2815 usi—

293 2829 451 2868 daemoniis.
476 2831 510 2860 Ei
528 2831 568 2861 rei
586 2831 702 2861 mederi
718 2837 815 2862 tentat
831 2831 987 2869 Peardus,
1031 2833 1131 2862 tatior.
