1844 3202
615 126 1024 168 CONSOLATIO.
1149 128 1153 134 â€œ
1450 133 1526 173 995

102 238 315 296 totiusque
344 238 514 280 familiae
544 238 724 289 luctum,
752 238 1048 290 bonorumque
1086 233 1364 288 direptionem
1403 232 1531 274 invita

100 295 292 337 videbat:
323 296 395 337 sed
426 295 546 336 matri
577 304 718 336 tamen
748 293 939 342 consilio,
999 289 1274 344 rudentiaque
1302 290 1461 339 aderat,
1486 298 1528 330 et

100 353 225 393 rebus
245 353 285 393 in
306 366 509 407 maguum
532 366 643 406 saepe
663 350 885 392 discrimen
907 348 958 389 ad
991 346 1114 396 uctis,
1135 345 1292 386 reditus
1314 360 1430 399 spem
1453 360 1530 386 no-

101 407 167 448 bis
195 410 339 449 afferre
369 422 597 464 numquam
630 407 849 449 dubitavit.
881 406 950 456 ita,
981 412 1186 459 quantum
1216 416 1266 442 ex
1292 402 1530 443 calamitate

99 462 271 515 doloris,
292 462 535 505 tantundem
556 479 606 504 ex
627 463 719 504 filiae
741 462 956 511 suavitate,
977 474 1025 501 ac
1055 459 1210 514 pietate
1230 457 1368 498 solatii
1389 458 1528 512 capie-

100 520 266 561 bamus.
300 520 415 576 quod
447 530 493 561 ut
525 530 634 561 esset
668 519 919 568 diuturnius,
948 517 981 558 si
1013 514 1288 557 commodum
1322 525 1528 564 nostrum,

100 585 172 618 aut
191 591 300 627 eam,
320 591 414 632 quae
443 577 638 617 omnibus
666 575 956 630 antiquissima
982 582 1060 622 est,
1090 571 1319 612 liberorum
1347 570 1529 610 charita-

100 641 185 673 tem
205 633 504 688 cogitaremus,
524 646 781 688 magnopere
797 640 941 686 optare
962 628 1201 671 debuimus.
1221 636 1279 678 at,
1295 641 1391 668 cum
1412 626 1528 666 illam

98 690 287 743 corporis
319 689 492 730 vinculis
520 689 719 739 solutam,
741 687 938 729 omnibus
960 694 1151 727 exsutam
1171 684 1362 733 miseriis,
1383 692 1426 724 et
1446 683 1529 726 im-

97 745 362 786 mortalitatis
388 755 630 800 compotem
660 745 828 795 factam,
848 744 990 784 animo
1014 751 1272 796 reputamus,
1293 754 1375 780 non
1398 739 1529 780 modo

93 800 138 842 in
169 800 314 842 dolore
343 801 693 856 conquiescimus,
713 800 784 842 sed
816 801 940 841 etiam
964 798 1174 854 praecipue
1195 797 1401 837 laetamur.
1426 795 1529 851 quid

98 857 208 898 enim
228 857 330 898 mihi
351 857 536 898 accidere
557 858 692 898 laetius
712 867 865 913 potest,
884 871 1009 912 quam
1031 855 1083 896 de
1102 853 1419 894 immortalitate
1439 852 1528 893 ani-

99 927 266 954 morum
288 914 506 969 cogitanti,
529 914 581 954 de
608 914 701 954 filiae
723 913 848 954 simul
879 924 1046 962 aeterna,
1077 910 1283 965 beataque
1314 910 1395 950 vita
1425 923 1529 949 con-

97 969 253 1010 fidere?
287 971 449 1010 animos
480 971 590 1010 enirn
622 984 712 1010 esse
742 969 1016 1018 immortales,
1048 981 1099 1008 ne
1120 966 1400 1008 dubitandum
1423 965 1529 1006 mihi

99 1025 268 1081 quidem
291 1026 464 1067 videtur.
496 1026 645 1067 faciam
674 1036 815 1067 autem
842 1040 925 1066 non
946 1025 1114 1073 invitus,
1131 1032 1179 1064 ut
1199 1022 1529 1078 sapientissimo-

98 1096 190 1122 rum
214 1082 431 1123 hominum
453 1097 691 1138 percurram
713 1083 792 1123 hac
818 1082 869 1123 de
901 1096 944 1122 re
972 1081 1235 1129 sententiam,
1255 1079 1425 1134 quando
1459 1092 1529 1119 me

97 1138 138 1178 in
170 1138 280 1179 hunc
306 1138 449 1180 locum
479 1139 651 1180 deduxit
678 1139 827 1180 oratio.
887 1139 1040 1193 Neque
1068 1151 1164 1177 vero
1193 1137 1283 1177 haec
1306 1136 1364 1176 ita
1383 1135 1529 1190 dispu-

96 1194 222 1235 tanda
251 1208 415 1245 cense0,
433 1205 480 1236 ut
509 1196 671 1236 animos
701 1196 852 1236 iccirco
876 1209 958 1235 non
988 1193 1156 1234 interire
1186 1192 1351 1247 probari
1382 1191 1529 1246 possit,

97 1251 211 1306 quod
232 1262 499 1292 mortuorum
526 1252 772 1307 corporibus
801 1252 859 1292 vis
880 1251 1069 1306 quaedam
1100 1249 1233 1290 inesse
1261 1248 1528 1289 veneratione

96 1307 226 1363 digna
244 1318 428 1363 putetur,
451 1323 545 1364 quae
568 1308 801 1364 significare
819 1308 987 1358 debeat,
1009 1321 1091 1347 non
1119 1305 1249 1346 deleri
1277 1314 1413 1346 morte
1437 1304 1529 1345 ani-

98 1377 205 1413 mos,
228 1364 302 1405 sed
331 1364 635 1406 immortalium
666 1365 918 1414 animorum,
941 1363 1065 1405 veluti
1096 1363 1288 1418 sepulcra
1317 1360 1529 1417 quaedam,

97 1420 290 1461 mortalia
325 1435 503 1475 corpora
537 1421 678 1462 fuisse.
710 1421 829 1477 quasi
865 1435 948 1461 non
986 1429 1029 1460 et
1061 1419 1236 1474 majora,
1269 1426 1311 1458 et
1347 1418 1531 1458 firmiora

96 1476 231 1518 multa
256 1486 494 1532 suppetant,
515 1478 668 1533 quibus
694 1479 867 1533 planum
894 1477 980 1517 fieri
1008 1476 1154 1532 possit,
1176 1475 1248 1531 qui
1281 1474 1442 1515 animos
1473 1473 1530 1514 si-

97 1533 185 1573 mul
215 1548 312 1574 cum
343 1534 590 1588 corporibus
620 1534 787 1575 interire
822 1533 1062 1583 contendat,
1093 1546 1191 1572 eum
1222 1540 1371 1572 contra
1400 1531 1528 1572 ratio-

95 1603 206 1638 nem,
227 1589 343 1631 nulla
360 1590 502 1630 nixum
534 1590 710 1641 ratione,
730 1604 935 1646 pugnare.
957 1589 1073 1645 quod
1099 1588 1133 1629 si
1161 1587 1386 1629 auctoritas
1407 1602 1527 1642 quae-

95 1646 223 1686 renda
243 1646 308 1696 sit,
325 1661 450 1702 quem
468 1646 702 1701 graviorem
722 1646 936 1687 nominare
951 1654 1167 1686 auctorem
1189 1659 1378 1700 possum,
1399 1658 1527 1699 quam

93 1715 207 1752 eum,
229 1716 354 1758 quem
375 1703 536 1757 Apollo
561 1703 650 1758 ipse
677 1703 1031 1757 sapientissimum
1059 1701 1249 1742 omnium
1281 1700 1526 1756 pronuntia-

95 1758 181 1799 vit?
213 1759 335 1815 cujus
364 1759 652 1800 testimonium
684 1760 768 1800 tale
797 1759 891 1808 fuit,
921 1769 969 1800 ut
997 1758 1157 1799 divinos
1186 1771 1276 1798 esse
1305 1757 1526 1797 hominum

95 1814 272 1866 animos,
290 1824 332 1856 et
362 1830 450 1865 eos,
479 1830 655 1871 corpore
685 1816 861 1865 solutos,
891 1815 933 1855 in
963 1814 1120 1856 coelum
1151 1814 1393 1868 remigrare,
1414 1813 1526 1854 unde

96 1871 211 1926 prius
241 1872 461 1922 venissent,
490 1872 533 1912 in
562 1872 677 1913 omni
708 1886 900 1913 sermone
928 1879 1192 1912 asseveraret.
1233 1871 1274 1911 in
1304 1885 1389 1926 quo
1428 1883 1526 1910 cum

95 1926 360 1984 philosophis
380 1928 460 1969 illis
480 1930 704 1979 consensit,
732 1944 838 1984 quos
860 1927 1074 1983 quondam
1099 1928 1270 1968 Italicos
1301 1926 1530 1967 nominavit

95 1984 336 2041 antiquitas,
375 1985 641 2041 maximeque
678 1985 840 2026 nobiles
871 1984 1091 2042 judicavit.
1139 1998 1320 2039 quorum
1365 1997 1530 2038 semper

95 2052 293 2082 constans
313 2041 392 2082 fuit
411 2042 569 2096 opinio,
589 2041 754 2082 demitti
775 2042 938 2082 animos
957 2055 980 2081 e
999 2040 1124 2090 coelo,
1153 2040 1387 2095 divinaeque
1408 2053 1528 2080 men-

95 2097 147 2138 tis
168 2111 240 2138 eos
260 2112 351 2139 esse
372 2113 455 2138 non
476 2098 614 2139 solum
635 2113 803 2149 munus,
826 2097 898 2139 sed
920 2097 1048 2138 etiam
1070 2106 1230 2152 partem
1254 2096 1528 2152 praecipuam,

94 2167 143 2194 ac
165 2155 390 2210 propriam.
409 2154 524 2210 quod
546 2154 579 2195 si
609 2169 729 2195 secus
759 2169 848 2195 esse
878 2154 1102 2210 quisquam
1125 2162 1261 2208 putet,
1293 2152 1408 2193 haud
1429 2167 1528 2194 saue

95 2210 233 2261 facile,
254 2211 356 2266 quid
385 2211 544 2261 multis,
567 2219 610 2251 et
640 2211 888 2252 firmissimis
917 2212 958 2251 in
989 2212 1097 2251 hanc
1128 2209 1379 2250 sententiam
1400 2223 1529 2264 argu-

97 2267 248 2308 mentis
269 2267 521 2323 respondere
549 2267 697 2322 possit,
718 2267 912 2308 inveniet.
970 2267 1039 2307 Sic
1069 2266 1181 2307 enim
1212 2266 1335 2322 plane
1364 2279 1528 2321 cogno-

96 2323 169 2373 sci,
199 2338 246 2364 ac
274 2338 397 2365 sensu
423 2323 514 2379 ipso
545 2323 766 2380 dijudicari
786 2332 953 2380 potest:
984 2338 1195 2364 summam
1216 2336 1306 2363 esse
1326 2337 1530 2378 paeneque

96 2379 384 2425 incredibilem
413 2380 456 2421 in
485 2380 636 2422 animis
665 2380 936 2430 celeritatem,
967 2395 1015 2422 ac
1044 2379 1372 2429 festinationem,
1409 2380 1531 2435 cujus

95 2450 192 2491 ope,
211 2451 306 2492 quae
325 2451 478 2492 corpus
499 2452 582 2478 non
604 2437 735 2478 modo
755 2446 870 2478 certo
892 2436 1116 2486 mensium,
1133 2435 1205 2477 sed
1224 2435 1286 2476 vix
1307 2436 1433 2476 etiam
1456 2450 1531 2476 an-

96 2507 247 2534 norum
279 2493 416 2548 spatio
446 2494 659 2548 perficere,
693 2504 821 2549 atque
854 2493 1025 2549 exsequi
1057 2502 1215 2548 posset,
1250 2506 1300 2532 ea
1333 2491 1410 2548 ipsi
1446 2506 1532 2532 non

95 2549 225 2590 modo
256 2549 387 2590 semel
415 2560 575 2605 puncto
605 2550 809 2605 temporis
838 2564 1095 2605 percurrere,
1116 2549 1190 2590 sed
1220 2549 1344 2588 etiam
1376 2549 1532 2603 saepius

96 2605 352 2661 excogitare,
372 2614 415 2646 et
444 2615 629 2662 repetere
658 2606 858 2647 facillime
888 2615 1057 2662 queant.
1087 2605 1204 2661 quod
1234 2605 1268 2645 si
1296 2604 1450 2645 mirum
1473 2605 1532 2645 vi-

95 2662 232 2712 detur,
262 2677 337 2703 cur
371 2676 456 2702 non
495 2662 780 2704 admirabilius
809 2672 1042 2711 censeatur,
1071 2661 1313 2703 meminisse
1341 2661 1531 2702 animum

94 2726 181 2759 tam
212 2718 362 2769 multa,
383 2718 756 2760 innumerabilibus
782 2729 878 2760 ante
906 2719 1070 2760 saeculis
1095 2727 1240 2773 gesta:
1272 2732 1368 2772 quae
1391 2717 1534 2758 futura

96 2783 208 2826 sunt,
221 2774 452 2830 cogitando
472 2775 723 2830 prospicere,
737 2790 786 2816 ac
806 2790 889 2816 non
909 2775 1040 2816 modo
1060 2773 1295 2830 praesentia,
1312 2773 1387 2814 sed
1404 2773 1532 2814 etiam

95 2831 321 2890 praeterita,
351 2840 394 2872 et
424 2831 583 2883 futura,
613 2831 739 2873 veluti
769 2831 913 2884 deum,
941 2831 1086 2874 omnia
1113 2829 1356 2886 complecti,
1376 2844 1425 2871 ac
1455 2830 1534 2874 sub

743 2901 863 2946 3âµ4
