1844 3202
634 122 1044 161 CONSOLATlo.
1466 127 1544 170 997

118 234 324 275 facturum
356 231 482 274 fuisse
519 230 747 282 hominem,
778 230 855 272 nisi
886 229 1202 271 diuturnitatem
1234 230 1449 294 temporis,
1479 231 1545 286 ip-

117 304 290 354 samque
318 289 588 330 aeternitatem
622 287 850 341 plurimum
883 286 934 327 ad
962 300 1005 326 se
1039 286 1243 349 pertinere
1274 285 1546 328 existimaret.

115 345 212 387 ,Iam
244 346 331 401 ipsa
359 345 503 400 gloriae
534 344 757 408 cupiditas,
779 344 988 384 honorum
1019 341 1123 391 sitiS‚
1143 356 1288 396 opum,
1311 357 1357 383 ac
1383 342 1545 384 divitia-

117 416 210 442 rum
237 401 405 443 assidua
437 401 690 456 procuratio,
711 401 812 456 quid
840 399 954 440 aliud
975 398 1143 448 iudicat,
1166 398 1243 438 nisi
1261 399 1449 453 cogitare
1470 399 1548 440 ho-

117 457 272 498 minem
297 458 337 498 in
368 468 600 521 posterum,
623 471 697 497 nec
725 456 872 497 eodem
903 454 1109 505 vescendi,
1129 453 1370 518 vivendique
1392 455 1547 506 studio,

118 528 204 577 quo
224 522 379 554 ceteras
411 514 642 554 animantes
672 512 766 554 duci
788 512 988 562 videmus,
1011 511 1241 552 humanum
1264 511 1450 551 animum
1473 511 1546 552 de-

118 569 254 610 tineri.
313 569 397 610 Sed
428 570 518 610 haec
548 569 790 633 abjectiora,
821 578 947 632 atque
976 567 1216 618 humiliora,
1237 581 1312 608 nec
1339 566 1449 616 ullis,
1469 567 1546 608 nisi

119 639 217 666 sane
245 626 435 680 angustis
463 635 621 666 naturae
650 625 851 674 terminis,
880 624 1208 678 circumscripta.
1267 623 1384 687 Quid
1415 623 1515 664 illa
1506 639 1547 663 1n

117 681 262 736 primis
291 683 447 746 gravia,
477 691 603 737 atque
633 681 884 736 praestantia,
916 695 991 721 nec
1022 680 1095 721 ulli
1126 679 1282 735 plane
1273 695 1314 720 m
1335 680 1453 721 terris
1475 679 1548 720 de-

118 738 251 793 genti,
283 738 360 779 nisi
386 739 463 780 soli
489 737 649 779 bomini
677 738 861 778 tributa?
895 735 1271 791 contemplatorem
1299 750 1387 776 esse
1409 736 1546 791 ipsum

119 793 232 843 coeli,
264 808 488 850 rerumque
521 794 782 835 coelestium.
816 794 897 835 frui
932 806 1196 848 magnarum,
1232 793 1550 833 obscurissima-

118 865 296 906 rumque
326 865 462 891 rerum
491 850 677 899 scientia,
697 865 791 906 quae
822 850 884 891 vel
913 849 966 890 ad
985 848 1238 890 excolendos
1259 848 1311 889 ad
1328 849 1550 904 integrita-

119 915 222 957 tem,
251 914 376 962 atque
406 906 687 947 innocentiam
718 921 870 957 mores,
902 906 964 947 vel
994 905 1045 946 ad
1076 904 1400 960 comparandam
1436 905 1550 956 solis,

118 972 412 1026 astrorumque
433 962 736 1018 cognitionem,
756 963 817 1004 vel
839 962 891 1003 ad
919 961 1190 1003 exercendam
1222 962 1262 1002 in
1285 960 1450 1012 abditis,
1472 962 1549 1003 ob-

121 1033 336 1082 scunsque
366 1020 488 1060 rebus
523 1020 787 1071 memoriam,
818 1029 1088 1074 mentemque
1125 1018 1372 1073 pertineant.
1413 1033 1550 1059 nonne

120 1073 211 1116 haec
245 1090 333 1130 ipsa
363 1084 491 1126 tanta,
524 1090 572 1116 ac
607 1077 718 1126 talia,
750 1076 934 1117 divinum
968 1090 1058 1116 esse
1088 1075 1274 1115 animum
1308 1075 1550 1126 ostendunt,

120 1145 195 1172 nec
217 1131 325 1172 illius
349 1142 536 1173 naturam
559 1131 740 1196 aliunde,
761 1146 886 1188 quam
909 1147 932 1172 e
953 1131 1077 1181 coelo,
1099 1130 1325 1171 delibatam
1347 1145 1395 1171 ac
1417 1131 1549 1172 dedu-

119 1197 255 1229 ctam.
248 1189 261 1218 ²
285 1189 355 1229 An
375 1202 607 1238 censemus,
629 1189 662 1229 si
685 1204 766 1229 una
787 1203 885 1230 cum
907 1187 1154 1251 corporibus
1176 1187 1303 1227 animi
1321 1187 1551 1238 interirent,

119 1252 191 1285 aut
212 1245 540 1308 sapientissimos
564 1245 755 1286 homines
777 1256 860 1286 tam
885 1259 1006 1300 aequo
1027 1259 1169 1284 ammo
1190 1244 1298 1284 mori
1317 1258 1456 1299 posse,
1478 1254 1552 1285 aut

121 1309 206 1341 tam
231 1301 389 1365 iniquo,
412 1301 618 1357 planeque
647 1301 774 1342 invito
795 1302 963 1350 stultos,
983 1312 1026 1341 et
1048 1301 1216 1341 fatuos?
1250 1300 1465 1341 Socratem
1487 1301 1550 1341 fe-

119 1366 232 1407 runt,
263 1359 389 1398 morti
418 1358 671 1413 proximum,
706 1357 757 1398 de
788 1359 952 1413 piorum
985 1356 1314 1406 immortalitate,
1343 1357 1551 1413 beataque

120 1415 217 1464 vita,
236 1429 331 1468 quae
357 1424 538 1455 mortem
572 1415 854 1469 consequitur,
885 1413 1173 1469 disputavisse,
1194 1413 1345 1477 itaque
1362 1413 1475 1464 laeto,
1503 1428 1551 1454 ac

120 1468 268 1510 libenti
297 1471 438 1511 animo
471 1471 594 1511 letale
625 1471 730 1511 illud
760 1471 963 1526 poculum
997 1470 1198 1533 hausisse,
1230 1469 1348 1525 quasi
1381 1485 1466 1510 non
1498 1469 1552 1511 ad

118 1536 315 1576 mortem,
355 1526 427 1567 sed
467 1527 518 1567 ad
553 1541 745 1590 regnum,
778 1537 905 1582 atque
940 1527 1162 1581 imperium
1203 1535 1432 1567 vocaretur.
1490 1527 1551 1567 At

118 1596 231 1633 ver0,
261 1597 440 1638 quorum
474 1583 637 1623 animus
668 1599 709 1624 in
740 1593 848 1624 terra
869 1583 1026 1624 defixus
1048 1582 1208 1623 haeret·
1241 1582 1313 1638 qui
1334 1582 1452 1633 nihil,
1474 1582 1551 1623 nisi

119 1639 311 1689 mortale,
342 1649 651 1703 terrenumque,
672 1640 877 1694 cogitant,
906 1654 978 1680 eos
1008 1638 1131 1694 plane
1161 1648 1458 1693 repugnantes,
1489 1648 1553 1680 at-

119 1710 203 1750 que
222 1705 370 1736 unitos
389 1709 413 1735 e
433 1696 515 1736 vita
544 1695 759 1736 discedere
781 1696 981 1759 videmus.
1003 1709 1078 1736 nec
1100 1695 1325 1735 immerito.
1347 1710 1444 1736 cum
1464 1696 1553 1736 ani-

121 1766 288 1792 morum
322 1751 596 1792 aeternitatem
628 1752 799 1807 propius
826 1752 916 1808 jam
949 1753 1173 1802 intuentes,
1203 1751 1444 1792 crucientur
1473 1753 1553 1793 mi-

122 1822 214 1848 rum
237 1808 279 1848 in
300 1807 490 1858 modurn,
514 1809 633 1863 quasi
663 1809 871 1864 flagitiose
896 1819 1032 1850 actam
1053 1808 1178 1849 vitam
1211 1822 1334 1863 poena
1355 1809 1478 1849 etiam
1502 1809 1555 1849 sit

121 1863 372 1905 immortalis
393 1875 683 1905 consecutura.
742 1866 886 1920 Atque
916 1865 1020 1906 illud
1049 1865 1177 1906 etiam
1207 1866 1254 1916 (o
1278 1865 1454 1905 stultum
1477 1865 1555 1906 ho-

123 1921 294 1970 minem,
315 1920 464 1962 dixerit
485 1921 649 1976 aliquis,
670 1931 713 1962 et
733 1933 891 1962 naturae
912 1937 997 1962 suae
1019 1922 1184 1976 penitus
1206 1922 1398 1975 ignarum
1420 1921 1446 1974 l)
1481 1936 1554 1962 ne-

121 1977 226 2018 mini
247 1977 471 2018 obscurum
497 1992 586 2017 esse
606 1987 758 2033 potest,
775 1992 824 2018 ex
846 1978 944 2033 ipsis
965 1978 1092 2019 etiam
1114 1977 1254 2027 sacris,
1276 1978 1556 2019 caeremoniis-

123 2049 204 2088 que
227 2033 307 2089 maj
313 2048 435 2074 orum
458 2044 655 2075 aeternam
677 2034 860 2075 hominis
882 2035 1006 2075 vitam
1040 2034 1160 2075 facile
1189 2035 1405 2089 cognosci,
1425 2045 1554 2090 atqu'e

123 2065 307 2145 intelligi
324 2105 459 2145 posse.
483 2106 616 2146 neque
641 2091 751 2131 enim
781 2091 840 2131 illi
862 2102 934 2131 aut
954 2100 1143 2131 mortuos
1165 2100 1282 2131 tanto
1303 2091 1460 2132 honore
1482 2106 1554 2132 co-

123 2146 312 2197 luissent,
333 2156 405 2187 aut
437 2157 519 2188 tam
554 2147 723 2197 multas,
746 2157 916 2212 tamque
937 2147 1064 2188 varias
1085 2146 1405 2202 sepulchrorum
1427 2162 1555 2188 caere-

125 2202 287 2243 monias
317 2203 494 2258 posteris
525 2203 806 2253 tradidissent,
832 2205 909 2244 nisi
938 2204 1174 2258 cognitum,
1205 2212 1556 2260 perspectumque

126 2258 383 2309 habuissent,
405 2260 542 2314 vigere
563 2260 749 2301 animum
779 2261 819 2300 in
840 2271 992 2310 morte,
1012 2275 1102 2309 nec,
1125 2274 1381 2315 quamquam
1403 2275 1556 2325 corpus

128 2315 306 2366 occidat,
329 2315 573 2357 hominem
564 2331 700 2370 ipsum
732 2317 894 2371 penitus
925 2331 1181 2357 evanescere.
1201 2316 1343 2372 itaque
1364 2318 1557 2358 statuisse

127 2371 331 2422 videntur,
352 2385 532 2413 mortem
543 2373 688 2437 ipsam
710 2388 791 2414 non
809 2387 897 2414 esse
918 2373 1112 2414 humanae
1133 2373 1226 2414 vitae
1246 2373 1557 2424 confectricem,

128 2442 205 2469 nec
235 2442 285 2468 ex
315 2443 365 2468 ea
394 2429 512 2493 sequi
542 2429 786 2470 interitum:
820 2429 891 2470 sed
922 2431 1062 2485 potius
1084 2429 1136 2469 ad
1166 2429 1290 2469 aliam
1313 2430 1447 2471 multo
1468 2430 1559 2470 feli-

127 2484 284 2526 ciorem
317 2485 443 2525 vitam
471 2486 536 2536 iis,
557 2487 629 2541 qui
658 2496 770 2526 recte
796 2486 1003 2536 vixissent,
1024 2486 1175 2527 ducem
1198 2486 1402 2550 optimam
1423 2486 1557 2527 solere

128 2541 317 2582 existere
342 2541 597 2605 quicumque
629 2543 740 2583 enim
768 2544 1060 2583 convenienter
1089 2552 1246 2583 naturae
1273 2542 1459 2593 vixerint,
1481 2557 1557 2584 nec

128 2597 242 2638 illam
274 2597 406 2638 secuti
437 2598 518 2638 sint
545 2599 667 2640 malae
688 2599 1001 2640 consuetudinis
1021 2598 1316 2662 corruptelam,
1338 2614 1433 2654 quae
1454 2599 1532 2640 div
1512 2615 1557 2641 1-

132 2653 243 2695 nitus
266 2654 387 2695 datos
407 2654 614 2709 igniculos
633 2655 876 2710 exstinguit,
898 2656 1078 2711 vitiaque
1098 2655 1252 2710 gignit,
1272 2664 1314 2696 et
1339 2655 1560 2698 confirmat

131 2710 287 2760 omnia,
316 2724 387 2751 eos
418 2720 461 2752 et
491 2711 669 2752 viventes
699 2711 849 2767 gloria,
870 2720 912 2753 et
943 2727 966 2753 e
995 2712 1078 2753 vita
1106 2710 1352 2752 excedentes
1377 2712 1560 2767 praemiis

133 2766 329 2822 prosequi
358 2777 540 2831 oportet.
571 2768 615 2809 id
643 2769 753 2809 enim
785 2782 869 2808 non
889 2769 1026 2809 solum
1045 2768 1197 2808 rationi
1216 2779 1560 2818 consentaneum,

135 2822 208 2864 sed
246 2823 373 2865 etiam
404 2823 680 2887 verissimum,
710 2834 837 2881 atque
873 2824 1157 2880 aequissimum
1198 2834 1275 2865 est.
1312 2824 1381 2866 cui
1417 2835 1559 2866 autem
