1844 3202
283 112 359 151 816
755 102 943 155 'cATo
980 104 1225 155 MAJOR‘

281 219 345 260 sui
368 227 618 265 teneremus.
678 224 791 266 Mihi
816 225 985 280 quidem
1019 241 1249 282 numquam
1281 224 1518 280 persuaderi
1549 225 1704 280 potuit,

280 276 458 340 animos,
480 279 583 321 dum
615 281 657 321 in
685 283 932 336 corporibus
958 292 1095 322 essent
1129 281 1391 330 mortalibus,
1413 282 1573 331 vivere3
1604 296 1701 322 cum

280 344 460 376 exlssent
479 350 531 377 ex
561 352 624 387 ns,
646 338 779 379 emori
798 356 806 377 ε
839 352 914 378 nec
935 353 1045 386 vero,
1067 348 1155 379 tum
1179 340 1363 379 animum
1394 353 1483 379 esse
1506 338 1702 392 insipien·

282 397 382 440 tem,
403 405 500 433 cum
523 407 570 433 ex
592 394 801 450 insipienti
832 408 1008 449 corpore
1029 396 1249 444 evasisset3
1281 395 1355 436 sed
1373 410 1469 436 cum
1493 396 1608 435 omni
1629 394 1703 435 ad·

280 445 482 488 mixtione
511 450 698 504 corporis
729 451 942 500 liberatuS,
966 465 1092 505 purus
1123 460 1165 492 et
1194 450 1355 506 integer
1385 467 1474 493 esse
1493 450 1704 505 coepisset,

281 510 371 542 tum
412 519 501 545 esse
542 507 790 559 sapientem.
847 507 991 562 Atque
1031 507 1173 557 etiam,
1209 521 1306 547 cum
1344 507 1524 549 hominis
1557 517 1706 548 natura

175 576 204 605 1¹·
220 568 417 600 94.morte
453 560 706 612 dissolvitur,
743 571 975 603 ceterarum
1018 578 1155 604 rerum
1194 564 1462 618 perspicuum
1499 571 1575 613 est,
1618 578 1704 618 quo

241 618 460 671 ³·quaeque
481 616 717 660 discedant:
741 619 897 660 abeunt
916 619 1025 660 enim
1048 619 1147 660 illuc
1168 620 1322 670 omnia,
1340 621 1451 661 unde
1473 630 1564 661 orta
1585 629 1705 670 sunt3

279 672 443 713 animus
466 684 606 715 autem
631 675 759 726 solus,
783 690 858 716 nec
875 691 973 717 cum
995 675 1127 727 adest,
1148 691 1225 716 nec
1245 691 1341 717 cum
1363 676 1553 727 discedit,
1575 690 1704 730 appa-

218 733 355 768 81ret.
412 730 509 770 Jam
543 746 637 772 vero
670 732 832 783 videtis,
862 732 965 773 nihil
994 746 1084 773 esse
1120 732 1244 774 morti
1279 743 1364 773 tam
1399 733 1547 783 simile,
1577 746 1705 787 quam

279 798 491 826 somnum.
541 787 676 844 Atqui
697 789 997 830 dormientium
1018 789 1143 830 animi
1166 789 1345 830 maxime
1371 789 1584 830 declarant
1604 787 1706 829 divi-

278 841 451 882 nitatem
475 858 608 885 suam.
630 845 765 886 multa
781 846 906 896 enim,
929 860 1025 886 cum
1048 845 1210 886 remissi
1231 856 1274 887 et
1291 846 1410 886 liberi
1431 854 1542 895 sunt,
1563 845 1704 886 futura

276 898 552 952 prospiciunt.
611 902 673 941 Ex
695 916 780 956 quo
806 902 1069 957 intelligitur,
1091 901 1236 958 quales
1264 902 1394 943 futuri
1426 902 1520 951 sint,
1541 916 1638 942 cum
1658 915 1703 942 se

276 953 398 1007 plane
419 956 606 1009 corporis
628 957 799 998 vinculis
822 958 1104 998 relaxaverint.
1164 959 1320 1014 Quare,
1343 959 1375 999 si
1403 959 1493 998 haec
1515 958 1573 998 ita
1591 968 1704 1009 sunt,

277 1009 336 1049 sic
358 1024 426 1050 me
447 1011 635 1063 colitote,
656 1022 703 1054 ut
725 1014 864 1055 deum.
888 1014 951 1054 sin
972 1029 1055 1055 una
1075 1024 1140 1054 est
1159 1014 1399 1055 interiturus
1419 1014 1584 1054 animus
1605 1029 1703 1055 cum

276 1079 468 1121 corpore,
490 1083 560 1109 vos
579 1077 720 1110 tamen
743 1070 844 1111 deos
865 1080 1067 1121 verenteS,
1089 1070 1161 1126 qui
1182 1070 1289 1111 hanc
1310 1085 1478 1111 omnem
1500 1070 1702 1124 pulcritu-

276 1121 416 1163 dinem
441 1131 612 1166 tuentur
632 1135 674 1167 et
700 1136 866 1182 regunt,
887 1127 1135 1168 memoriam
1169 1127 1300 1168 nostri
1331 1128 1397 1182 pie
1426 1126 1704 1183 inviolateque

277 1179 508 1221 servabitis.
571 1182 710 1239 Cyrus
742 1184 911 1239 quidem
942 1184 1033 1224 haee
1064 1183 1262 1224 moriens.
1322 1185 1416 1225 Nos
1460 1183 1510 1237 (si
1548 1184 1700 1239 placet)

193 1235 265 1284 23
279 1245 421 1277 nostra
438 1237 668 1280 videamus.
714 1242 856 1282 Nemo
877 1255 1080 1297 umquam
1103 1240 1222 1292 mihi,
1244 1241 1400 1295 Scipio,
1423 1240 1702 1295 persuadebit,

214 1310 264 1342 82
276 1302 349 1333 aut
370 1302 529 1348 patrem
553 1304 674 1336 tuum
703 1297 908 1347 Paullum,
931 1306 1002 1338 aut
1032 1297 1138 1339 duos
1159 1311 1271 1348 avos,
1295 1297 1503 1348 Paullum,
1524 1307 1567 1338 et
1588 1297 1703 1337 Afri-

275 1363 442 1401 canum,
465 1359 537 1391 aut
560 1352 747 1393 Africani
779 1362 956 1408 patrem,
977 1362 1050 1396 aut
1078 1363 1291 1410 patruum,
1325 1362 1396 1394 aut
1416 1354 1575 1395 multos
1594 1367 1704 1408 prae-

273 1414 430 1447 stantes
463 1407 584 1458 viros,
616 1424 723 1464 quos
754 1424 998 1451 enumerare
1028 1425 1112 1451 non
1142 1420 1206 1451 est
1243 1424 1426 1460 necesse,
1458 1418 1574 1451 tanta
1612 1424 1703 1452 esse

272 1472 463 1513 conatos,
504 1479 598 1520 quae
637 1465 689 1506 ad
730 1466 989 1521 posteritatis
1029 1467 1276 1508 memoriam
1315 1467 1591 1522 pertinerent:
1624 1467 1704 1509 nisi

269 1519 411 1560 animo
442 1531 671 1572 cernerent,
703 1523 992 1577 posteritatem
1026 1523 1079 1565 ad
1110 1537 1153 1564 se
1178 1524 1399 1579 pertinere.
1457 1524 1528 1564 An
1558 1537 1701 1564 censes

274 1577 339 1629 (ut
368 1575 422 1617 de
452 1591 520 1617 me
549 1577 641 1632 ipso
671 1579 830 1635 aliquid
861 1594 978 1620 more
1008 1594 1155 1621 senum
1184 1579 1357 1634 glorier)
1382 1595 1450 1620 me
1480 1588 1618 1620 tantos
1638 1580 1700 1620 la-

269 1632 392 1672 bores
424 1633 596 1674 diurnos
627 1644 955 1691 nocturnosque,
983 1637 1100 1677 domi
1130 1636 1375 1692 militiaeque
1405 1645 1698 1692 suscepturum

269 1687 412 1739 fuisse,
435 1690 468 1730 si
490 1689 641 1731 iisdem
665 1691 815 1733 finibus
837 1692 1018 1747 gloriam
1040 1707 1193 1743 meam,
1216 1693 1370 1748 quibus
1401 1694 1542 1743 vitam,
1564 1707 1699 1733 essem

267 1746 565 1787 terminaturus
584 1748 597 1787 ?
631 1763 769 1789 nonne
791 1748 941 1789 melius
971 1749 1107 1790 multo
1130 1748 1293 1800 fuisset,
1314 1749 1494 1790 otiosam
1517 1757 1700 1805 aetatem,

268 1810 311 1842 et
340 1802 540 1857 quietam,
562 1804 651 1845 sine
680 1805 768 1846 ullo
796 1805 940 1846 labore
965 1814 1007 1847 et
1036 1806 1308 1846 contentione
1327 1806 1577 1847 traducere?
1611 1805 1699 1856 sed,

265 1859 408 1899 nescio
431 1860 664 1915 quomodo,
686 1862 850 1903 animus
881 1862 1047 1918 erigens
1069 1877 1127 1914 se,
1150 1863 1436 1917 posteritatem
1457 1877 1621 1918 semper
1641 1863 1701 1904 ita

265 1915 565 1970 prospiciebat,
586 1919 720 1973 quasi,
742 1933 840 1959 cum
868 1919 1114 1960 excessisset
1139 1934 1162 1959 e
1190 1919 1286 1969 vita,
1308 1928 1400 1960 tum
1431 1919 1609 1975 denique
1639 1920 1698 1960 vi-

265 1980 409 2013 cturus
441 1983 567 2015 esset.
597 1974 713 2029 quod
743 1975 913 2029 quidem
946 1976 987 2016 ni
1017 1976 1075 2016 ita
1105 1991 1148 2016 se
1178 1975 1364 2026 haberet,
1385 1984 1432 2016 ut
1461 1976 1589 2016 animi
1616 1975 1698 2016 irn-

265 2029 463 2069 mortales
484 2039 636 2080 essent,
656 2031 769 2071 haud
799 2032 950 2086 optimi
970 2032 1176 2088 cujusque
1197 2032 1358 2072 animus
1381 2033 1560 2073 maxime
1592 2039 1631 2066 ⁵9
1645 2032 1700 2074 ad

204 2092 251 2124 83
266 2083 627 2127 immortalitatem
664 2088 813 2142 gloriae
852 2088 1067 2129 niteretur.
1127 2088 1258 2144 Quid,
1288 2088 1403 2143 quod
1443 2089 1699 2144 sapientissi-

223 2140 359 2181 b·mus
380 2143 557 2198 quisque
579 2144 819 2198 aequissimo
846 2144 988 2185 animo
1015 2145 1206 2195 moritur,
1233 2145 1502 2186 stultissimus
1524 2145 1698 2201 iniquis-

264 2196 404 2238 simo?
437 2199 592 2240 Nonne
629 2200 746 2240 vobis
776 2200 939 2241 videtur
968 2201 1130 2241 animus
1162 2201 1209 2251 is,
1240 2202 1311 2256 qui
1341 2201 1435 2257 plus
1466 2210 1622 2252 cernat,
1653 2211 1697 2243 et

262 2252 447 2309 longius,
478 2255 629 2307 videre,
660 2271 702 2297 se
734 2257 787 2298 ad
818 2257 991 2298 meliora
1020 2257 1253 2312 proficisci:
1285 2257 1355 2298 ille
1383 2266 1539 2307 autern,
1570 2258 1694 2314 cujus

261 2310 454 2352 obtusior
475 2312 529 2353 sit
550 2313 674 2363 acies,
696 2328 780 2354 non
801 2314 966 2354 videre?
1000 2314 1205 2369 Equidem
1228 2314 1376 2354 efferor
1396 2315 1537 2355 studio
1557 2323 1695 2370 patres

262 2375 432 2417 vestros,
453 2384 559 2423 quos
581 2369 693 2410 colui
725 2379 765 2410 et
798 2370 938 2420 dilexi,
959 2370 1125 2411 videndi
1144 2388 1153 2412 :
1186 2385 1320 2426 neque
1342 2385 1438 2412 vero
1460 2386 1532 2412 eos
1553 2371 1693 2413 solum

261 2424 479 2464 convenire
511 2440 625 2474 aveo,
655 2441 762 2481 quos
791 2426 879 2481 ipse
908 2428 1116 2482 cognovi,
1149 2427 1221 2468 sed
1245 2427 1340 2467 illos
1361 2428 1501 2478 etiam,
1523 2428 1576 2469 de
1599 2428 1693 2484 qui-

262 2479 340 2520 bus
361 2481 512 2531 audivi,
535 2491 576 2521 et
599 2482 697 2537 legi,
719 2491 761 2523 et
782 2484 869 2537 ipse
889 2483 1130 2538 conscripsi.
1189 2485 1288 2539 Quo
1311 2484 1481 2539 quidem
1505 2499 1574 2526 me
1595 2499 1694 2540 pro—

262 2535 515 2578 ficiscentem
546 2538 659 2579 haud
691 2554 789 2579 sane
811 2540 904 2594 quis
930 2540 1050 2580 facile
1070 2540 1299 2588 retraxerit,
1322 2555 1456 2596 neque
1476 2551 1691 2597 tamquam

264 2592 420 2633 Peliam
449 2595 666 2636 recoxerit.
725 2595 857 2637 Quod
883 2596 916 2636 si
940 2596 1032 2651 quis
1061 2596 1163 2637 deus
1191 2596 1295 2637 mihi
1324 2597 1541 2653 largiatur,
1567 2606 1615 2639 ut
1641 2612 1692 2638 ex

249 2706 385 2745 ficerent.
446 2709 544 2747 Igitur
567 2720 651 2739 unus
675 2709 726 2739 ille
750 2710 857 2740 Codex
888 2719 951 2739 non
999 2710 1077 2741 Mss.
1099 2712 1303 2749 quibusdam.
1327 2722 1391 2742 non
1415 2712 1525 2751 placet.
1543 2711 1690 2751 placeret,

259 2759 310 2778 me
327 2751 438 2786 movit,
456 2759 490 2781 ut
509 2752 670 2782 Graeviurn
688 2753 835 2782 imitarer.
996 2755 1020 2782 si
1038 2762 1116 2783 esset
1132 2756 1168 2784 ad
1186 2754 1431 2784 immortalitatem
1445 2754 1560 2793 gloriae,
1578 2761 1613 2785 ut
1636 2755 1694 2784 ha-

302 2799 340 2825 59
363 2793 404 2821 ad
417 2794 605 2824 immortalem
619 2795 756 2832 gloriam]
774 2797 910 2833 Langius
923 2803 953 2826 et
996 2797 1048 2827 bet
1065 2797 1127 2828 Ms.
1146 2799 1208 2829 Erf.
1220 2808 1260 2828 ex
1276 2807 1340 2837 quo
1355 2799 1467 2837 recepi.

257 2833 400 2866 Graevius·
430 2838 471 2865 ad
498 2838 726 2867 immortalitatis
760 2838 897 2877 gloriam,
935 2848 951 2868 e
