1844 3202
245 92 323 135 756
773 93 850 130 DE
888 93 1149 131 OFFICIIS

201 209 233 239 b.
245 214 337 240 esse
366 214 391 240 a
422 200 622 250 Panaetio,
641 200 877 243 valitudinis
897 202 1156 243 curationem
1187 210 1231 243 et
1255 201 1457 258 pecuniae.
1490 217 1592 258 quas
1616 217 1680 245 res

245 271 270 296 a
290 271 457 297 summo
478 256 735 313 philosopho
759 259 989 314 praeteritas
1011 260 1203 309 arbitror,
1221 259 1335 315 quod
1355 269 1493 300 essent
1515 259 1678 300 faciles:

246 322 345 354 sunt
365 322 477 354 certe
496 313 636 355 utiles.
682 315 767 356 Sed
789 315 973 356 valitudo
997 325 1253 357 sustentatur
1272 317 1402 357 notiti
1397 332 1420 356 ι
1441 317 1503 356 sui
1526 330 1679 371 corpo-

244 370 328 421 ris;
359 378 402 411 et
426 370 732 435 observatione,
759 387 853 426 quae
884 386 948 412 res
979 380 1051 412 aut
1079 371 1276 427 prodesse
1305 373 1480 422 soleant,
1501 382 1574 412 aut
1602 372 1681 412 ob-

245 440 364 478 esse3
395 436 438 468 et
458 427 717 468 continentia
745 428 785 468 in
815 428 926 469 victu
952 428 1082 477 omni,
1103 438 1228 484 atque
1249 429 1381 480 cultu,
1403 429 1590 484 corporis
1613 437 1682 469 tu-

246 483 344 524 endi
363 498 518 534 causa3
550 494 593 524 et
620 484 989 539 praetermittendis
1010 484 1324 549 xoluptatibus·
1314 517 1325 536 ‚
1357 497 1574 540 postremo
1594 493 1684 526 arte

184 545 232 587 87
246 554 409 591 eorum,
430 555 611 604 quorum
634 540 687 581 ad
707 540 922 582 scientiam
951 541 1043 582 haec
1072 542 1294 596 pertinent.
1355 543 1435 583 Res
1456 551 1595 583 autem
1620 542 1683 582 fa-

246 596 421 638 miliaris
453 612 585 661 quaerl
618 597 747 638 debet
780 597 829 638 iis
858 598 996 648 rebus,
1032 613 1057 637 ι
1091 599 1243 653 quibus
1280 598 1398 639 abest
1434 597 1682 662 turpitudo:

245 654 481 695 conservari
502 662 645 695 autem
668 653 901 709 diligentia,
924 665 966 695 et
986 654 1268 710 parsrmonia3
1299 654 1446 696 iisdem
1470 656 1596 696 etiarn
1618 668 1686 695 re-

247 710 328 751 bus
345 710 505 766 augeri.
527 710 603 751 has
620 725 684 751 res
706 711 1049 752 commodissime
1070 712 1311 767 Xenophon
1334 712 1572 753 Socraticus
1592 726 1686 768 per-

249 776 419 808 secutus
451 776 514 808 est
545 767 587 808 in
613 782 664 808 eo
689 767 813 818 libro,
833 768 905 823 qui
927 768 1240 809 OEconomicus
1262 769 1527 809 inscribitur:
1558 782 1685 823 quem

249 839 342 874 nos,
359 824 439 865 ista
459 824 544 865 fere
565 833 689 865 aetate
710 838 808 865 cum
830 839 1031 875 essemus,
1051 839 1135 881 qua
1153 840 1197 866 es
1218 834 1266 866 tu
1286 840 1412 876 nune,
1428 840 1451 865 e
1468 826 1622 866 Groeco
1645 825 1684 865 in

249 881 451 921 Latinum
470 880 768 921 convertimus.

166 933 237 981 05
300 937 384 978 Sed
405 937 637 977 utilitatum
658 936 934 1002 comparatiO,
951 937 1150 993 quoniam
1174 937 1242 978 hic
1263 937 1382 979 locus
1404 946 1494 979 erat
1515 947 1689 993 quartus

186 1007 274 1039 ega
297 994 483 1034 Panaetio
503 993 826 1048 praetermissus,
848 1007 959 1057 saepe
983 1002 1048 1034 est
1077 995 1321 1035 necessaria.
1381 995 1496 1035 Nam
1524 1002 1566 1034 et
1595 1008 1692 1035 cor-

249 1049 363 1114 poris
395 1049 625 1091 commoda
657 1064 756 1091 cum
789 1050 985 1100 externis,
1016 1058 1057 1090 et
1088 1058 1258 1091 externa
1287 1065 1384 1091 cum
1417 1050 1619 1106 corporis,
1650 1059 1693 1092 et

249 1107 341 1162 ipsa
370 1107 478 1147 inter
499 1121 542 1147 se
563 1106 766 1162 corporis,
787 1115 830 1147 et
851 1115 1022 1147 externa
1042 1121 1139 1147 curn
1163 1107 1343 1148 externis
1365 1107 1599 1162 comparari
1623 1121 1693 1148 so·

249 1164 351 1204 lent.
413 1163 524 1204 Cum
547 1164 743 1214 externis,
766 1163 954 1219 corporis
976 1163 1060 1204 hoc
1085 1163 1217 1205 modo
1248 1172 1572 1219 comparantur·
1603 1165 1692 1205 Va-

249 1219 336 1261 lere
367 1229 415 1261 ut
441 1220 577 1270 malis,
596 1235 723 1276 quam
755 1220 867 1261 dives
892 1234 996 1261 esse.
1057 1220 1169 1262 Cum
1191 1221 1380 1277 corporis
1400 1230 1586 1271 externa,
1609 1220 1692 1262 hoc

250 1276 410 1318 modo:
451 1277 581 1318 Dives
615 1292 706 1318 esse
736 1277 893 1342 potius,
920 1291 1047 1333 quarn
1079 1278 1272 1318 maximis
1302 1278 1489 1332 corporis
1521 1277 1692 1318 viribus.

252 1335 351 1390 Ipsa
372 1333 481 1375 inter
502 1348 546 1375 se
565 1335 753 1389 corporis
783 1349 816 1374 sl
820 1349 869 1374 c:
903 1343 950 1374 ut
979 1334 1092 1375 bona
1118 1333 1305 1375 valitudo
1334 1334 1539 1398 voluptati
1573 1342 1691 1374 ante-

253 1399 449 1455 ponatur,
469 1391 572 1432 vires
594 1390 810 1432 celeritati.
870 1392 1152 1432 Externorum
1173 1399 1331 1441 autem,
1353 1400 1401 1432 ut
1427 1390 1566 1446 gloria
1591 1390 1694 1431 divi-

191 1455 241 1498 89
254 1447 338 1498 tiis,
360 1447 584 1503 vectigalia
613 1448 772 1488 urbana
803 1447 982 1488 rusticis.
1043 1449 1106 1488 Ex
1127 1462 1211 1503 quo
1233 1461 1390 1503 genere
1411 1447 1695 1503 comparatio-

254 1505 318 1546 nis
339 1504 444 1545 illud
465 1514 529 1545 est
549 1504 726 1545 Catonis
749 1505 885 1545 senis.
919 1519 943 1544 a
963 1519 1047 1560 quo
1069 1519 1165 1545 cum
1189 1513 1463 1560 quaererctur,
1481 1504 1583 1559 quid
1604 1518 1695 1545 ma-

252 1562 364 1602 xime
386 1561 427 1601 in
450 1576 494 1601 re
514 1561 709 1601 familiari
729 1561 956 1615 expediret,
977 1561 1209 1616 respondit,
1229 1562 1343 1601 Bene
1365 1575 1547 1616 pascere.
1579 1560 1697 1618 Quid

254 1618 489 1659 secundum
510 1619 522 1657 ?
571 1618 680 1658 Satis
717 1618 825 1657 bene
862 1631 1045 1672 pascere
1117 1617 1234 1673 Quid
1271 1618 1440 1659 tertium
1460 1619 1472 1658 ?
1521 1626 1558 1649 8⁵
1578 1617 1697 1658 Male

254 1688 438 1730 pascere.
498 1674 614 1731 Quid
641 1675 868 1730 quartum?
902 1674 1051 1714 A1are.
1110 1675 1179 1724 Et,
1202 1689 1301 1715 cum
1331 1674 1417 1724 ille,
1442 1675 1515 1730 qui
1544 1674 1698 1730 quaesi·

144 1750 175 1780 p
192 1748 246 1773 ⁵2.
256 1736 359 1782 erat,
387 1731 573 1782 dixisset,
603 1731 719 1773 Ouid
749 1731 975 1771 foenerari?
1015 1731 1126 1771 Tum
1161 1705 1286 1781 'Cat0,
1317 1731 1434 1773 Ouid
1464 1731 1699 1781 hominem,

213 1794 242 1815 ³
255 1788 407 1845 inquit,
422 1788 637 1829 occidere?
672 1789 734 1828 Ex
753 1802 854 1843 quo,
871 1797 913 1828 et
934 1787 1080 1828 multis
1101 1787 1208 1838 aliis,
1226 1774 1405 1843 intelligi
1425 1787 1568 1838 debet,
1583 1788 1699 1828 utili-

255 1854 393 1887 tatum
411 1845 748 1900 comparationes
767 1844 852 1885 fieri
869 1843 1019 1894 solere,
1034 1852 1230 1899 recteque
1246 1844 1328 1885 hoc
1345 1844 1593 1900 adjunctum
1610 1857 1700 1885 esse

191 1912 244 1952 90
257 1911 454 1958 quartum
475 1901 830 1958 exquirendorum
854 1901 1089 1942 officiorum
1115 1915 1264 1956 genus.
1324 1902 1408 1942 Sed
1431 1910 1522 1942 toto
1542 1900 1623 1941 hoc
1645 1900 1698 1940 de

253 1974 425 2014 genere,
446 1958 498 2000 de
520 1958 761 2014 quaerenda,
782 1957 833 1998 de
854 1957 1103 1998 collocanda
1125 1957 1316 2022 pecunia,
1335 1959 1462 1998 etiam
1495 1957 1547 1997 de
1577 1966 1700 1997 uten-

255 2017 322 2067 da,
349 2015 619 2057 commodius
651 2030 675 2056 a
704 2013 959 2070 quibusdam
992 2014 1163 2069 optimis
1192 2014 1301 2062 viris,
1327 2014 1378 2054 ad
1408 2013 1596 2055 medium
1624 2014 1698 2054 Ja-

255 2088 359 2113 num
397 2072 656 2121 sedentibus,
690 2086 818 2127 quam
852 2070 909 2111 ub
941 2071 1039 2112 ullis
1070 2070 1334 2126 philosophis
1366 2070 1452 2111 ulla
1482 2071 1524 2111 in
1554 2069 1701 2111 schola

256 2129 510 2184 disputatur.
571 2129 680 2169 Sunt
707 2138 849 2169 tamen
872 2142 921 2168 ea
941 2126 1252 2183 cognoscenda.
1284 2127 1493 2183 pertinent
1512 2127 1624 2167 enim
1646 2126 1700 2167 ad

254 2185 499 2236 utilitatem,
518 2185 569 2226 de
586 2200 670 2242 qua
686 2184 767 2226 hoc
785 2184 894 2226 libro
912 2184 1172 2241 disputatum
1196 2193 1273 2225 est.
1308 2184 1485 2241 Reliqua
1500 2184 1700 2239 deinceps

257 2257 573 2299 persequemur.

303 2363 341 2386 85
369 2356 454 2385 Male
473 2355 606 2396 pascere]
638 2356 736 2387 Multi
765 2357 841 2387 Mss.
866 2357 961 2386 etiam
1007 2357 1036 2386 id
1054 2356 1098 2386 nil
1115 2356 1217 2386 differt
1232 2365 1251 2385 a
1266 2355 1336 2385 satis
1352 2355 1418 2384 bene
1428 2361 1556 2394 pascere.
1594 2354 1618 2384 E
1634 2353 1705 2385 loco

261 2400 360 2430 Goth.
388 2400 506 2430 habent
531 2400 597 2429 bene
624 2400 744 2437 vestire,
775 2407 809 2430 ut
836 2407 865 2429 et
893 2400 962 2429 edd.
1006 2398 1197 2430 Columellae
1228 2399 1262 2428 L.
1287 2399 1342 2429 VI.
1374 2399 1459 2438 praef.
1492 2398 1615 2428 clarum
1645 2403 1704 2435 est,

261 2444 356 2473 Rom.
373 2444 454 2472 Ven.
477 2450 567 2477 1470.
586 2444 644 2474 &a
669 2444 754 2482 quod
778 2450 807 2472 et
830 2443 886 2473 viri
908 2443 963 2472 do-
1005 2453 1080 2472 eum
1100 2443 1131 2472 in
1147 2452 1206 2472 suo
1223 2441 1301 2472 libro
1317 2442 1466 2472 habuisse
1483 2440 1557 2470 male
1569 2448 1703 2480 pascere.-

260 2487 301 2515 cti
330 2486 461 2525 quidam
487 2486 660 2526 probarunt
678 2498 684 2515 ε
721 2486 773 2516 alii
799 2495 960 2516 correxere
1005 2487 1098 2525 idque
1114 2487 1152 2515 de
1169 2485 1288 2515 Catone
1304 2485 1409 2525 plures
1426 2493 1577 2515 narrasse.
1599 2484 1630 2514 id
1645 2484 1705 2523 igi-

260 2530 365 2564 vitia,
385 2536 420 2559 ut
443 2529 480 2559 de
503 2529 594 2559 cultu
616 2530 784 2559 vinearum
808 2529 960 2568 capiatur.
1003 2536 1053 2559 tur
1067 2529 1271 2560 servandum.

260 2573 406 2603 Pearcius
422 2572 561 2604 malebat
576 2583 628 2602 non
644 2571 719 2602 male
727 2579 860 2612 pascere.
900 2572 960 2602 Sed
