1844 3202
623 134 1040 176 CONSOLATIO.
1462 141 1536 181 993

117 245 316 300 sequitur.
333 260 428 301 quae
448 256 544 285 sane
563 259 614 285 eo
637 243 771 300 major
790 244 831 284 in
853 243 992 284 animo
1010 240 1173 291 exoriri,
1189 255 1237 281 ac
1259 242 1395 295 vigere
1416 243 1535 294 solet,

116 315 201 356 quo
232 302 356 342 latior
386 302 561 357 alicujus
591 302 629 341 in
662 300 840 342 colendo
871 299 1024 348 officio,
1057 298 1138 338 vita
1168 311 1220 338 ue
1253 296 1425 338 honeste
1456 299 1534 340 du-

112 357 244 398 cenda
266 358 444 399 manavit
472 357 687 398 industria.
710 366 820 398 certe
850 355 976 405 enirn,
995 369 1091 395 cum
1113 368 1136 393 a
1190 362 1300 394 recte
1322 355 1531 408 agendum

113 422 234 454 natus
257 414 386 455 homo
407 415 473 463 sit,
495 414 671 470 ideoque
692 413 856 463 mentis,
877 421 920 453 et
951 410 1122 452 rationis
1154 423 1339 457 munere,
1359 424 1442 464 prae
1464 427 1534 453 ce·

111 469 210 509 teris
231 470 510 511 animantibus
538 480 708 511 ornatus
737 480 861 525 atque
882 469 1122 517 instructus,
1143 465 1253 506 unde
1276 465 1415 520 potius
1442 467 1533 509 lau·

110 525 222 577 dem,
259 541 306 566 ac
347 526 620 582 voluptatem,
651 540 776 582 quam
806 526 858 566 ab
894 524 1078 565 honestis
1107 522 1356 571 actionibus,
1387 527 1530 576 petat?

109 580 198 631 An,-
214 582 326 623 unde
347 592 484 624 ortum
506 583 684 632 duxerit,
704 581 1000 622 obliviscatur?
1032 580 1101 621 ille
1129 593 1224 619 vero
1246 592 1319 619 nec
1342 579 1402 618 sui
1424 580 1531 621 obli-

110 645 283 687 tus-est,
302 639 373 694 qui
404 648 516 680 recte
547 639 658 690 vixit,
680 653 755 679 nec
786 638 929 693 iniquo
959 636 1100 677 animo
1130 635 1237 676 mori
1257 643 1409 690 potest,
1431 650 1528 677 cum

109 694 266 735 multos
301 696 507 751 relinquat
540 710 625 736 suae
661 704 803 744 testes,
838 706 1130 748 memoresque
1167 691 1338 732 virtutis.
1371 704 1529 746 quanto

106 758 247 791 autem
281 751 440 806 gaudio
469 752 674 792 exsultare
703 750 931 791 credendus
962 759 1024 790 est
1054 749 1220 789 illorum
1251 747 1429 797 animus,
1459 750 1528 804 qui

106 808 293 861 corporis
324 807 573 848 admistione
593 807 771 857 solutus,
792 807 834 848 in
863 806 1054 847 coelestes
1075 805 1206 859 ignes,
1237 803 1531 858 sempiternas—

105 874 186 919 que
217 862 380 915 domos,
401 864 511 904 unde
541 864 708 914 exierat,
729 863 923 904 revertit?
955 862 1145 917 profecto
1174 860 1283 901 enim
1314 875 1363 901 ex
1393 860 1530 902 divina

105 930 246 960 mente
263 920 469 961 delibatos
490 919 694 962 habemus
714 921 888 970 animos,
910 919 981 974 qui
1004 918 1081 959 hac
1102 917 1215 958 mole
1235 916 1397 967 inclusi,
1418 926 1526 958 tam-

104 990 231 1031 quam
258 985 377 1016 terrae
407 976 624 1032 gravitate,
644 977 701 1017 sic
727 977 804 1032 ipsi
827 976 956 1016 nimio
976 974 1158 1030 pondere
1178 973 1364 1028 corporis
1385 975 1525 1029 oppri-

102 1040 287 1073 muntur.
309 1033 381 1073 ubi
401 1042 542 1073 autem
560 1033 686 1075 soluti
703 1033 948 1088 corporibus
969 1031 1020 1071 ad
1042 1030 1229 1086 proprias
1251 1029 1368 1071 sedes
1389 1031 1527 1072 evola-

103 1098 260 1139 verunt,
288 1098 378 1129 tum
410 1103 503 1129 vere
532 1090 686 1140 vivunt,
716 1103 792 1130 nec
823 1087 997 1137 libidini,
1027 1086 1246 1141 voluptati,
1276 1085 1411 1128 dolori
1441 1102 1526 1128 ser-

102 1145 245 1187 viunt:
276 1145 348 1186 sed
369 1145 432 1186 sui
464 1156 698 1202 compotes,
717 1145 832 1186 nulla
861 1159 903 1185 re
922 1153 1148 1199 anguntur,
1171 1142 1271 1183 nihil
1294 1143 1527 1198 requirunt,

100 1202 295 1243 omnibus
325 1202 546 1258 imperant.
606 1204 734 1243 Recte
760 1201 889 1257 igitur
908 1200 1067 1241 dictum
1101 1207 1178 1247 est,
1198 1213 1349 1254 corpus
1372 1209 1525 1242 terram

99 1272 189 1299 esse
207 1274 217 1308 3
249 1268 433 1299 mentem
466 1269 622 1309 autem,
643 1259 786 1314 ignem
819 1256 871 1298 de
889 1256 999 1298 coelo
1019 1265 1219 1296 sumtum.
1241 1255 1284 1296 id
1305 1255 1417 1310 quod
1438 1257 1525 1297 cla-

99 1329 240 1355 rorum
271 1315 450 1356 virorum
482 1325 576 1356 acta
604 1330 702 1356 cum
731 1315 881 1355 virtute
910 1313 1005 1363 vita,
1025 1312 1320 1367 praeclaraeque
1339 1312 1525 1355 actiones

97 1370 219 1412 facile
251 1380 470 1412 testantur.
503 1387 588 1427 quo
621 1371 752 1413 modo
783 1370 894 1411 enim
927 1378 999 1410 aut
1030 1367 1171 1409 omnia
1202 1367 1396 1409 humanae
1429 1369 1523 1411 vitae

93 1427 321 1468 commoda
339 1435 640 1479 contemneret,
661 1437 733 1468 aut
749 1426 982 1481 voluptates
1004 1432 1174 1465 cunctas
1194 1438 1270 1478 pro
1292 1424 1423 1466 nihilo
1443 1425 1523 1467 du-

95 1493 223 1535 ceret,
253 1492 325 1524 aut
353 1484 477 1525 vitam
509 1485 640 1539 ipsam
671 1483 821 1533 laudis,
852 1481 1167 1535 honestatisque
1195 1481 1332 1535 gratia
1352 1483 1525 1536 profun-

94 1540 226 1590 deret,
248 1540 320 1596 qui
349 1540 452 1581 nihil
481 1540 711 1596 quidquam
735 1539 788 1580 ad
819 1553 876 1589 se,
897 1547 1046 1592 praeter
1076 1536 1167 1577 haec
1197 1537 1287 1591 ipsa
1315 1538 1521 1589 mortalia,

93 1611 189 1652 quae
220 1596 412 1638 manibus
432 1605 680 1646 contrectat,
701 1611 796 1652 quae
826 1594 924 1635 terit
953 1593 1146 1648 pedibus,
1167 1592 1372 1648 pertinere
1402 1595 1522 1650 cogi-

94 1654 241 1694 taret?
259 1666 401 1693 verum
436 1652 527 1694 haec
559 1667 641 1694 non
672 1652 731 1692 ita
761 1665 805 1692 se
836 1650 1004 1691 habent.
1034 1663 1188 1704 corpus
1220 1649 1332 1690 enim
1361 1664 1384 1690 e
1413 1659 1523 1692 terra

93 1717 354 1760 concretum,
375 1710 537 1750 tamdiu
562 1708 827 1750 terrestrium.
854 1721 991 1747 rerum
1017 1719 1160 1746 amore
1178 1704 1360 1756 ducitur,
1381 1707 1522 1762 quoad

92 1766 134 1807 in
174 1774 327 1806 terram
367 1766 514 1820 ipsam,
558 1765 672 1806 unde
711 1773 851 1805 ortum
899 1762 1030 1812 duxit,
1070 1770 1310 1803 revertatur.
1355 1764 1519 1806 animus

90 1835 202 1873 vero,
222 1822 293 1877 qui
323 1835 346 1862 e
375 1822 485 1863 coelo
516 1832 680 1863 sumtus
707 1829 784 1870 est,
806 1819 1109 1874 sempiternum
1134 1817 1351 1873 quiddam,
1370 1828 1411 1860 et
1431 1835 1518 1861 coe-

91 1878 194 1919 leste
214 1877 387 1933 appetit,
409 1892 484 1919 nec
511 1878 672 1927 iisdem,
694 1877 847 1932 quibus
867 1889 1035 1930 corpus,
1056 1874 1206 1915 finibus
1237 1875 1518 1930 cogitationes

91 1940 258 1976 coercet
281 1949 391 1975 suas,
412 1935 551 1989 itaque
570 1947 800 1989 numquam
820 1933 1049 1987 quiescere,
1070 1945 1145 1972 nec
1171 1945 1266 1972 vero
1287 1933 1416 1973 vivere
1439 1947 1518 1988 pu—

91 1990 242 2032 tandus
263 2000 342 2041 est,
362 1991 562 2046 quamdiu
585 2003 760 2045 corpore
780 1989 1018 2038 conclusus,
1037 1987 1188 2028 invitus
1207 1989 1516 2042 propemodum

91 2047 260 2088 mortali
291 2047 398 2097 labe,
421 2048 674 2102 terrenisque
704 2046 875 2086 vinculis
906 2045 1144 2085 cohibetur.
1203 2044 1354 2085 Arilla
1372 2047 1517 2101 quanti

90 2112 202 2153 sunt,
223 2103 476 2159 gravissimis
497 2104 589 2144 vitae
618 2102 830 2143 laboribus
850 2101 1031 2151 liberari,
1053 2101 1092 2141 in
1114 2099 1262 2146 mediis
1283 2100 1515 2153 doloribus,

88 2168 132 2201 et
161 2159 358 2200 aerumnis
387 2159 712 2209 obdormiscere,
743 2167 786 2198 et
815 2158 932 2214 quasi
963 2157 1138 2198 emissos
1168 2172 1191 2197 e
1221 2157 1517 2200 molestissima

89 2216 182 2257 vitae
203 2216 409 2266 custodia,
428 2216 468 2256 in
484 2215 849 2272 jucundissimam,
871 2214 1240 2268 suavissimamque
1255 2213 1428 2255 domum
1451 2229 1514 2256 re-

86 2272 292 2328 migrare?
327 2272 409 2313 huc
431 2273 540 2313 enim
572 2272 794 2327 pertinent,
812 2286 905 2326 quae
933 2270 984 2311 de
1013 2270 1178 2325 piorum
1207 2270 1361 2325 quiete,
1382 2270 1515 2327 deque

90 2328 303 2383 voluptate
322 2328 405 2379 illa,
422 2343 505 2383 qua
524 2329 680 2384 egressi
700 2342 724 2368 e
744 2328 826 2368 vita
842 2327 997 2381 perfrui
1028 2326 1240 2376 dicuntur,
1267 2326 1470 2382 disputari
1490 2343 1515 2369 a

90 2385 345 2440 sapientibus
364 2385 513 2426 solent.
536 2385 607 2440 qui
624 2399 718 2425 curn
736 2384 1033 2439 intelligerent,
1055 2397 1138 2423 non
1157 2383 1347 2433 fortuito,
1361 2394 1434 2425 aut
1454 2394 1515 2426 te-

85 2455 199 2482 mere
218 2450 343 2491 satos,
364 2452 407 2482 et
435 2451 597 2482 creatos
629 2441 820 2481 homines
839 2454 928 2480 esse
947 2456 956 2480 ε
988 2454 1065 2480 nec
1086 2439 1231 2480 eadem
1264 2440 1414 2480 mereri
1435 2440 1512 2482 bo·

85 2512 176 2549 nos,
207 2497 279 2553 qui
308 2497 451 2538 multis
480 2497 699 2539 exantlatis
728 2497 942 2537 laboribus
973 2496 1095 2536 vitam
1127 2496 1169 2536 in
1201 2495 1342 2536 medio
1367 2496 1513 2538 dolore

85 2554 334 2604 amisissent,
353 2562 396 2594 et
415 2553 645 2609 improbos,
662 2567 843 2609 quorum
865 2553 906 2593 in
927 2552 1136 2608 patrandis
1156 2552 1325 2607 flagitiis
1347 2567 1512 2608 semper

83 2619 149 2651 est
170 2610 349 2660 animus,
368 2610 656 2666 cogitatioque
685 2609 838 2651 defixa:
869 2609 1021 2650 iccirco
1048 2623 1131 2650 non
1153 2608 1331 2649 eundern
1354 2610 1511 2663 probis,

83 2674 126 2708 et
155 2666 357 2722 improbis
384 2666 476 2706 vitae
507 2667 746 2715 terminum,
767 2680 843 2706 nec
864 2665 1011 2707 eadem
1033 2664 1211 2706 mortuis
1232 2665 1405 2719 praemia
1426 2674 1511 2707 sta-

84 2731 269 2765 tuerunt.
328 2723 428 2765 Qua
460 2737 536 2763 nos
573 2722 858 2764 recordatione
893 2721 1160 2777 potissimum
1193 2720 1320 2770 refici,
1356 2735 1405 2762 ac
1445 2736 1511 2763 re-

83 2779 212 2820 creari
232 2778 367 2829 decet,
387 2780 459 2834 qui
492 2779 746 2820 carissimam
778 2778 920 2827 filiam,
942 2777 1188 2834 optimeque
1209 2777 1262 2818 de
1283 2777 1403 2818 nobis
1422 2792 1511 2819 me-

84 2835 207 2878 ritam
234 2835 293 2876 ita
320 2835 468 2880 vixisse
493 2835 662 2886 scimus,
684 2845 732 2877 ut
755 2834 808 2875 ad
836 2834 1023 2890 optimos
1045 2847 1199 2885 mores,
1219 2847 1513 2892 summamque

778 2904 896 2946 3⁵3
