1844 3202
274 132 373 166 1004
655 129 712 166 M.
748 130 961 167 TULLII
1002 130 1339 168 CICERONIS

269 236 436 291 ligionis
486 234 622 286 inerit,
661 245 775 278 certe
819 238 874 278 ob
923 237 1028 278 hanc
1077 237 1343 293 potissimum
1383 252 1552 280 causam
1593 252 1637 280 se
1676 254 1700 281 a

267 292 450 347 flagitiis,
482 307 530 333 ac
566 293 819 334 facinoribus
859 294 1142 345 abstinebunt,
1184 295 1298 350 quod
1342 294 1507 349 impios,
1539 310 1586 336 ac
1624 310 1696 336 ne-

268 350 393 390 farios
434 349 623 390 homines
663 365 687 390 a
720 350 894 390 deorum
931 350 1126 400 concilio,
1157 365 1204 391 ac
1245 351 1445 392 societate
1475 352 1603 392 arceri
1628 351 1700 407 ju-

268 405 483 446 dicabunt.
554 407 648 446 Nec
690 406 799 446 enim
842 406 1040 446 omnibus
1077 406 1200 446 iidem
1242 407 1301 447 illi
1342 408 1548 463 sapientes
1587 408 1698 448 arbi-

267 462 364 503 trati
405 471 501 503 sunt
539 461 719 502 eundem
760 476 929 502 cursum
971 462 1011 502 in
1047 463 1203 503 coelum
1244 473 1398 518 patere.
1439 479 1534 504 nam
1576 464 1699 514 vitiis,

264 528 307 559 et
341 518 563 559 sceleribus
600 518 924 567 contaminatos,
964 518 1142 573 deprimi
1177 519 1217 559 in
1252 520 1456 571 tenebras,
1494 530 1620 576 atque
1655 520 1696 561 in

265 590 383 616 caeno
411 576 554 630 jacere
589 574 836 615 docuerunt.
867 584 1005 615 castos
1036 585 1177 616 autem
1209 575 1384 626 animos,
1416 591 1556 631 puros,
1588 577 1695 617 inte-

264 646 379 687 gros,
402 631 681 685 incorruptos,
712 630 832 671 bonis
860 631 983 671 etiam
1012 631 1174 679 studiis,
1196 641 1323 696 atque
1349 633 1506 673 artibus
1536 633 1696 687 expoli-

266 698 346 738 tos,
367 687 450 727 leni
470 686 672 742 quodam,
693 701 740 727 ac
763 687 874 728 facili
897 688 1015 743 lapsu
1035 687 1088 728 ad
1117 687 1232 737 deos,
1254 688 1292 728 id
1321 699 1398 738 est,
1421 689 1473 729 ad
1505 700 1695 730 naturam

265 744 326 796 sui
350 743 543 793 similem,
566 743 792 798 pervolare.
813 744 927 799 quod
957 744 989 785 si
1019 745 1076 785 ita
1095 754 1173 795 est,
1194 753 1306 785 certe
1335 745 1471 795 nobis,
1491 755 1695 801 quantum

264 800 420 841 conniti
444 800 586 840 animo
616 814 855 855 possumus,
876 809 1079 856 quantum
1111 800 1331 856 diligentia
1358 803 1572 857 consequi,
1593 817 1695 843 con-

266 855 537 906 tendendum,
569 865 695 912 atque
727 856 1028 897 elaborandum
1063 866 1140 907 est,
1170 869 1218 898 ut
1248 872 1299 898 ne
1329 859 1381 898 ab
1412 858 1460 899 iis
1496 872 1696 914 segrege-

265 928 372 963 mur,
404 927 584 968 quorum
615 921 678 953 est
712 913 929 968 proprium
960 914 1041 954 vita
1071 913 1153 954 frui
1184 914 1451 969 sempiterna,
1482 929 1529 955 ac
1561 916 1696 956 beata.

264 968 377 1024 quod
419 968 582 1009 efficere
622 969 694 1024 qui
735 969 911 1010 voluerit
954 972 1115 1022 (omnes
1155 980 1295 1011 autem
1327 971 1429 1012 velle
1468 970 1698 1023 debebunt,

264 1025 336 1081 qui
371 1040 414 1066 se
449 1025 562 1080 ipsos
595 1025 787 1081 diligere,
820 1027 1195 1083 convenienterque
1228 1037 1386 1068 naturae
1421 1027 1560 1069 volent
1589 1028 1697 1069 vive-

264 1084 324 1134 re)
351 1097 580 1137 numquam
611 1083 865 1133 committet,
893 1093 954 1133 ut,
980 1099 1074 1138 quae
1105 1084 1253 1124 ceteris
1283 1084 1457 1125 exitiosa
1488 1084 1577 1125 fore
1607 1098 1697 1125 cre-

263 1138 431 1189 diderit,
470 1153 518 1179 ea
554 1139 641 1194 ipse
681 1148 969 1194 persequatur.
1007 1154 1142 1195 neque
1182 1140 1291 1181 enin]
1333 1141 1374 1180 in
1412 1155 1527 1196 spem
1561 1141 1698 1182 venire

263 1195 434 1250 poterit,
476 1204 547 1235 aut
589 1196 857 1250 ignoraturos
895 1210 984 1236 esse
1023 1196 1140 1245 deos,
1180 1212 1274 1251 quae
1317 1196 1404 1252 ipse
1444 1206 1556 1252 agat,
1596 1212 1695 1238 cum

262 1252 440 1292 divinam
464 1261 655 1293 naturam
678 1252 780 1292 nihil
803 1253 1014 1307 praeterire
1034 1253 1232 1293 credibile
1257 1254 1324 1302 sit,
1344 1263 1417 1294 aut
1443 1254 1513 1294 illa
1540 1255 1695 1309 proba-

263 1317 393 1358 turos,
415 1323 439 1348 a
457 1308 608 1363 quibus
631 1323 714 1349 non
737 1308 867 1350 modo
886 1309 958 1359 dii,
978 1309 1051 1350 sed
1073 1310 1201 1350 etiam
1223 1310 1311 1350 sani
1333 1310 1524 1351 homines
1545 1310 1700 1351 abhor-

263 1375 393 1405 reant.
434 1365 536 1419 quid
576 1365 687 1405 enim
725 1366 888 1419 turpius
924 1365 1124 1406 libidine?
1160 1366 1259 1422 quid
1294 1367 1454 1407 taetrius
1491 1367 1694 1408 avaritia?

262 1421 363 1476 quid
395 1421 683 1462 detestabilius
714 1421 995 1463 crudelitate?
1041 1438 1135 1478 quae
1167 1423 1353 1478 quamvis
1384 1424 1424 1463 in
1455 1423 1698 1464 hominibus

261 1477 488 1533 aliquando
506 1478 698 1528 existant,
720 1488 858 1519 tamen
880 1479 933 1519 ab
954 1478 1136 1520 hominis
1157 1489 1304 1520 natura
1325 1490 1410 1520 tam
1432 1480 1565 1520 aliena
1585 1489 1697 1531 sunt,

262 1549 389 1590 quam
421 1534 652 1575 humanum
683 1535 783 1575 illud
815 1535 908 1585 erit,
931 1536 964 1576 si
995 1536 1136 1576 omnia
1167 1537 1286 1576 nobis
1317 1537 1440 1587 bona,
1471 1537 1698 1591 omniaque

260 1590 488 1632 commoda
516 1600 775 1646 expetamus.
804 1599 928 1646 atque
954 1592 994 1632 in
1027 1592 1107 1632 hoc
1138 1592 1466 1647 comprimendae
1497 1602 1593 1633 sunt
1622 1607 1697 1633 cu-

260 1647 470 1702 piditates,
492 1648 644 1703 quibus
667 1648 870 1688 trahimur
895 1662 1081 1703 persaepe
1103 1648 1155 1688 ad
1182 1663 1244 1698 ea,
1267 1664 1359 1704 quae
1382 1649 1521 1690 virtuti
1551 1649 1695 1689 adver-

260 1713 415 1744 santur.
447 1704 561 1760 quod
602 1704 801 1745 facillime
839 1705 1039 1759 perficiet,
1070 1705 1143 1760 qui
1174 1714 1259 1745 tam
1293 1705 1467 1760 gloriosi
1499 1705 1694 1753 facinoris

259 1760 418 1801 exitum
442 1775 583 1801 secum
610 1761 698 1816 ipse
719 1760 883 1801 assidue
904 1761 1125 1816 cogitabit.
1156 1770 1354 1817 tantaque
1382 1771 1444 1803 est
1475 1761 1601 1817 hujus
1622 1776 1695 1803 co-

258 1816 474 1872 gitationis
509 1817 704 1867 suavitas,
733 1826 801 1867 ut,
831 1818 945 1872 quod
981 1818 1173 1867 libenter,
1207 1818 1479 1874 alacriterque
1515 1818 1697 1873 agimus,

258 1873 383 1913 etiam
406 1874 494 1914 sine
516 1874 657 1914 labore
683 1888 948 1929 peragamus.
979 1874 1104 1930 idque
1136 1875 1177 1914 in
1209 1875 1516 1929 praestantibus,
1539 1874 1696 1915 laudis-

258 1943 341 1985 que
379 1930 674 1985 appetentibus
714 1931 956 1971 hominibus
988 1930 1108 1971 facile
1138 1931 1333 1971 cernitur.
1366 1946 1545 1986 quorum
1578 1940 1695 1972 tanta

259 2000 347 2027 esse
378 1986 483 2027 solet
505 1987 566 2027 vel
588 1987 628 2027 in
660 1987 863 2028 obeundis
894 1988 1066 2042 proeliis,
1086 1988 1149 2029 vel
1180 1988 1220 2028 in
1251 1988 1427 2042 agendis
1458 1988 1608 2038 causis,
1630 1988 1694 2029 vel

256 2042 298 2083 in
332 2044 673 2084 contentionibus
707 2058 783 2099 pro
817 2044 1033 2099 republica
1063 2044 1335 2098 suscipiendis
1367 2044 1573 2094 alacritas,
1602 2053 1694 2086 tan-

258 2108 382 2154 taque
403 2100 545 2150 virtus,
567 2108 627 2148 ut,
657 2100 774 2156 quod
804 2101 846 2140 in
877 2101 1079 2154 iisyebus
1111 2100 1300 2156 periculi,
1329 2110 1402 2142 aut
1431 2101 1585 2142 laboris
1617 2110 1694 2152 est,

257 2164 330 2196 aut
368 2171 453 2196 non
493 2156 689 2208 sentiant,
727 2167 800 2198 aut
838 2171 914 2212 pro
956 2157 1087 2198 nihilo
1125 2157 1294 2198 ducant.
1335 2172 1539 2213 magnum
1579 2157 1691 2198 enim

257 2221 321 2253 est
355 2212 661 2263 contendentis,
703 2223 746 2254 et
782 2213 834 2254 ad
872 2213 1052 2270 gloriam
1094 2214 1326 2254 anhelantis
1362 2215 1490 2255 animi
1526 2214 1691 2255 fomen-

256 2278 364 2318 tum,
406 2283 611 2324 magnum
647 2270 858 2320 solatium,
899 2285 993 2326 spes
1027 2271 1195 2320 futurae,
1236 2285 1283 2311 ac
1323 2271 1570 2326 propinquae
1610 2271 1692 2311 sive

255 2325 464 2375 utilitatis,
512 2326 595 2366 sive
644 2326 807 2381 gloriae.
858 2342 992 2382 neque
1040 2327 1081 2368 id
1124 2327 1263 2368 solum
1310 2328 1351 2367 in
1396 2328 1575 2382 magnis,
1618 2326 1690 2368 sed

255 2381 382 2422 etiam
422 2382 462 2422 in
495 2382 718 2423 levioribus
754 2383 984 2434 laboribus,
1021 2399 1068 2424 ac
1107 2383 1272 2424 studiis.
1304 2398 1410 2439 quos
1448 2383 1559 2424 enim
1595 2397 1690 2424 cur-

255 2452 340 2488 sus,
375 2452 481 2493 quos
518 2439 682 2479 venatio
719 2439 914 2490 delectat,
948 2454 1020 2481 eos
1055 2440 1243 2496 quamvis
1280 2439 1331 2480 de
1362 2439 1425 2479 via
1460 2441 1607 2490 fessos,
1641 2454 1689 2487 ac

255 2508 374 2549 paene
414 2495 626 2535 exanimes
668 2495 821 2546 videas,
870 2511 1098 2550 numquam
1148 2507 1287 2537 tamen
1333 2496 1471 2537 minus
1519 2496 1690 2546 alacres,

245 2550 478 2606 minusque
517 2552 751 2592 concitatos
789 2553 1106 2593 animadvertas.
1164 2554 1275 2602 Jam,
1317 2552 1526 2593 honorum
1568 2553 1688 2607 cupi-

253 2606 375 2658 ditas,
396 2607 497 2663 quid
525 2608 669 2650 nonin
698 2619 839 2649 nostra
859 2609 1023 2649 civitate
1051 2609 1218 2659 laboris,
1240 2609 1341 2664 quid
1371 2624 1453 2649 non
1485 2609 1689 2649 sollicitu-

253 2663 376 2713 dinis,
400 2664 646 2719 negotiique
672 2665 871 2706 facessit?
906 2674 1061 2720 quotus
1083 2674 1222 2706 tamen
1249 2665 1427 2721 quisque
1448 2674 1524 2715 est,
1545 2666 1615 2721 qui
1644 2680 1688 2706 se

252 2720 315 2760 vel
356 2720 500 2761 labore
540 2721 832 2777 defatigatum,
866 2723 926 2762 vel
964 2722 1241 2777 prensationis
1270 2723 1475 2771 molestia,
1503 2736 1687 2777 curaque

252 2777 492 2817 confectum
516 2777 666 2818 audeat
697 2778 863 2819 dicere?
898 2779 970 2830 sic,
991 2793 1168 2834 quorum
1193 2778 1339 2819 oculos
1359 2779 1521 2819 virtutis
1546 2778 1685 2833 splen-

254 2832 330 2872 dor
360 2835 594 2888 occupavit,
624 2835 855 2890 gloriaeque
887 2835 1072 2876 studium
1109 2836 1270 2876 animos
1312 2835 1518 2886 delenivit,
1549 2835 1578 2875 ii
1609 2849 1685 2876 nec
