1844 3202
617 99 1017 149 FRAGMENTA,
1454 107 1533 151 923

169 209 295 261 Idem,
321 209 489 264 Glisco.)
531 207 603 250 Ad
626 207 856 264 juvenilem
878 206 1111 256 libidinem,
1131 206 1254 263 copia
1272 207 1535 266 voluptatum

113 264 255 321 gliscit
276 266 359 315 illa,
379 275 427 307 ut
447 263 554 321 ignis
575 264 684 305 oleo.

169 322 295 373 Idem,
316 320 670 375 ½›·ecundantur.)
704 320 765 362 Hi
782 319 914 362 nostri
929 318 1054 360 amici
1068 317 1410 373 verecundantur,
1424 319 1538 378 capti

112 378 334 433 splendore
355 377 528 418 virtutis.

168 434 226 475 D.
245 435 374 475 Auo.
402 433 499 474 Vita
519 432 666 486 beata.)
707 433 864 484 Oratae,
896 431 1057 473 homini
1085 430 1308 483 ditissimo,
1340 432 1540 473 amoenis-⁴

112 489 235 538 simo,
256 489 569 541 delicatissimo,
593 504 728 545 neque
759 489 811 530 ad
841 488 1097 544 voluptatem
1128 487 1359 544 quidquam
1389 488 1540 540 defuit,

115 560 251 601 neque
283 545 335 586 ad
365 546 559 600 gratiam,
593 560 727 603 neque
754 545 807 586 ad
838 546 993 586 bonam
1024 545 1317 600 integramque
1342 544 1540 585 valitudi-

115 616 225 642 nem.
262 602 375 642 Nam
397 611 440 643 et
460 602 625 658 praediis
645 601 1029 658 quaestuosissimis,
1049 601 1194 641 amicis
1207 600 1540 656 jucundissimis,

115 666 320 712 quantum
347 657 485 708 libuit,
505 667 548 699 et
575 658 813 708 abundavit,
835 666 877 698 et
906 657 987 699 illis
1018 657 1213 698 omnibus
1244 656 1458 712 aptissime
1485 656 1544 698 ad

114 713 290 754 salutem
313 715 501 769 corporis
523 730 622 756 usus
641 725 705 755 est
724 731 732 756 :
764 714 939 770 ejusque
964 717 1027 766 (ut
1052 713 1229 754 breviter
1253 721 1391 754 totum
1410 712 1544 768 expli·

113 771 223 821 cern)
248 784 372 810 omne
392 771 644 821 institutum,
661 770 1002 826 voluntatemque
1022 783 1190 810 omnem
1213 769 1422 810 successio
1442 783 1541 825 pro-

115 839 235 881 spera
252 837 477 868 consecuta
497 837 573 868 est.

171 883 216 922 N
221 896 303 923 oN.
318 882 518 935 Balneoe.)
555 883 715 924 Primus
730 881 945 923 balneolas
963 880 1192 936 suspendit,
1207 880 1376 923 inclusit
1392 881 1542 937 pisces,

173 938 335 980 Pmsc.
359 938 428 981 lib.
451 946 527 991 10.)
563 942 587 966 *
608 948 651 980 ct
670 939 912 980 amoenitate
934 952 1100 978 summa
1120 938 1355 992 perfructus
1371 946 1452 978 est.

173 994 305 1036 NON.
331 995 504 1047 Ostrea.)
539 998 563 1022 ἦ
584 995 894 1050 sollertiamque
914 1009 1023 1045 eam,
1044 1009 1137 1050 quae
1157 1003 1300 1049 posset
1320 994 1382 1035 vel
1411 994 1454 1035 in
1478 1003 1542 1035 te-

116 1051 228 1106 gulis
249 1052 532 1106 proseminare
553 1061 724 1093 ostreas.
1535 1050 1539 1053 ’

175 1106 301 1158 Idem,
325 1109 543 1160 Summus.)
587 1108 703 1149 Vixit
723 1107 775 1148 ad
800 1121 1011 1150 summam
1039 1115 1297 1149 senectutem
1320 1105 1543 1147 valitudine

118 1173 292 1218 optima.
1163 1175 1169 1178 ·

175 1219 300 1271 Idem,
322 1219 532 1270 Invitare.)
567 1219 819 1275 Voluptates
839 1228 981 1262 autem
1003 1219 1114 1260 nulla
1135 1218 1188 1260 ad
1207 1233 1272 1259 res
1295 1219 1546 1260 necessarias

118 1274 388 1317 invitamenta
407 1277 584 1318 afferunt
605 1277 786 1317 senibus.

176 1332 234 1373 D.
264 1332 393 1373 Ano.
424 1331 493 1374 lib.
514 1342 553 1374 4.
585 1340 724 1374 contra
755 1331 985 1389 Pelagium.
1027 1333 1159 1373 NON.
1199 1331 1427 1386 Corficere.)
1475 1332 1545 1372 An

119 1402 216 1429 vero
239 1387 471 1444 voluptates
502 1390 688 1444 corporis
719 1389 976 1444 expetendae,
999 1403 1092 1444 quae
1123 1403 1214 1428 vere
1246 1397 1288 1428 et
1318 1389 1498 1443 graviter
1525 1384 1550 1428 a

123 1444 296 1486 Platone
332 1445 456 1486 dictae
493 1455 589 1486 sunt
621 1446 844 1495 illecebrae,
875 1453 1002 1501 atque
1032 1459 1139 1485 escae
1174 1444 1415 1485 malorum?
1453 1459 1549 1500 quae

121 1501 234 1542 enim
267 1502 478 1542 confectio
513 1511 577 1543 est
611 1501 861 1552 valitudinis,
897 1516 992 1557 quae
1024 1500 1277 1541 deformatio
1308 1500 1477 1551 coloris,
1505 1507 1550 1541 et

120 1557 323 1613 corporiS,
343 1558 458 1614 quod
477 1565 600 1613 turpe
618 1557 835 1609 damnum,
854 1556 970 1614 quod
998 1556 1194 1607 dedecus,
1214 1557 1330 1612 quod
1349 1571 1434 1597 non
1451 1570 1549 1597 evo-

83 1625 88 1630 “
121 1623 255 1664 cetur,
275 1616 401 1671 atque
421 1614 611 1655 eliciatur
629 1614 842 1679 voluptate
859 1615 872 1654 ?
902 1613 1024 1669 cujus
1052 1621 1193 1654 motus
1221 1622 1270 1654 ut
1290 1613 1466 1669 quisque
1487 1620 1553 1659 est,

121 1670 343 1721 maximus,
364 1671 422 1711 ita
441 1679 504 1712 est
522 1671 834 1712 inimicissnnus
858 1669 1152 1725 philosophiae.
1183 1683 1416 1724 congruere
1436 1668 1551 1711 enim

122 1740 221 1773 cum
249 1727 508 1782 cogitatione
541 1741 696 1782 magna
724 1727 913 1783 voluptas
943 1725 1131 1781 corporis
1161 1740 1243 1766 non
1272 1734 1427 1781 potest.
1457 1725 1552 1781 quis

124 1782 237 1825 enim
262 1797 360 1824 cum
391 1792 533 1824 utatur
552 1783 764 1838 voluptate
792 1798 856 1834 ea,
876 1797 959 1838 qua
986 1781 1099 1823 nulla
1127 1783 1260 1838 possit
1286 1781 1422 1838 major
1446 1796 1552 1835 esse,

123 1839 338 1885 attendere
373 1839 576 1890 animum,
610 1839 713 1880 inire
744 1840 964 1890 rationem,
999 1838 1187 1893 cogitare
1220 1838 1394 1880 omnino
1427 1838 1552 1894 quid-

125 1897 254 1952 quam
286 1897 455 1951 potest?
488 1896 581 1951 quis
610 1905 752 1937 autem
778 1904 917 1936 tantus
939 1903 1003 1935 est
1020 1908 1192 1950 gurges,
1214 1895 1288 1951 qui
1304 1894 1390 1935 dies
1413 1903 1456 1935 et
1474 1909 1552 1935 no-

124 1960 213 1995 ctes
244 1951 331 1992 sine
359 1952 445 1993 ulla
472 1952 635 1992 minimi
655 1952 856 2007 temporis
878 1951 1182 1992 intermissione
1203 1951 1300 1992 velit
1319 1950 1377 1991 ita
1395 1950 1555 1992 moveri

125 2021 225 2056 suos
247 2022 405 2059 sensus,
427 2016 473 2049 ut
492 2017 719 2050 -moventur
745 2009 788 2049 in
819 2007 993 2049 summis
1020 2007 1333 2062 voluptatibus?
1363 2007 1456 2064 quis
1476 2021 1552 2047 au-

126 2071 214 2109 tem
238 2064 351 2105 bona
381 2072 521 2106 mente
548 2064 748 2120 praeditus
769 2079 852 2106 non
873 2064 1019 2105 mallet
1043 2064 1178 2104 nullas
1197 2063 1369 2105 omnino
1388 2063 1508 2104 nobis
1530 2076 1555 2103 a

125 2129 275 2165 natura
292 2120 524 2176 voluptates
543 2121 685 2162 datas?
907 2128 910 2130 ’

184 2177 243 2218 Ι).
273 2176 403 2218 Auo.
432 2185 571 2219 contra
597 2177 743 2234 Pelag.
772 2175 842 2218 lib.
859 2186 897 2219 5.
920 2187 1007 2232 cap.
1027 2176 1082 2228 5.)
1124 2178 1150 2204 ⁵5⁵
1167 2184 1268 2217 tunc
1298 2175 1556 2231 obsequatur

129 2242 304 2283 naturae,
322 2248 421 2274 cum
443 2234 530 2274 sine
549 2234 754 2289 magistro
778 2233 967 2283 senserit,
987 2232 1088 2288 quid
1110 2240 1258 2273 natura
1276 2231 1498 2273 desideret.

185 2289 318 2331 NON.
343 2289 422 2331 Ubi
438 2290 645 2346 genitivus
659 2299 732 2344 pro
753 2289 962 2341 ablativo.)
994 2290 1051 2330 Et
1069 2289 1141 2345 qui
1157 2297 1383 2343 exspectat,
1399 2287 1556 2344 pendet

129 2345 274 2396 animi,
294 2347 392 2401 quia
411 2361 590 2402 semper,
608 2346 709 2402 quid
729 2347 918 2387 futurum
941 2346 1010 2396 sit,
1028 2345 1234 2386 incertum
1254 2354 1332 2386 est.

187 2401 319 2443 NON.
338 2393 478 2444 Noxia
498 2418 522 2444 α
541 2404 678 2455 noxa.)
720 2404 776 2444 Et
802 2402 950 2443 ceteris
979 2401 1151 2457 quidem
1175 2401 1218 2442 in
1237 2401 1378 2452 rebuS,
1399 2400 1442 2442 in
1463 2399 1556 2457 qui-

129 2456 210 2500 bus
231 2466 401 2511 peccata
421 2473 503 2500 non
522 2459 706 2501 maxima
724 2459 879 2509 insunt,
899 2458 1041 2499 noxias
1061 2466 1202 2499 tamen
1220 2457 1417 2498 inferunt.

188 2514 234 2554 N
238 2527 321 2556 οΝ.
342 2514 584 2570 Equuleus.)
627 2516 689 2557 Ut
720 2515 851 2570 igitur
881 2514 1110 2557 domitores
1136 2528 1342 2569 equorum
1364 2528 1448 2554 non
1466 2526 1558 2554 ver-

131 2570 234 2619 bera
253 2568 402 2612 'solum
432 2571 634 2613 adhibent
660 2571 712 2612 ad
742 2571 1018 2621 domandum,
1039 2570 1113 2612 sed
1138 2570 1280 2612 cibum
1308 2569 1434 2610 etiam
1459 2569 1557 2610 sub2-

131 2625 320 2690 trahunt,
358 2628 407 2667 ut
446 2627 558 2668 fame
595 2628 838 2670 debilitetur
883 2627 1161 2684 equuleorum
1202 2625 1325 2667 nimis
1361 2625 1560 2666 effrenata

131 2696 205 2726 Vis·

191 2739 323 2781 NON.
344 2739 555 2838 Lenltum.)
594 2740 682 2796 Qui
712 2755 812 2787 cum
841 2739 1033 2799 publicas
1059 2738 1231 2796 injurias
1249 2738 1362 2782 lente
1384 2736 1561 2789 tulisset,

135 2809 256 2838 suam
275 2810 359 2838 non
378 2805 425 2838 tu
444 2805 489 2837 1t.
