1844 3202
633 147 1026 188 FRAGMENTA,
1460 151 1535 195 918

171 255 300 298 Nou.
327 256 598 312 Comparare.)
624 255 913 311 Quamobrem
942 268 985 295 se
1013 261 1230 308 comparet
1257 252 1325 297 bic
1350 254 1448 295 civis
1480 254 1539 296 ita

115 325 283 354 necesse
307 323 383 365 est,
405 322 452 355 ut
478 312 531 353 sit
557 321 703 353 contra
730 311 837 362 haec,
859 325 953 368 quae
984 310 1158 351 civitatis
1188 318 1343 350 statum
1374 325 1537 365 perver-

115 376 224 417 tunt,
247 383 411 424 semper
431 377 627 409 armatus.

169 425 299 465 NON.
338 424 520 477 Seditio.)
565 425 709 480 anue
746 422 945 466 dissensio
985 421 1153 471 civium,
1193 419 1309 477 quod
1347 435 1535 464 seorsum

113 488 215 520 eunt
235 480 304 521 alii
324 481 377 521 ad
399 481 515 531 alios,
536 480 686 521 seditio
708 480 873 521 dicitur.

170 535 300 577 Nox.
322 536 370 577 de
390 537 515 578 doctr.
537 537 636 588 ind.)
662 538 716 577 Et
735 551 832 577 vero
852 536 893 576 in
915 534 1171 576 dissensione
1192 532 1316 583 civili,
1335 547 1433 573 eum
1459 531 1537 573 bo-

112 589 154 630 ni
175 591 282 645 plus,
302 607 428 648 quam
455 593 577 634 multi
598 593 749 643 valent,
771 591 1064 648 expendendos
1088 590 1140 630 ab
1171 588 1250 640 his,
1271 604 1355 631 non
1385 603 1535 630 nume-

110 646 263 688 randos
283 657 401 703 puto.

169 703 240 744 GE
251 718 290 745 L.
312 704 380 746 lib.
400 709 437 747 6.
461 721 493 746 c.
520 710 577 747 16.
599 715 641 746 et
667 705 799 747 Nox.
822 703 1074 759 Deprecari.)
1107 702 1235 758 Quod
1260 701 1452 757 equidem
1483 715 1534 742 eo

112 758 192 799 fuit
211 761 360 817 majus,
380 763 478 818 quia
495 776 592 802 cum
615 763 656 802 in
678 776 803 802 causa
822 761 911 815 pari
931 761 1106 814 collegae
1126 767 1279 808 essent,
1299 772 1382 798 nou
1405 758 1535 798 modo

110 815 260 856 invidia
289 818 376 871 pari
408 833 490 859 non
521 827 650 868 erant,
678 817 751 858 sed
781 818 905 857 etiam
937 816 1105 857 Claudii
1132 815 1329 859 invidiam
1351 813 1534 855 Gracchi

110 872 259 913 caritas
282 873 594 928 deprecabatur.

166 928 298 970 NON.
323 931 543 983 Mactare.)
571 933 725 972 Ferunt
746 929 823 970 hos
842 927 1052 979 laudibus,
1075 935 1259 968 mactant
1287 926 1534 969 honoribus.

165 983 222 1024 D.
243 987 371 1027 Aue„
397 986 465 1027 lib.
486 998 523 1027 5.
547 1003 579 1028 c.
609 996 664 1027 13.
692 986 830 1038 Civit.)
855 984 1044 1026 Alendus
1062 984 1131 1024 hic
1152 993 1215 1024 est
1234 983 1384 1038 gloria.

169 1040 298 1082 NON.
328 1043 551 1095 Dmuhito.)
584 1046 609 1070 ἤϊ’
632 1043 671 1083 in
701 1043 779 1093 his,
809 1050 856 1083 ut
886 1041 1147 1090 meministis,
1174 1054 1384 1081 concursu
1413 1039 1535 1081 levis·

108 1095 226 1137 simae
248 1099 527 1140 multitudinis
548 1114 628 1140 aere
657 1109 862 1154 congesto
895 1098 1023 1138 funus
1049 1096 1242 1137 desubito
1273 1105 1384 1137 esset
1411 1111 1535 1138 orna·

108 1161 216 1193 tum.

164 1210 294 1250 Nox.
316 1211 384 1251 uhi
401 1212 606 1269 genitivus
622 1223 694 1268 pro
715 1210 992 1263 nominativo.)
1026 1218 1064 1250 4.
1083 1209 1146 1250 Ut
1174 1208 1534 1264 quemadmodum

107 1265 251 1306 scribit
278 1267 360 1317 ille,
383 1269 628 1324 quotidiano
657 1269 696 1308 in
725 1269 862 1309 forum
891 1267 1005 1308 mille
1032 1266 1253 1306 hominum
1275 1280 1371 1306 cum
1397 1265 1534 1321 palliis

106 1323 333 1379 conchylio
355 1325 493 1366 tinctis
514 1324 825 1366 descenderent.

169 1379 336 1420 MAcn.
369 1380 437 1422 lilr.
465 1391 497 1422 1.
528 1382 679 1434 ΙΞοηιη.)
722 1380 805 1422 Sed
842 1393 1099 1436 quamquam
1135 1378 1392 1433 sapientibus
1429 1392 1534 1419 con·

107 1434 279 1476 scientia
293 1436 383 1491 ipsa
404 1438 613 1479 factorum
631 1437 903 1493 egregiorum
924 1435 1231 1490 amplissimum
1247 1434 1406 1475 virtutis
1427 1450 1535 1490 prae-

106 1490 239 1532 mium
267 1503 345 1543 est,
371 1502 511 1534 tamen
538 1495 610 1535 illa
638 1493 775 1535 divina
793 1493 936 1540 virtus,
964 1506 1047 1532 non
1080 1499 1236 1531 statuas
1267 1491 1445 1545 plumbo
1469 1491 1534 1531 in-

106 1546 324 1598 haerentes,
346 1563 422 1590 nec
448 1550 685 1605 triumphos
713 1548 998 1590 arescentibus
1028 1547 1194 1596 laureis,
1217 1547 1290 1587 sed
1321 1547 1537 1588 stabiliora

106 1603 300 1657 quaedam
341 1617 383 1646 et
418 1606 610 1647 viridiora
644 1606 915 1662 praemiorum
953 1617 1108 1658 genera
1148 1603 1368 1643 desiderat.
1424 1605 1534 1660 Quas

106 1659 274 1700 tandem
298 1661 376 1702 ista
397 1665 521 1703 sunt?
556 1663 692 1718 inquit
713 1661 884 1702 Laelius.
941 1660 1054 1700 Tum
1075 1659 1232 1714 Scipio,
1251 1659 1444 1700 Patimini
1465 1674 1534 1701 me

110 1715 278 1771 [inquit]
304 1719 503 1773 quoniam
524 1720 694 1759 tertium
715 1718 826 1758 diem
847 1715 983 1757 feriati
1002 1730 1164 1756 sumus.

506 1922 1086 1998 ,SOMNIUM

445 2055 1179 2129 SCIPIONIS.

682 2213 934 2234 ψ

542 2300 734 2343 semo
765 2299 1093 2356 Loomrun.

107 2363 264 2436 CUM
285 2393 328 2434 in
346 2393 538 2434 Africam
558 2392 777 2442 venissem,
804 2391 885 2431 M?
917 2389 1099 2431 Manilio
1127 2389 1290 2446 consuli
1319 2389 1372 2431 ad
1403 2406 1529 2447 quar·
1548 2413 1563 2444 ι

103 2462 191 2492 tam
221 2450 429 2504 legionem
460 2450 654 2490 tribunus
685 2450 748 2501 (ut
777 2446 906 2499 scitis)
941 2447 1153 2497 militum;
1184 2446 1290 2488 nihil
1318 2447 1424 2488 mihi
1451 2462 1531 2502 po-

103 2507 186 2548 tius
216 2506 310 2556 fuit,
340 2520 465 2560 quam
495 2515 543 2547 ut
575 2504 844 2546 Masinissam
876 2502 1156 2557 convenirem,
1184 2517 1330 2558 regem
1361 2504 1532 2545 familiae

105 2572 259 2604 nostrae
286 2561 414 2618 justis
444 2562 496 2603 de
524 2561 659 2603 causis
697 2560 1013 2604 amicissimum.
1070 2559 1143 2600 Ad
1181 2574 1307 2615 quem
1346 2570 1395 2600 ut
1425 2561 1532 2611 veni,

105 2619 351 2674 complexus
371 2632 441 2658 me
461 2632 585 2659 senex
604 2616 915 2666 collacrimavit,
935 2617 1234 2672 aliquantoque
1263 2625 1359 2670 post
1384 2630 1531 2671 suspe-

103 2675 164 2716 xit
189 2675 231 2715 in
258 2674 417 2715 coelum
437 2691 447 2715 z
479 2683 535 2725 et,
567 2675 732 2722 Grates,
751 2672 901 2730 inquit,
922 2673 1001 2713 tibi
1025 2687 1121 2729 ago,
1153 2686 1317 2712 summe
1349 2671 1437 2721 Sol,
1459 2687 1531 2713 vo-

103 2732 254 2787 bisque
280 2729 431 2785 reliqui
450 2730 624 2781 coelites,
647 2729 776 2786 quod,
807 2736 903 2770 ante
933 2743 1061 2784 quam
1094 2743 1144 2768 ex
1169 2728 1246 2767 hac
1267 2727 1350 2768 vita
1378 2728 1533 2783 migro,

106 2788 320 2843 conspicio
339 2787 383 2827 in
408 2800 506 2827 meo
528 2800 674 2850 regno,
695 2795 738 2826 et
768 2785 831 2825 his
859 2786 981 2825 tectis
1014 2786 1059 2826 P.
1092 2783 1340 2824 Cornelium
1367 2784 1532 2839 Scipio-

105 2857 217 2894 nem,
238 2844 461 2901 cujus-ego
482 2857 649 2885 nomme
669 2842 762 2898 ipso
794 2854 988 2882 recreor:
1013 2841 1077 2883 'ita
1107 2853 1340 2897 numquam
1369 2853 1420 2883 ex
1444 2841 1533 2886 ani-

845 2909 970 2952 3N3
