1844 3202
297 89 373 127 633
823 87 901 126 DE
938 83 1195 127 LEGIBUS

298 194 547 237 familiarem
577 203 714 246 tuum,
743 211 841 238 cum
871 197 1122 252 proconsule
1152 210 1203 237 ex
1232 203 1412 251 praetura
1441 194 1481 236 in
1513 193 1723 236 Graeciam

298 250 490 302 venisset,
528 252 710 294 Athenis
758 253 1047 309 philosophos,
1087 253 1160 308 qui
1198 261 1287 293 tum
1328 259 1458 301 erant,
1507 251 1550 292 in
1582 251 1724 306 locum

298 322 430 348 unum
460 323 724 360 convocasse,
755 310 938 365 ipsisque
969 323 1226 364 magnopere
1255 318 1469 349 auctorem
1500 307 1643 358 fuisse,
1677 316 1726 348 ut

297 364 523 420 aliquando
548 367 922 406 controversiarum
944 365 1123 421 aliquem
1148 365 1330 405 facerent
1348 363 1539 405 modum.
1559 362 1672 419 quod
1691 362 1726 403 si

299 430 437 462 essent
470 436 522 462 eo
557 422 713 473 animo,
747 431 794 463 ut
824 420 984 463 nollent
1023 430 1188 462 aetatem
1225 421 1267 460 in
1300 420 1442 461 litibus
1478 429 1693 461 conterere
1712 434 1726 469 ς

298 491 422 532 posse
442 493 527 518 rem
561 478 779 519 convenire
799 495 807 518 :
840 487 882 518 et
911 478 1036 518 simul
1063 491 1234 531 operam
1255 491 1372 517 suam
1394 476 1474 517 illis
1493 490 1582 516 esse
1601 473 1726 531 polli-

298 534 446 584 citum,
475 534 508 574 si
542 544 683 589 posset
714 535 819 575 inter
853 549 926 574 eos
958 533 1115 589 aliquid
1146 532 1378 573 convenire.
1437 533 1503 572 M.
1528 532 1727 573 Joculare

299 590 407 631 istuc
439 590 622 645 quidem,
655 591 872 645 Pomponi,
903 599 946 631 et
975 605 1000 630 a
1028 589 1172 630 multis
1202 603 1312 643 saepe
1332 588 1528 629 derisum.
1551 587 1625 628 sed
1644 602 1728 644 ego

301 646 423 700 plane
452 646 601 687 vellem
637 661 704 686 me
739 647 941 688 arbitrum
977 646 1084 687 iuter
1117 645 1329 700 antiquam
1363 644 1654 694 Academiam,
1685 652 1730 685 et

171 709 200 739 P·
220 704 519 744 10⁷·Zenonem
549 703 710 744 datum.
770 704 862 743 Att.
884 704 983 758 Quo
1011 701 1179 743 tandem
1202 701 1308 742 istuc
1334 700 1463 741 modo
1483 702 1496 740 ?
1530 701 1597 741 M.
1616 701 1729 757 Quia

260 753 288 773 ³·
302 759 355 799 de
371 774 414 800 re
436 774 518 800 una
533 759 670 800 solum
684 759 900 809 dissident,
918 759 968 799 de
984 758 1131 799 ceteris
1152 758 1324 799 mirifice
1340 766 1595 812 congruunt.
1633 758 1728 798 Att.

238 821 287 853 54
300 816 385 856 Ain
406 815 573 856 tandem
593 817 606 856 ἒ
640 830 723 856 una
743 815 794 856 de
822 830 865 856 re
893 825 957 856 est
982 815 1120 856 solum
1152 814 1352 856 dissensio
1371 815 1383 854 ?
1418 814 1468 854 M
1475 843 1484 853 .
1504 814 1613 869 Quae
1635 813 1729 869 qui-

300 871 396 912 dem
438 872 491 912 ad
527 887 614 912 rem
654 872 870 926 pertineat,
907 887 1019 912 una:
1051 871 1206 927 quippe
1240 885 1338 911 cum
1371 870 1531 925 antiqui
1569 883 1732 921 omnes,

299 928 415 984 quod
446 928 677 969 secundum
710 937 898 968 naturam
930 937 1053 977 esset,
1084 942 1168 983 quo
1191 927 1434 983 juvaremur
1462 927 1504 966 in
1534 926 1630 977 vita,
1651 926 1732 967 bo-

300 1000 401 1025 num
427 999 517 1025 esse
545 984 827 1039 decreverint:
860 984 943 1033 hic,
974 984 1051 1024 nisi
1078 984 1193 1039 quod
1221 983 1445 1024 honestum
1473 991 1595 1033 esset,
1627 982 1733 1026 nihil

300 1041 459 1095 putarit
496 1041 671 1081 bonum.
729 1039 821 1080 Att.
855 1041 1101 1094 Perparvam
1130 1054 1227 1080 vero
1257 1039 1582 1079 controversiam
1611 1038 1732 1090 dicis,

302 1111 350 1137 ac
372 1111 456 1137 non
477 1111 585 1146 eam,
606 1111 699 1151 quae
722 1095 892 1137 dirimat
922 1095 1075 1136 omnia.
1134 1096 1201 1136 M.
1224 1102 1264 1130 74
1279 1095 1412 1135 Probe
1445 1094 1616 1149 quidem
1640 1108 1733 1136 sen-

221 1160 285 1207 21
304 1154 371 1204 tis,
393 1153 426 1194 si
455 1167 512 1204 re,
532 1167 578 1193 ac
610 1167 693 1192 non
722 1152 856 1193 verbis
878 1151 1094 1193 dissident.
1152 1152 1246 1193 Att.
1266 1152 1380 1206 Ergo
1411 1151 1621 1192 assentiris
1640 1152 1734 1195 An-.

304 1210 449 1251 tiocho
471 1209 663 1250 familiari
686 1223 781 1249 meo
807 1209 1028 1264 (magistro
1049 1208 1160 1249 enim
1182 1222 1264 1249 non
1294 1207 1430 1248 audeo
1450 1207 1603 1259 dicere)
1624 1222 1733 1264 quo-.

303 1281 400 1307 cum
423 1266 516 1317 vixi,
535 1275 577 1306 et
597 1265 670 1321 qui
699 1273 737 1302 7⁵
753 1280 821 1306 me
842 1280 891 1305 ex
918 1265 1068 1305 nostris
1095 1279 1214 1320 paene
1233 1263 1427 1306 convellit
1447 1263 1640 1313 hortulis,
1661 1264 1736 1305 de-

303 1322 506 1378 duxitque
537 1322 580 1362 in
610 1321 887 1362 Academiam
919 1321 1184 1377 perpauculis
1219 1320 1434 1377 passibus:
1466 1321 1531 1360 Μ.
1553 1320 1629 1361 Vir
1657 1320 1737 1362 iste

302 1380 382 1420 fuit
411 1379 482 1420 ille
512 1378 683 1434 quidem
714 1378 895 1434 prudens
926 1387 969 1418 et
997 1386 1161 1428 acutus,
1182 1386 1225 1418 et
1253 1378 1295 1418 in
1325 1390 1402 1417 suo
1423 1390 1578 1431 genere
1599 1377 1736 1432 perfe-

305 1446 412 1486 ctus,
433 1435 636 1491 mihique,
657 1443 706 1476 ut
734 1435 829 1485 scis,
850 1434 1064 1476 familiaris
1083 1451 1091 1475 :
1123 1434 1192 1475 cui
1214 1444 1351 1475 tamen
1370 1446 1453 1488 ego
1473 1432 1673 1474 assentiar
1693 1433 1738 1474 in

304 1493 516 1541 omnibus,
539 1506 684 1542 necne,
703 1507 803 1532 mox
823 1491 962 1532 videro
983 1507 992 1531 :
1024 1490 1106 1531 hoc
1127 1490 1238 1541 dico,
1258 1489 1583 1531 controversiam
1601 1497 1737 1532 totam

241 1560 289 1590 55
304 1549 427 1590 istam
463 1563 585 1604 posse
625 1548 773 1589 sedari.
832 1548 926 1588 Att.
960 1554 997 1583 76
1013 1548 1098 1603 Qui
1138 1547 1246 1587 istuc
1284 1545 1455 1588 tandem
1493 1545 1636 1586 vides?
1669 1547 1738 1588 Μ.

305 1606 420 1648 Quia
449 1606 497 1654 si,
527 1613 575 1646 ut
606 1604 741 1645 Chius
769 1604 914 1645 Aristo
944 1603 1062 1654 dixit,
1092 1603 1230 1644 solum
1261 1603 1420 1644 bonum
1451 1616 1541 1643 esse
1566 1602 1738 1653 diceret,

305 1661 422 1718 quod
454 1661 679 1702 honestum
715 1669 839 1711 esset,
870 1660 1130 1715 malumque,
1162 1659 1276 1715 quod
1310 1669 1446 1714 turpe,
1481 1660 1639 1699 ceteras
1671 1672 1737 1700 res

304 1733 452 1759 omnes
473 1718 595 1774 plane
615 1731 750 1773 pares,
772 1732 820 1758 ac
843 1731 894 1757 ne
916 1716 1138 1757 minimum
1160 1715 1344 1772 quidem,
1364 1723 1507 1756 utrum
1527 1714 1738 1766 adessent,

305 1790 358 1816 an
388 1776 594 1824 abessent,
615 1775 842 1816 interesse:
871 1772 989 1814 valde
1017 1787 1041 1813 a
1069 1773 1322 1822 Xenocrate,
1342 1779 1386 1813 et
1417 1771 1662 1822 Aristotele,
1695 1779 1740 1812 et

307 1832 360 1872 ab
389 1831 460 1872 illa
490 1831 672 1872 Platonis
699 1830 857 1871 familia
889 1829 1157 1884 discreparet,
1180 1838 1370 1884 essetque
1397 1827 1506 1869 inter
1526 1841 1599 1869 eos
1619 1827 1673 1869 de
1693 1841 1738 1868 re

306 1888 502 1937 maxima,
532 1896 574 1928 et
604 1887 656 1927 de
687 1887 803 1927 omni
831 1886 992 1927 vivendi
1023 1886 1181 1926 ratione
1210 1885 1426 1926 dissensio.
1484 1885 1612 1925 Nunc
1642 1898 1740 1925 vero

307 1958 404 1985 cum
429 1945 572 1994 decus,
594 1943 708 1999 quod
729 1943 887 1998 antiqui
907 1957 1119 1983 summum
1153 1943 1310 1983 bonum
1331 1955 1422 1982 esse
1442 1939 1649 1990 dixerunt,
1671 1940 1740 1981 hie

307 2001 444 2042 solum
468 2001 627 2041 bonum
649 2000 789 2041 dicat:
819 1999 922 2040 item
945 1998 1141 2049 dedecus,
1163 1998 1278 2053 quod
1311 1998 1372 2039 illi
1403 2010 1616 2037 summum
1648 2011 1738 2038 ma-

308 2057 412 2107 lum,
435 2057 502 2097 hic
531 2056 699 2097 solum:
731 2055 909 2105 divitias,
941 2054 1227 2105 valitudinem,
1260 2052 1600 2109 pulcritudinem,
1620 2066 1741 2094 com-

309 2113 457 2154 modas
488 2127 552 2153 res
582 2112 779 2167 appellet,
811 2127 895 2152 non
934 2111 1091 2152 bonas:
1131 2119 1435 2166 paupertatem,
1464 2109 1745 2159 debilitatem,

310 2169 516 2220 dolorem,
555 2168 863 2218 incommodas,
893 2183 978 2208 non
1008 2167 1167 2208 malas:
1198 2167 1324 2207 sentit
1353 2167 1480 2217 idem,
1511 2165 1627 2222 quod
1655 2167 1747 2207 Xe-.

310 2235 518 2277 nocrates,
555 2225 671 2282 quod
708 2224 990 2266 Aristoteles:
1019 2223 1208 2279 loquitur
1243 2223 1326 2264 alio
1364 2222 1508 2263 modo.
1565 2224 1628 2263 Ex
1663 2222 1743 2263 hac

311 2292 453 2325 autem
482 2297 568 2323 non
588 2296 744 2333 rerum,
765 2281 837 2322 sed
857 2282 1079 2322 verborum
1102 2279 1327 2330 discordia,
1345 2278 1628 2320 controversia
1646 2288 1747 2320 nata

269 2345 301 2377 b·
313 2348 377 2381 est
409 2339 461 2380 de
499 2338 679 2380 finibus:
710 2339 753 2379 in
788 2353 871 2394 qua
902 2337 1101 2394 quoniam
1134 2337 1435 2392 usucapionem
1473 2348 1549 2376 xu
1587 2335 1749 2380 tabulae,

313 2404 350 2434 77
369 2395 476 2437 intra
504 2395 690 2451 quinque
719 2394 845 2451 pedes
872 2409 962 2435 esse
988 2393 1227 2443 noluerunt,
1255 2392 1420 2449 depasci
1442 2400 1622 2434 veterem
1641 2406 1742 2448 pos-

312 2511 404 2549 gatis‚
414 2510 501 2548 quod
517 2519 533 2538 e
547 2509 625 2539 Mss.
637 2516 668 2538 et
683 2509 753 2539 edd.
768 2515 843 2540 vett.
854 2509 1007 2539 revocavi.
1095 2513 1133 2542 75
1157 2518 1200 2536 me
1216 2518 1252 2536 ex
1266 2506 1367 2536 nostris
1383 2504 1520 2535 convellit
1534 2503 1654 2535 hortan
1669 2505 1743 2547 &c.]

310 2554 420 2593 putavi
437 2552 515 2582 olim
532 2564 574 2581 me
589 2553 741 2582 excidisse
763 2559 832 2591 post
855 2563 914 2580 meo
936 2559 1008 2581 ante
1052 2551 1098 2581 Ex
1116 2550 1268 2590 Epicureo
1283 2550 1517 2580 Academicum
1533 2549 1616 2579 fecit.

314 2595 443 2631 memini,
459 2597 513 2634 qui
531 2602 576 2625 est
598 2595 685 2625 velut
701 2594 862 2634 legitimus
877 2594 946 2632 ejus
963 2594 1008 2624 lo·
1096 2598 1134 2628 76
1160 2593 1220 2624 Qus
1240 2593 1312 2622 istuc
1338 2599 1360 2622 t.
1386 2590 1436 2631 v.]
1460 2592 1512 2622 Sic
1532 2592 1611 2621 bene
1635 2600 1652 2620 e
1679 2591 1744 2622 Ms.

313 2648 370 2669 cus
387 2639 419 2668 in
437 2639 497 2670 hac
512 2639 627 2677 phrasi.
1051 2636 1208 2666 Davisius.
1253 2636 1357 2674 Vulgo
1372 2642 1418 2666 est
1437 2634 1526 2664 Quin.

357 2688 397 2716 74
422 2681 458 2711 P.
476 2693 503 2722 q.
519 2681 618 2717 sentis,
635 2677 893 2718 si—dissiderent]
911 2680 1008 2709 Tem·
1096 2685 1133 2714 77
1160 2679 1238 2708 intra
1253 2690 1282 2719 q.
1296 2678 1378 2717 pede's
1395 2689 1450 2707 esse
1465 2675 1631 2717 noluerunt]
1649 2675 1745 2715 Vulg.

314 2734 388 2762 pora
413 2734 478 2754 non
506 2724 722 2755 consentiunt.
767 2723 846 2753 Puto
870 2730 925 2753 aut
947 2734 1009 2751 sen·
1053 2720 1324 2750 inter-voluerunt
1339 2722 1425 2760 quod
1444 2726 1489 2750 est
1504 2719 1608 2749 nihili.
1649 2719 1747 2749 Secu-

315 2768 381 2796 lires
392 2766 577 2805 legendum,
589 2774 643 2796 aut
655 2765 801 2796 dissident.
816 2767 877 2796 hoc
891 2766 1009 2796 habent
1052 2771 1102 2794 tus
1118 2774 1191 2794 sum
1215 2764 1392 2794 victorium
1414 2769 1445 2794 et
1466 2763 1646 2793 Davisium.
1669 2771 1747 2792 nam

307 2810 383 2845 find.
400 2810 479 2842 Ven.
499 2817 590 2843 1494.
605 2809 737 2840 Mediol.
754 2810 826 2839 Asc.
841 2819 886 2849 pr.
1053 2817 1089 2837 ea
1104 2807 1197 2837 lectio
1212 2807 1368 2838 consentit
1384 2807 1437 2837 rei.
1463 2806 1558 2844 Leges
1573 2805 1648 2836 ΧΠ.
1660 2805 1746 2835 tabb.
