1844 3202
663 138 740 175 DE
779 135 1084 176 AMICITIA.
1509 144 1580 177 841

150 259 250 288 ,eam
281 247 405 288 vitam
437 246 542 287 ferre
571 253 728 300 posset,
757 244 908 300 cuique
939 258 1022 285 non
1043 245 1228 285 auferret
1254 244 1436 286 fructum
1466 246 1585 287 volu—

153 312 324 358 ptatum
345 303 532 344 omnium
554 300 738 342 solitudo
755 302 767 341 ?
799 301 959 343 Verum
980 314 1082 354 ergo
1104 299 1208 340 illud
1229 307 1306 349 est,
1329 302 1442 354 quod
1461 317 1485 342 a
1503 303 1586 343 Ta-

155 360 321 401 rentino
340 359 545 414 Archyta,
563 367 613 398 ut
640 357 804 412 opinor,
825 357 908 398 dici
938 356 1123 406 solitum,
1145 364 1308 396 nostros
1331 370 1448 397 senes
1469 373 1586 399 com-

156 430 390 456 memorare
411 414 563 463 audivi,
583 414 636 454 ab
658 413 747 454 aliis
770 413 935 454 senibus
954 412 1167 454 auditum:
1189 412 1233 452 Si
1254 411 1346 467 quis
1366 412 1406 452 in
1430 414 1584 455 coelum

155 470 421 519 ascendisset,
452 479 730 526 naturamque
764 470 926 520 mundi,
956 477 998 510 et
1038 468 1361 524 pulcritudinem
1403 468 1584 510 siderum

153 528 447 582 perspexisset,
467 527 679 568 insuavem
713 527 825 568 illam
847 526 1168 567 admirationem
1198 524 1235 565 ei
1258 525 1372 574 fore3
1405 539 1498 580 quae
1513 525 1586 580 ju-

153 583 410 624 cundissima
440 583 599 634 fuisset,
631 583 664 624 si
694 583 877 640 aliquem
908 582 976 623 cui
1006 590 1202 632 narraret,
1229 581 1459 622 habuisset.
1519 582 1586 622 Sic

152 648 304 689 'natura
338 640 571 681 solitarium
605 639 707 680 nihil
741 649 867 689 amat,
901 653 1150 694 semperque
1185 638 1239 678 ad
1273 637 1445 693 aliquod
1478 647 1585 679 tam-

154 709 281 792 quam
315 696 618 738 adminiculum
651 697 879 737 annititur:
912 695 1026 751 quod
1059 695 1100 735 in
1128 694 1383 735 amicissimo
1418 709 1586 750 quoque

153 796 156 807 v
185 752 444 794 ulcissimum
466 762 542 794 est.
596 753 680 794 Sed
699 767 794 794 cum
817 761 883 793 tot
901 752 1030 807 signis
1049 751 1196 792 eadem
1218 759 1365 791 natura
1388 749 1585 802 declaret,
1601 749 1670 796 24·

156 808 259 864 quid
280 810 392 859 velit,
414 810 619 865 anquirat,
649 823 696 850 ac
728 808 933 850 desideret
952 824 961 848 ι
990 808 1330 849 obsurdescimus
1352 815 1493 848 tamen
1515 822 1587 848 ne-

156 864 243 906 scio
273 866 517 921 quomod03
549 880 626 906 nee
655 880 717 916 ea,
743 880 837 920 quae
863 865 915 905 ab
946 879 994 905 ea
1021 879 1258 915 monemur,
1283 863 1493 905 audimus.
1525 873 1589 905 est

155 921 265 962 enim
288 922 421 963 varius
441 932 483 963 et
510 921 732 977 multiplex
754 936 853 963 usus
874 921 1084 972 amicitiae,
1107 921 1336 976 multaeque
1357 935 1495 961 causae
1517 935 1587 962 su-

156 978 407 1074 spicionum,
438 979 802 1034 offensionumque
832 979 1010 1020 dantur:
1042 992 1145 1034 quas
1176 986 1267 1018 tum
1297 976 1461 1028 evitare,
1496 986 1585 1018 tum

156 1048 179 1075 e
198 1049 331 1085 evare,
353 1045 445 1076 tum
466 1036 587 1086 ferre,
608 1035 805 1091 sapientis
825 1044 902 1076 est.

212 1091 312 1132 Una
339 1091 410 1133 illa
438 1091 692 1133 sublevanda
712 1092 888 1132 offensio
908 1099 986 1139 est,
1006 1099 1055 1132 ut
1073 1098 1115 1131 et
1135 1089 1294 1130 utilitas
1321 1089 1363 1129 in
1389 1089 1586 1139 amicitia,

154 1156 196 1188 et
228 1147 329 1189 fides
358 1148 598 1190 retineatur.
629 1163 725 1188 nam
756 1158 799 1189 et
827 1146 1026 1188 monendi
1045 1146 1166 1187 amici
1187 1159 1298 1200 saepe
1317 1155 1428 1196 sunt,
1450 1155 1491 1187 et
1511 1147 1588 1187 ob-

149 1203 376 1259 jurgandi:
406 1214 450 1245 et
490 1205 581 1245 haec
620 1204 863 1259 accipienda
901 1204 1050 1253 amice,
1090 1217 1188 1243 cum
1227 1202 1428 1243 benevole
1469 1203 1586 1244 fiunt.

153 1260 238 1301 Sed
268 1261 409 1302 nescio
440 1261 659 1316 quomodo
689 1274 831 1303 verum
860 1270 939 1311 est,
963 1259 1080 1316 quod
1109 1259 1151 1300 in
1179 1258 1344 1299 Andria
1373 1258 1587 1300 familiaris
1600 1263 1651 1306 89

154 1331 274 1358 meus
294 1317 395 1358 dicit
413 1320 431 1360 ε’

263 1407 463 1460 Obsequium
481 1409 617 1453 amicos,
633 1408 761 1446 veritas
777 1406 886 1444 odium
899 1407 1007 1458 parit.
1596 1415 1625 1445 p.
1643 1411 1717 1435 112.

1597 1460 1614 1480 a

154 1481 343 1523 Molesta
369 1482 534 1530 veritas,
559 1482 592 1522 si
620 1481 794 1538 quidem
822 1495 873 1521 ex
898 1495 947 1521 ea
973 1478 1158 1521 nascitur
1184 1478 1356 1530 odium3
1388 1478 1504 1535 quod
1523 1488 1585 1520 est
1618 1473 1627 1483 “

140 1552 355 1585 >>venenum
389 1538 611 1580 amicitiae:
641 1538 714 1579 sed
750 1537 1000 1592 obsequium
1035 1536 1171 1577 multo
1203 1535 1436 1587 molestius,
1472 1535 1587 1591 quod

151 1595 335 1650 peccatis
365 1595 605 1651 indulgens,
635 1594 893 1650 praecipitem
926 1593 1110 1634 amicum
1141 1592 1239 1633 ferri
1267 1592 1379 1634 sinit.
1404 1592 1588 1633 maxima

152 1660 293 1693 autern
316 1652 439 1708 culpa
459 1651 502 1693 in
520 1666 572 1692 eo
592 1662 670 1701 est,
691 1651 762 1706 qui
783 1658 824 1692 et
844 1650 1058 1690 veritatem
1077 1658 1335 1704 aspernatur,
1354 1658 1398 1689 et
1417 1649 1458 1689 in
1474 1649 1590 1690 frau-

152 1707 250 1748 dem
282 1708 488 1764 obsequio
517 1708 763 1763 impellitur.
821 1706 951 1748 Omni
980 1706 1111 1761 igitur
1141 1705 1220 1746 hac
1248 1706 1289 1746 in
1320 1720 1364 1746 re
1394 1705 1589 1746 habenda

152 1764 261 1814 ratio
289 1774 332 1805 et
359 1764 580 1820 diligentia
607 1774 699 1805 est:
729 1763 929 1819 primum,
957 1771 1005 1803 ut
1033 1761 1213 1803 monitio
1242 1761 1484 1812 acerbitate,
1513 1762 1586 1802 de-

152 1819 250 1861 inde
270 1820 514 1876 objurgatio
533 1820 792 1862 contumelia
810 1827 948 1860 careat
966 1836 976 1859 :
1007 1819 1049 1859 in
1070 1818 1274 1874 obsequio
1295 1829 1436 1859 autem
1463 1821 1587 1874 (quo-

155 1877 265 1918 niam
297 1877 550 1918 Terentiano
575 1877 701 1918 verbo
731 1877 926 1918 lubenter
954 1876 1128 1926 utimur)
1154 1875 1330 1916 comitas
1353 1874 1488 1916 adsit:
1520 1890 1588 1916 as-

151 1934 348 1984 sentatio,
386 1934 582 1975 vitiorum
621 1933 819 1990 adjutrix,
858 1932 1007 1988 procul
1047 1942 1317 1973 amoveatur:
1369 1946 1464 1987 quae
1503 1946 1587 1972 non

150 1989 284 2032 modo
315 1991 468 2042 amico,
497 1991 571 2037 sed
603 2005 654 2032 ne
686 1991 819 2032 libero
852 1988 1024 2044 quidem
1056 1988 1185 2044 digna
1218 1999 1295 2028 est.
1323 1987 1443 2028 aliter
1473 1987 1584 2028 enim

151 2060 250 2089 cum
270 2055 465 2103 tyranno,
493 2046 612 2088 aliter
635 2061 734 2089 cum
762 2046 900 2088 amico
928 2045 1088 2086 vivitur.
1150 2044 1286 2100 Cujus
1306 2054 1445 2085 autem
1466 2058 1587 2085 aures
1599 2055 1652 2096 90

150 2102 314 2145 veritati
343 2103 497 2145 clausae
526 2111 637 2155 sunt,
657 2112 704 2145 ut
725 2103 777 2144 ab
799 2103 936 2143 amico
958 2116 1101 2143 verum
1123 2100 1269 2142 audire
1289 2110 1485 2156 nequeat,
1506 2100 1586 2141 hu-

146 2158 218 2217 jus
246 2159 357 2201 salus
390 2159 649 2216 desperanda
675 2169 752 2202 est.
782 2160 936 2201 scitum
963 2167 1028 2199 est
1052 2157 1163 2198 enim
1196 2157 1302 2198 illud
1329 2157 1520 2206 Catonis,
1540 2167 1589 2197 ut

152 2215 314 2267 multa;
337 2215 498 2258 Melius
518 2217 572 2257 de
592 2216 845 2273 quibusdam
866 2215 1042 2257 acerbos
1062 2213 1255 2255 inimicos
1274 2214 1440 2265 mereri,
1460 2228 1587 2269 quam

151 2286 225 2314 eos
245 2273 420 2323 amicos,
441 2273 514 2329 qui
543 2272 687 2315 dulces
719 2273 962 2314 videantur:
993 2270 1089 2311 illos
1118 2284 1261 2312 verum
1293 2285 1405 2325 saepe
1435 2270 1588 2321 dicere,

152 2327 234 2370 hos
253 2344 499 2386 numquam.
557 2330 702 2385 Atque
722 2329 828 2370 illud
849 2327 1079 2369 absurdum
1101 2335 1180 2378 est,
1202 2326 1318 2382 quod
1338 2326 1381 2376 ii,
1402 2327 1474 2383 qui
1492 2341 1587 2368 mo-

153 2394 320 2435 nentur,
349 2400 444 2427 eam
472 2386 726 2436 molestiam,
747 2400 874 2441 quam
905 2385 1063 2425 debent
1092 2398 1254 2438 capere,
1277 2398 1360 2424 non
1387 2383 1589 2439 capiunt:

153 2456 248 2483 eam
278 2443 464 2498 capiunt,
492 2457 577 2498 qua
606 2442 763 2484 debent
792 2456 951 2483 vacare.
981 2454 1176 2496 peccasse
1206 2441 1319 2481 enim
1345 2454 1389 2481 se
1408 2454 1492 2480 non
1513 2453 1589 2480 an-

152 2508 326 2554 guntur,
362 2498 576 2554 objurgari
607 2499 786 2540 moleste
821 2499 988 2539 ferunt:
1019 2497 1135 2552 quod
1165 2503 1312 2538 eontra
1348 2495 1588 2551 oportebat,

150 2555 311 2597 delicto
341 2554 498 2605 dolere,
528 2556 789 2597 correctione
817 2554 1018 2610 gaudere.
1077 2555 1142 2595 Ut
1170 2553 1301 2609 igitur
1328 2562 1371 2593 et
1400 2557 1669 2607 monere,⁶25

154 2621 198 2654 et
214 2611 392 2661 moneri,
414 2613 629 2667 proprium
650 2622 714 2654 est
734 2626 839 2653 verae
859 2610 1052 2652 amicitiae
1070 2627 1079 2650 :
1110 2620 1155 2651 et
1174 2610 1350 2651 alterum
1374 2609 1503 2649 libere
1524 2609 1585 2648 fa·
1599 2633 1645 2674 91

153 2683 263 2720 cere,
284 2682 368 2709 non
388 2681 558 2723 aspere3
589 2669 769 2710 alterum
790 2668 996 2723 patienter
1016 2666 1220 2722 accipere,
1242 2680 1326 2706 non
1348 2678 1590 2719 repugnan-

154 2733 245 2766 ter:
275 2725 334 2766 sic
361 2723 600 2764 habendum
627 2735 705 2776 est,
733 2725 892 2766 nullam
923 2723 965 2764 in
987 2723 1181 2764 amicitiis
1202 2730 1364 2776 pestem
1385 2734 1476 2761 esse
1496 2735 1587 2760 ma-

148 2782 303 2837 jorem,
324 2795 451 2838 quam
473 2780 774 2832 adulationem,
794 2779 1058 2829 blanditiam,
1078 2778 1418 2820 assentationem.
1438 2791 1588 2831 quam-

156 2838 213 2878 vis
232 2837 343 2879 enim
369 2836 514 2879 multis
546 2837 787 2881 nominibus
805 2846 869 2879 est
890 2836 973 2878 hoc
993 2836 1138 2878 vitium
1160 2833 1409 2884 notandum,
1430 2832 1589 2874 levium
