1844 3202
616 116 791 153 Linea
829 113 1070 151 PRIMUS.
1477 120 1557 164 709

133 226 218 277 illa,
238 240 331 282 quae
353 223 450 266 dixi.
508 222 749 263 Miserrima
781 229 846 262 est
871 221 1044 262 omnino
1063 220 1239 261 ambitio
1259 220 1554 278 honorumque
1566 224 1614 265 87

131 283 371 324 contentio:
402 280 453 321 de
473 293 557 336 qua
583 278 779 334 praeclare
799 277 910 332 apud
931 277 1112 318 eundem
1133 286 1198 317 est
1218 275 1457 320 Platonem:
1488 281 1554 321 Si-

132 339 286 380 militer
304 339 438 379 faeere
457 349 543 385 eos,
561 335 633 391 qui
653 335 759 375 inter
777 349 819 375 se
839 333 1154 382 contenderent,
1170 341 1264 374 uter
1282 333 1423 387 potius
1443 350 1552 376 rein·
1565 346 1595 375 P·
1613 340 1661 364 1⁸·

130 395 341 450 publicam
372 391 693 440 administraret,
722 399 769 432 ut
797 391 831 430 si
863 401 999 431 nautae
1028 398 1247 439 certarent,
1277 389 1369 445 quis
1407 389 1595 433 eoruma'

131 451 396 506 potissimum
427 448 694 504 gubernaret.
756 446 959 502 Idemque
994 456 1052 480 100
1068 447 1271 502 praecipit,
1301 455 1349 487 ut
1378 460 1451 488 eos
1481 448 1555 488 ad-

132 506 328 547 versarios
356 505 658 554 existimemus,
680 503 751 559 qui
783 518 899 544 arma
918 513 1064 545 contra
1082 504 1240 553 ferant;
1272 517 1356 542 non
1376 517 1464 554 eos,
1486 506 1558 560 qui

131 577 208 604 suo
236 562 401 618 judicio
441 562 546 602 tueri
579 560 881 615 rempublicam
915 560 1064 601 velint:
1096 559 1229 615 qualis
1261 559 1342 600 fuit
1372 560 1478 601 inter
1518 562 1558 602 P.

131 618 377 659 Africanum
399 628 440 659 et
461 620 516 659 O.
538 617 763 658 Metellum
784 617 871 656 sine
891 617 1115 657 acerbitate
1137 615 1352 657 dissensio.

188 676 281 716 Nec
303 689 397 715 vero
417 661 627 724 auTiiendi,
649 673 720 729 qui
741 673 922 728 graviter
942 672 1204 714 irascendum
1233 672 1412 713 inimicis
1435 682 1556 728 puta-
1571 678 1619 709 88

131 731 251 783 bunt,
272 731 397 787 idque
425 731 697 786 magnanimi,
718 740 761 770 et
787 729 907 770 fortis
929 730 999 770 viri
1026 743 1117 770 esse
1137 729 1380 770 censebunt.
1440 730 1561 772 Nihil

131 788 240 828 enim
262 787 526 837 laudabilius,
548 787 648 827 nihil
677 799 833 840 magno
855 795 896 826 et
928 786 1129 841 praeclaro
1158 786 1243 826 viro
1273 785 1442 841 dignius
1470 788 1560 842 pla-

130 843 343 885 cabilitate
378 854 504 898 atque
539 842 773 884 clementia.
834 843 880 882 In
917 842 1057 883 liberis
1092 856 1189 883 vero
1224 843 1405 898 populis,
1442 854 1484 884 et
1519 844 1561 885 in

126 901 235 956 juris
266 900 550 956 aequabilitate
579 898 824 949 exercenda,
853 900 979 939 etiam
1009 908 1074 940 est
1103 898 1295 949 facilitas,
1315 908 1356 940 et
1381 899 1560 941 altitudo

131 957 273 1007 animi,
295 972 387 1012 quae
417 957 594 998 dicitur:
624 971 691 1005 ne,
722 956 755 996 si
785 956 1012 996 irascamur
1032 965 1105 996 aut
1130 956 1419 1010 intempestive
1440 971 1561 998 acce-

132 1013 343 1064 dentibus,
368 1023 440 1054 aut
467 1013 733 1069 impudenter
760 1013 1025 1066 rogantibus,
1048 1013 1088 1053 in
1118 1012 1407 1054 morositatem
1433 1014 1561 1054 inuti-

132 1069 215 1110 lem
237 1080 279 1110 et
301 1070 489 1111 odiosam
510 1069 756 1110 incidamus.
816 1070 870 1109 Et
890 1078 1028 1109 tamen
1050 1070 1108 1109 ita
1129 1068 1343 1124 probanda
1363 1079 1426 1110 est
1445 1085 1565 1111 man-

134 1126 316 1167 suetudo
350 1137 475 1181 atque
516 1126 751 1175 clementia,
781 1135 829 1166 ut
858 1125 1121 1174 adhibeatur,
1151 1125 1392 1179 reipublicae
1423 1141 1562 1177 causa,

133 1183 340 1230 severitas,
371 1183 459 1222 sine
491 1198 572 1237 qua
601 1182 880 1222 administrari
909 1181 1051 1222 civitas
1081 1196 1164 1221 non
1198 1191 1353 1236 potest.
1415 1183 1564 1223 Omnis

133 1247 274 1279 autem
295 1248 337 1278 et
355 1239 656 1279 animadversio
675 1247 717 1278 et
736 1237 958 1293 castigatio
979 1238 1234 1279 contumelia
1252 1252 1396 1279 vacare
1415 1239 1561 1280 debet:

133 1309 269 1349 neque
309 1295 362 1336 ad
396 1295 502 1351 ejus,
537 1295 609 1350 qui
649 1294 820 1349 punitur
857 1294 1058 1350 aliquem,
1093 1304 1165 1335 aut
1201 1294 1334 1335 verbis
1368 1297 1562 1351 castigat,

134 1351 207 1392 sed
238 1352 292 1392 ad
325 1351 567 1407 reipublicae
595 1351 820 1392 utilitatem
853 1351 1008 1391 referri.
1069 1351 1315 1392 Cavendum
1335 1362 1398 1393 est
1419 1353 1560 1403 etiam,
1575 1361 1626 1402 89

134 1422 185 1448 ne
214 1407 349 1464 major
378 1423 516 1464 poena,
539 1423 662 1464 quam
697 1407 822 1462 culpa
840 1407 916 1449 sit:
949 1417 992 1448 et
1013 1421 1064 1448 ne
1096 1407 1245 1448 iisdem
1267 1407 1319 1449 de
1339 1409 1474 1450 causis
1495 1409 1566 1450 alii

131 1464 385 1519 plectantur,
414 1465 484 1506 alii
515 1480 566 1505 ne
596 1464 859 1520 appellentur
888 1464 1073 1520 quidem.
1134 1464 1398 1506 Prohibenda
1424 1474 1565 1507 autem

133 1521 315 1562 maxime
346 1531 410 1563 est
437 1522 499 1562 ira
530 1522 571 1562 in
594 1520 821 1576 puniendo.
842 1535 1074 1576 numquam
1104 1521 1231 1571 enim,
1252 1521 1381 1562 iratus
1402 1522 1473 1578 qui
1494 1537 1566 1564 ac-

132 1578 253 1619 cedet
279 1578 331 1619 ad
360 1593 542 1633 poenam,
564 1577 897 1619 mediocritatem
927 1578 1042 1618 illam
1065 1578 1238 1627 tenebit,
1259 1592 1353 1633 quae
1375 1588 1439 1619 est
1457 1579 1567 1621 inter

134 1634 311 1675 nimium
343 1645 386 1676 et
414 1649 589 1690 parum;
621 1650 714 1690 quae
746 1634 886 1690 placet
918 1634 1228 1689 Peripateticis:
1259 1642 1302 1674 et
1332 1644 1444 1676 recte
1472 1636 1566 1691 pla-

132 1699 213 1742 cet,
234 1691 364 1732 modo
393 1706 444 1732 ne
471 1692 688 1732 laudarent
706 1690 979 1741 iracundiam,
1001 1700 1044 1732 et
1063 1690 1249 1731 dicerent
1266 1691 1425 1732 utiliter
1445 1707 1469 1732 a
1489 1707 1564 1733 na-

134 1757 226 1788 tura
257 1747 414 1788 datam.
474 1748 552 1789 Illa
583 1762 680 1788 vero
714 1747 912 1788 omnibus
951 1748 991 1788 in
1030 1748 1153 1788 rebus
1185 1747 1441 1802 repudianda
1474 1758 1564 1790 est:

134 1804 466 1860 optandumque,
497 1815 543 1845 ut
574 1805 615 1854 ii,
638 1803 711 1859 qui
740 1812 927 1859 praesunt
954 1804 1211 1859 reipublicae,
1233 1805 1377 1860 legum
1408 1805 1565 1846 similes

134 1861 231 1910 sint,
263 1875 358 1916 quae
392 1861 445 1902 ad
476 1861 737 1917 puniendum
773 1874 857 1901 non
888 1860 1115 1910 iracundia,
1147 1861 1219 1901 sed
1254 1862 1451 1917 aequitate
1483 1861 1563 1903 du-

133 1927 299 1958 cuntur.

190 1974 334 2029 Atque
358 1973 482 2014 etiam
510 1973 552 2014 in
570 1973 693 2014 rebus
718 1973 942 2028 prosperis,
964 1981 1006 2013 et
1024 1973 1077 2014 ad
1096 1972 1354 2015 voluntatem
1377 1982 1561 2015 nostram
1579 1974 1649 2029 26

133 2030 372 2079 fluentibus,
421 2030 675 2085 superbiam,
722 2029 952 2080 fastidium,
990 2030 1358 2087 arrogantiamque
1405 2046 1630 2095 magno90

134 2101 260 2142 opere
286 2087 515 2143 fugiamus.
538 2100 632 2126 nam
663 2095 711 2127 ut
730 2085 922 2127 adversas
952 2100 1030 2138 res,
1051 2086 1110 2127 sic
1131 2087 1335 2128 secundas
1356 2087 1562 2129 immode-
1576 2103 1609 2132 b.

134 2154 222 2185 rate
243 2144 364 2193 ferre,
385 2142 564 2184 levitatis
584 2151 647 2183 est
665 2159 674 2184 ε
706 2142 988 2199 praeclaraque
1008 2152 1074 2184 est
1094 2144 1356 2199 aequabilitas
1386 2144 1430 2185 in
1450 2146 1568 2186 omni

134 2201 231 2251 vita,
248 2209 291 2241 et
316 2200 424 2241 idem
449 2213 614 2255 semper
639 2199 792 2251 vultus,
814 2199 1047 2255 eademque
1072 2200 1204 2251 frons,
1226 2210 1274 2242 ut
1300 2201 1353 2242 de
1380 2201 1567 2251 Socrate,

135 2256 236 2298 item
266 2257 318 2299 de
345 2256 398 2298 C.
418 2256 550 2297 Laelio
577 2257 831 2311 accepimus.
891 2256 1130 2312 Philippum
1160 2258 1329 2313 quidem
1358 2258 1568 2300 Macedo-

136 2328 236 2354 num
260 2310 419 2370 regem,
441 2313 565 2354 rebus
590 2313 736 2368 gestis,
753 2321 798 2354 et
821 2313 957 2368 gloria
986 2323 1230 2369 superatum
1247 2329 1271 2355 a
1291 2315 1404 2366 filio3
1434 2315 1567 2356 facili-

135 2378 223 2411 tate
261 2378 305 2411 et
340 2370 601 2412 humanitate
632 2369 753 2410 video
785 2369 1044 2426 superiorem
1076 2370 1216 2412 fuisse.
1279 2373 1430 2428 Itaque
1462 2372 1568 2413 alter

137 2440 300 2481 semper
319 2441 514 2483 magnus,
535 2426 640 2467 alter
660 2440 771 2482 saepe
794 2426 1060 2482 turpissimus
1081 2427 1186 2469 fuit:
1217 2436 1266 2469 ut
1285 2438 1399 2470 recte
1418 2429 1568 2484 praeci-

137 2497 234 2538 pere
264 2482 493 2534 videantur,
522 2483 596 2539 qui
624 2492 813 2534 monent,
842 2492 905 2534 ut,
931 2492 944 2515 1
963 2493 1122 2539 quanto
1152 2484 1386 2540 superiores
1419 2485 1565 2536 simus,

136 2547 256 2581 tanto
285 2554 362 2580 nos
387 2553 583 2596 geramus
618 2540 895 2582 summissius.
954 2541 1162 2583 Panaetius
1197 2541 1368 2598 quidem
1399 2541 1566 2583 Africa-

139 2610 254 2647 num,
287 2595 522 2638 auditbrem
555 2605 599 2638 et
629 2597 878 2639 familiarem
913 2612 1054 2649 suum,
1085 2598 1274 2650 solitum,
1306 2599 1378 2650 ait,
1414 2598 1567 2648 dicere,

181 2717 241 2741 100
260 2708 413 2750 praecipit]
439 2710 510 2740 Hoc
531 2718 698 2742 contextus
712 2718 743 2742 et
758 2711 830 2742 libri
917 2720 929 2744 1
957 2720 1063 2755 quanto
1090 2713 1244 2753 superiores
1274 2711 1376 2753 simus]
1417 2711 1468 2741 Sic
1506 2712 1571 2742 Ms.

137 2761 197 2782 scr.
214 2759 251 2783 ut
265 2753 328 2784 Erf.
345 2753 442 2784 Goth.
467 2753 580 2785 Duisb.
597 2761 627 2785 et
646 2754 699 2785 alii
721 2761 830 2794 postu·
873 2756 971 2787 Goth.
985 2756 1048 2788 Erf.
1063 2757 1113 2788 ed.
1132 2757 1221 2797 Mog.
1238 2766 1304 2787 non
1325 2765 1432 2792 sumus,
1448 2762 1486 2786 ut
1499 2755 1569 2787 vul-

139 2795 217 2826 lant.
253 2795 305 2827 Sic
320 2803 350 2828 et
363 2797 522 2829 Victorius
535 2797 642 2828 edidit.
663 2797 769 2839 Vulgo
783 2804 831 2830 est
872 2799 947 2840 gati.

131 2838 285 2878 praecepit.
