1844 3202
587 111 766 150 LIBER
803 109 1085 150 TERTIUS.
1472 118 1546 157 783

112 218 299 276 pientes:
333 228 370 254 ¹9
384 219 462 261 sibi
484 225 576 260 uter
596 218 744 272 rapiat,
766 231 818 258 an
838 217 944 258 alter
964 217 1087 258 cedat
1107 217 1255 258 alteri?
1289 219 1410 261 cedat
1430 235 1546 261 vcro:

112 277 185 318 sed
206 277 260 329 ei,
281 278 401 333 cujus
422 274 556 330 magis
576 273 754 324 intersit,
774 273 838 314 vel
863 287 952 323 sua,
973 273 1036 313 vel
1067 273 1307 328 reipublicae
1327 290 1466 326 causa,
1488 278 1545 318 vi-

112 347 218 374 vere.
321 332 409 383 uid,
441 332 475 372 si
508 330 599 371 haec
633 329 750 385 paria
784 329 826 370 in
862 330 1074 385 utroque?
1110 330 1272 370 nullum
1301 331 1378 371 erit
1411 343 1546 373 certa-

112 404 226 440 men,
248 335 321 430 331
350 387 468 444 quasi
493 395 534 419 20
552 396 677 436 sorte,
699 396 772 428 aut
801 386 999 427 micando
1020 386 1166 437 vietus,
1196 386 1315 427 alteri
1341 387 1463 428 cedat
1488 389 1547 429 al-

109 451 187 487 ter.
245 444 360 509 Quid
399 443 434 484 si
471 453 588 499 pater
624 443 720 484 fana
757 443 925 498 expilet,
961 442 1179 484 cuniculos
1215 452 1313 498 agat
1352 443 1406 484 ad
1444 459 1545 484 aera-

110 501 241 543 rium:
273 500 481 541 indicetne
502 499 546 541 id
569 499 885 555 magistratibus
907 499 1043 540 filius?
1079 500 1194 540 nefas
1214 499 1256 541 id
1277 500 1447 556 quidem
1471 510 1548 542 est.

109 557 337 613 quinetiam
372 556 571 598 defendat
603 566 778 612 patrem,
815 556 848 597 si
881 565 1096 612 arguatur.
1134 571 1217 598 non
1252 557 1384 612 igitur
1415 557 1550 613 patria

108 623 283 668 praestat
308 613 506 654 omnibus
533 613 709 654 officiis?
743 612 875 654 immo
895 627 1022 654 vero:
1055 613 1128 654 scd
1159 613 1238 669 ipsi
1266 614 1411 669 patriae
1444 628 1547 654 con-

110 668 244 721 ducit,
271 669 363 726 pios
393 670 500 711 cives
532 670 686 711 habere
717 670 757 710 in
788 677 992 725 parentes.
1052 669 1181 725 Quid,
1214 669 1247 710 si
1277 670 1547 727 tyrannidem

110 739 331 783 occupare,
361 727 395 767 si
420 726 597 782 patriam
630 725 808 782 prodere
840 725 1063 767 conabitur
1092 727 1242 782 pater?
1275 727 1468 769 silebitne
1501 728 1548 768 fi-

107 781 219 824 lius?
252 783 385 824 immo
405 797 501 824 vero
518 782 755 824 obsecrabit
775 791 954 837 patrem,
972 797 1024 823 ne
1043 782 1086 823 id
1109 782 1248 824 faciat.
1271 783 1305 824 si
1327 783 1430 825 nihil
1452 799 1550 840 pro-

103 838 228 890 ficiet,
263 849 298 872 2¹
319 839 563 881 accusabit:
607 838 837 880 minabitur
869 839 1025 880 etiam:
1063 839 1116 881 ad
1155 850 1389 882 extremum
1426 842 1459 883 si
1494 841 1548 882 ad

138 897 334 938 erniciem
355 895 500 952 patriae
523 911 586 937 res
607 895 830 952 spectabit,
851 896 996 952 patriae
1028 896 1207 938 salutem
1230 907 1459 953 anteponet
1481 913 1546 940 sa-

107 910 187 994 luti
216 954 359 1009 patris.
418 953 585 994 Quaerit
614 953 756 1003 etiam,
777 952 811 993 si
833 953 996 1008 sapiens
1018 953 1278 995 adulterinos
1301 969 1454 997 numos
1474 970 1544 998 ac·
1558 967 1604 1007 91

107 1010 266 1065 ceperit
285 1009 530 1065 imprudens
552 1024 628 1065 pro
647 1009 770 1050 bonis
790 1026 798 1050 :
831 1024 928 1050 cum
958 1009 999 1050 id
1031 1010 1215 1052 rescierit
1233 1027 1244 1060 ;
1278 1011 1547 1054 soluturusne

108 1066 163 1107 sit
187 1081 274 1118 eos,
301 1066 336 1107 si
363 1066 431 1107 cui
460 1066 626 1116 debeat,
655 1081 731 1122 pro
759 1066 894 1107 bonis.
954 1066 1173 1121 Diogenes
1205 1068 1291 1109 ait:
1322 1069 1549 1124 Antipater

110 1133 237 1178 negat
258 1140 268 1165 z
317 1123 386 1164 cui
422 1124 564 1178 potius
605 1123 822 1164 assentior.
881 1123 966 1179 Qui
1006 1123 1148 1164 vinum
1189 1125 1357 1179 fugiens
1396 1125 1548 1168 vendat
1560 1137 1591 1167 b.

109 1180 258 1230 sciens,
279 1179 486 1220 debeatne
504 1179 656 1220 dicere.
717 1180 819 1220 Non
841 1193 1013 1219 necesse
1033 1189 1154 1235 putat
1175 1181 1395 1236 Diogenes
1416 1199 1424 1223 ε
1453 1183 1546 1222 An-

107 1236 260 1291 tipater
280 1235 353 1277 viri
371 1235 474 1276 boni
495 1235 719 1276 existimat.
781 1237 889 1276 Haec
910 1245 1008 1277 sunt
1027 1237 1147 1291 quasi
1169 1249 1437 1279 controversa
1449 1239 1550 1295 jura

109 1292 367 1333 Stoicorum.
428 1293 478 1332 In
507 1291 719 1347 mancipio
741 1291 974 1342 vendendo,
996 1292 1226 1334 dicendane
1245 1295 1356 1345 vitia,
1379 1311 1463 1337 non
1485 1310 1549 1346 ea,

109 1363 203 1404 quae
241 1349 320 1390 nisi
357 1349 524 1400 dixeris,
561 1348 833 1390 redhibeatur
872 1349 1129 1405 mancipium
1165 1351 1264 1406 jure
1300 1352 1437 1393 civili:
1476 1351 1549 1394 sed

107 1404 213 1457 haec,
235 1405 482 1447 mendacem
506 1420 610 1456 esse,
631 1406 877 1456 aleatorem,
899 1415 937 1437 22
954 1406 1156 1458 furacem,
1179 1407 1408 1449 ebriosum.
1431 1448 1435 1449 ⁷
1467 1409 1612 1452 A1-92

108 1462 186 1513 teri
220 1462 395 1504 dicenda
424 1462 631 1513 videntur,
661 1462 781 1503 alteri
813 1477 896 1503 non
924 1462 1128 1504 videntur.
1190 1465 1234 1505 Si
1270 1465 1363 1521 quis
1398 1480 1549 1507 aurum

106 1519 305 1567 vendens,
328 1519 587 1561 orichalcum
609 1533 653 1560 se
674 1528 796 1574 putet
813 1518 1005 1570 vendere,
1027 1520 1237 1561 indicetne
1260 1523 1299 1562 ei
1319 1522 1378 1562 vir
1397 1523 1550 1573 bonus,

106 1589 257 1617 aurum
287 1575 392 1617 illud
424 1590 529 1628 esse,
559 1591 610 1617 an
638 1583 676 1608 23
692 1584 806 1616 emat
835 1575 1021 1626 denario,
1045 1576 1161 1631 quod
1192 1578 1244 1618 sit
1274 1578 1390 1620 mille
1421 1578 1550 1620 dena-

108 1632 252 1674 rium?
287 1633 558 1689 Perspicuum
585 1633 677 1690 jam
711 1641 789 1683 est,
818 1641 860 1673 et
893 1632 994 1688 quid
1026 1633 1132 1674 mihi
1157 1633 1359 1686 videatur,
1385 1644 1428 1676 et
1453 1651 1550 1692 quae

109 1689 164 1730 sit
191 1689 299 1731 inter
322 1704 395 1731 eos
423 1689 717 1745 philosophos,
740 1703 846 1745 quos
869 1689 1092 1739 nominavi,
1114 1692 1410 1732 controversia.
1472 1694 1548 1734 Pa·
1564 1691 1633 1740 24

108 1754 191 1797 cta,
213 1753 256 1786 et
281 1746 486 1801 promissa
506 1760 725 1802 semperne
746 1745 946 1786 servanda
965 1746 1062 1797 sint,
1084 1762 1179 1802 quae
1201 1762 1276 1789 nec
1299 1748 1350 1799 vi,
1373 1763 1448 1790 nec
1470 1749 1548 1790 do-

107 1802 152 1844 lo
181 1801 295 1843 malo
327 1811 366 1834 24
387 1805 452 1856 (ut
481 1812 680 1858 praetores
709 1802 861 1854 solent)
894 1802 1006 1843 faeta
1036 1803 1146 1844 sint?
1181 1805 1225 1845 Si
1245 1806 1339 1861 quis
1365 1805 1548 1848 medica-

107 1869 301 1900 mentum
322 1859 504 1914 cuipiam
525 1859 686 1900 dederit
707 1858 759 1900 ad
780 1873 933 1914 aquam
954 1859 1220 1911 intercutem,
1239 1863 1552 1919 pepigeritque,

107 1929 160 1956 ne
188 1914 262 1956 illo
293 1915 604 1958 medicamento
633 1930 834 1971 umquam
866 1925 1014 1970 postea
1038 1926 1227 1958 uteretur
1243 1934 1255 1970 3
1289 1919 1323 1959 si
1343 1934 1394 1960 eo
1416 1920 1549 1961 medi-

105 1974 304 2014 oamento
325 1987 451 2014 sanus
472 1973 608 2014 factus
635 1972 788 2014 fuerit:
819 1981 861 2013 et
891 1972 1008 2013 annis
1037 1973 1201 2030 aliquot
1230 1986 1329 2031 post
1357 1976 1551 2018 inciderit

108 2028 152 2070 in
179 2028 362 2071 eundem
393 2029 617 2071 morbum:
649 2044 725 2070 nec
756 2029 810 2070 ab
843 2042 911 2079 e0,
933 2030 1004 2085 qui
1029 2044 1127 2071 cum
1158 2032 1392 2087 pepigerat,
1415 2033 1550 2089 impe-

106 2093 204 2136 tret,
225 2093 264 2118 2⁵
278 2094 327 2127 ut
347 2085 501 2127 iterum
522 2100 573 2127 eo
594 2087 718 2128 liceat
736 2086 813 2137 uti,
836 2085 936 2141 quid
968 2085 1209 2128 faciendum
1234 2089 1301 2130 sit.
1364 2088 1476 2131 Cum
1497 2090 1552 2132 sit

108 2142 143 2183 is
165 2141 436 2194 inhumanus,
457 2142 529 2199 qui
557 2158 641 2184 non
664 2149 703 2175 2⁶
720 2141 926 2184 concedat
950 2143 1028 2194 uti,
1050 2157 1127 2184 nec
1148 2145 1187 2185 ei
1218 2145 1451 2202 quidquam
1480 2147 1551 2188 fiat

108 2197 270 2255 injuriae
287 2215 300 2251 3
332 2199 425 2240 vitae
447 2208 491 2240 et
511 2200 636 2241 saluti
656 2199 978 2242 consulendum.
1032 2200 1151 2257 Quid
1169 2203 1182 2242 ?
1216 2202 1250 2242 si
1270 2203 1363 2258 quis
1386 2204 1550 2260 sapiens
1561 2215 1609 2257 93

104 2264 280 2311 rogatus
311 2255 366 2298 sit
391 2256 444 2297 ab
470 2270 535 2308 eo,
566 2257 638 2313 qui
667 2271 767 2298 eum
805 2255 1006 2298 heredem
1037 2257 1180 2310 faciat,
1210 2273 1309 2300 cum
1345 2260 1384 2301 ei
1420 2270 1551 2302 testa-

151 2375 190 2401 19
212 2368 268 2398 sibi
289 2377 353 2400 uter
375 2370 491 2412 rapiat]
524 2371 576 2401 Sic
599 2371 697 2401 iidem
719 2371 802 2401 libri.
849 2369 937 2410 rium]
971 2371 1045 2402 Hoc
1067 2375 1310 2404 accommodate
1333 2375 1372 2405 ad
1395 2376 1553 2406 rationem

106 2410 203 2451 Vulg.
220 2411 309 2442 sibine
323 2420 452 2454 uterque.
468 2421 532 2443 uter
546 2421 592 2444 est
607 2413 731 2444 utervis.
848 2415 918 2444 aeris
939 2415 978 2445 ad
1001 2425 1117 2447 aurum
1133 2428 1140 2447 :
1166 2426 1240 2456 quae
1255 2425 1314 2455 est,
1332 2425 1368 2448 ut
1388 2428 1494 2450 unum
1513 2420 1552 2450 ad

151 2461 192 2485 20
214 2461 299 2492 sorte,
312 2463 365 2485 aut
379 2455 524 2497 micando]
541 2457 629 2487 Male
644 2458 693 2487 ed.
711 2457 805 2487 Grut.
850 2457 951 2488 mille.

100 2497 198 2541 firte,
213 2507 394 2538 operarum,
409 2502 533 2539 opinor,
547 2509 657 2530 errore.
895 2508 936 2531 24
958 2508 992 2530 ut
1003 2507 1143 2540 praetores
1157 2501 1261 2544 solent]
1287 2504 1351 2534 lnt.
1368 2505 1500 2540 edicere,
1519 2505 1551 2535 in

151 2547 188 2571 21
215 2541 375 2580 accusabit]
407 2542 459 2572 Sc.
481 2552 602 2579 coram,
626 2544 807 2582 vituperans
852 2544 955 2574 edicto
972 2545 1097 2575 habere.

108 2583 180 2622 ejus
202 2590 327 2615 conata.
371 2585 515 2616 Pearcius
529 2596 546 2615 e
562 2585 662 2617 Codd.
683 2595 742 2616 scr.
758 2596 809 2614 ac·
896 2593 935 2618 25
959 2594 992 2616 ut
1014 2588 1119 2617 iterum
1142 2599 1171 2617 eo
1194 2587 1216 2618 I.
1244 2586 1304 2629 uti]
1336 2589 1417 2619 Dedi
1447 2589 1552 2618 iterum

108 2636 208 2657 «usare
222 2627 382 2658 minabitur
398 2627 498 2659 etiam.
535 2629 595 2659 Sed
613 2631 657 2659 ita
671 2629 705 2658 τὸ
719 2628 808 2657 etiam
852 2639 908 2669 pro
922 2630 1053 2670 vulgato
1068 2633 1150 2668 item,
1166 2640 1244 2662 cum
1267 2632 1406 2669 Peareio‚
1430 2633 1484 2672 qui
1507 2632 1552 2662 sic

115 2668 256 2708 languet.
851 2673 885 2702 in
914 2672 978 2703 Ms.
1006 2675 1128 2713 reperit.
1156 2682 1263 2705 ortum
1287 2676 1401 2705 vitium
1424 2685 1441 2704 e
1464 2683 1553 2705 com-

154 2718 195 2743 22
207 2710 360 2752 furacem]
386 2713 532 2744 Pearcius
554 2713 712 2754 eleganter
734 2723 810 2745 con·
854 2716 970 2755 pendio
985 2719 1159 2757 scripturae.

105 2754 177 2795 jieit
191 2765 338 2793 voracem,
354 2756 429 2796 quia
433 2755 537 2797 furax
551 2758 732 2788 continetur
746 2758 811 2788 edi·
898 2763 938 2788 26
962 2761 1095 2790 concedat
1116 2758 1179 2800 uti]
1204 2760 1250 2789 uti
1264 2760 1351 2791 abest
1373 2760 1460 2791 libris
1482 2760 1553 2799 qui-

111 2803 176 2829 eto.
191 2807 222 2828 v.
237 2808 265 2829 c.
285 2804 335 2834 17.
851 2801 1001 2839 busdam,
1017 2804 1114 2834 etiam
1131 2803 1230 2833 Goth.

152 2846 194 2872 2³
216 2848 295 2872 enat
314 2841 444 2880 denario,
461 2842 539 2890 Aquod·
554 2843 599 2875 -sit
619 2841 700 2874 mille
721 2842 809 2873 dena-

862 2898 889 2941 3
916 2899 943 2927 t
966 2898 989 2929 2
