1844 3202
602 139 787 176 LIBER
820 136 1067 175 PRIMUS.
1475 140 1550 187 69⁵

127 254 166 280 ⁵8
184 244 540 302 opportunitatem
566 243 648 285 loci
680 244 877 295 maxime,
899 258 950 285 ne
976 252 1118 299 posset
1144 243 1367 298 aliquando
1389 245 1441 287 ad
1461 245 1553 287 bel-

123 303 212 346 lum
230 301 471 344 faciundum
491 300 640 342 locus'
630 315 719 356 ipse
738 300 966 341 adhortari.
1016 301 1119 341 Mea
1138 299 1310 355 quidem
1333 303 1552 354 sententia,

122 360 232 414 paci,
253 374 346 414 quae
366 357 468 397 nihil
488 357 682 398 habitura
702 357 755 398 sit
782 357 1042 407 insidiarum,
1064 370 1229 411 semper
1249 366 1314 398 est
1334 358 1553 398 consulen-

123 415 241 456 dum.
302 415 349 454 In
372 428 456 468 quo
476 414 508 454 si
529 413 632 454 mihi
653 422 762 454 esset
781 413 1147 468 obtemperatum3
1174 412 1208 452 si
1229 426 1312 453 non
1331 413 1553 467 optimam,

121 481 166 512 at
195 470 377 525 aliquam
415 469 733 525 rempublicam,
767 484 860 525 quae
893 483 1003 510 nunc
1038 469 1152 509 nulla
1181 478 1259 519 est,
1288 468 1552 510 haberemus.

120 527 177 567 Et
199 540 298 567 cum
318 526 382 576 iis,
403 540 510 581 quos
536 526 573 566 vi
598 525 812 577 deviceris,
834 525 1140 566 consulendum
1161 535 1225 566 est
1244 543 1254 577 ;
1286 534 1376 565 tum
1399 525 1440 575 ii,
1463 525 1552 581 qui,

119 583 245 623 armis
276 582 437 638 positis,
468 591 506 616 ⁵9
521 582 575 623 ad
603 583 905 646 imperatorum
933 581 1056 622 fidem
1077 581 1342 636 confugient,
1363 582 1553 637 quamvis

119 654 288 680 murum
320 639 424 679 aries
453 639 720 703 percusserit,
750 638 976 702 recipiendi
1007 648 1117 679 sunt.
1149 638 1191 678 in
1220 652 1306 693 quo
1333 646 1553 702 tantopere

120 695 233 750 apud
266 703 429 735 nostros
454 695 619 759 justitia
639 695 754 736 culta
775 704 852 745 est,
874 704 921 735 ut
944 710 984 744 11,
1007 695 1078 750 qui
1100 695 1300 744 civitates,
1321 704 1395 735 aut
1414 695 1551 735 natio-

121 765 193 792 nes
215 751 396 792 devictas
417 751 568 791 bello
558 767 600 792 m
630 751 752 792 fidem
776 751 1046 805 recepissent,
1066 765 1210 791 earum
1230 750 1395 815 patroni
1414 759 1553 791 essent

118 822 238 849 more
259 807 482 863 majorum.
540 808 606 848 Ac
628 807 728 848 belli
748 807 919 871 quidem
943 807 1118 863 aequitas
1139 807 1400 848 sanctissime
1420 804 1615 848 fetiali-⁹⁵6

118 863 265 919 populi
291 865 472 904 Romani
494 863 590 919 jure
621 864 863 928 perscripta
871 874 948 904 est.
1009 865 1072 904 Ex
1093 878 1178 919 quo
1197 863 1376 919 intelligi
1389 873 1551 928 potest,

118 920 281 962 nullum
300 919 460 961 bellum
480 934 569 961 esse
583 920 765 976 justum,
789 920 865 961 nisi
887 919 1003 976 quod
1025 929 1097 961 aut
1122 921 1248 961 rebus
1269 920 1455 975 repetitis
1476 934 1552 975 ge-

115 986 246 1027 ratur,
267 983 339 1017 aut
369 975 661 1018 denuntiatum
693 986 789 1018 ante
820 977 888 1026 sit,
911 985 954 1017 et
982 976 1202 1040 indictum.
1264 983 1303 1009 60
1323 977 1553 1031 Pompilius

116 1033 344 1096 imperator
364 1033 533 1074 tenebat
554 1034 836 1088 proxinciam·
868 1033 910 1073 in
943 1032 1064 1089 cujus
1095 1033 1280 1074 exercitu
1304 1033 1479 1074 Catonis
1506 1032 1552 1073 fi-

114 1089 195 1130 lius
226 1089 307 1129 tiro
337 1089 557 1130 militabat
619 1089 731 1130 Cum
762 1098 905 1130 autem
938 1089 1146 1144 Pompilio
1176 1089 1397 1140 videretur,
1425 1103 1550 1130 unam

117 1145 329 1186 dimittere
359 1145 600 1200 legionem3
634 1146 811 1187 Catonis
841 1160 1011 1201 quoque
1046 1145 1192 1195 filium,
1227 1146 1298 1200 qui
1330 1146 1371 1186 in
1404 1145 1549 1186 eadem

114 1201 284 1266 legione
301 1201 523 1252 militabat,
540 1201 711 1242 dimisit.
752 1202 834 1242 Sed
851 1216 950 1242 cum
971 1216 1114 1242 amore
1134 1202 1381 1266 pugnandi
1371 1217 1413 1242 m
1434 1216 1551 1242 exer-

115 1257 205 1299 citu
224 1257 507 1321 remansisset,
527 1257 640 1299 Cato
661 1258 715 1298 ad
736 1257 991 1313 Pompilium
1015 1258 1195 1313 scripsit,
1217 1267 1278 1307 ut,
1302 1259 1333 1299 si
1357 1273 1455 1300 eum
1476 1272 1550 1313 pa·
1564 1261 1594 1291 b-

116 1323 276 1355 teretur
304 1314 346 1354 in
375 1314 560 1355 exercitu
591 1328 821 1364 remanere,
855 1314 1043 1355 secundo
1072 1328 1169 1355 eum
1200 1314 1410 1370 obligaret
1440 1315 1552 1355 mili-

115 1371 185 1412 tiae
207 1379 497 1411 sacramento:
530 1371 641 1426 quia,
663 1371 802 1426 priore
823 1371 992 1421 amisso,
1005 1372 1103 1426 J'ure
1133 1385 1230 1411 cum
1257 1370 1450 1412 hostibus
1472 1385 1552 1426 pu-

113 1441 245 1484 gnare
272 1441 357 1467 non
385 1435 565 1482 poterat.
627 1434 662 1459 61
681 1427 805 1468 Adeo
827 1442 992 1468 summa
1009 1435 1098 1468 erat
1119 1427 1385 1468 observatio·
1376 1442 1418 1468 1n
1437 1427 1550 1468 bello
1563 1432 1612 1474 37

115 1483 338 1524 movendo.
399 1489 438 1514 ⁶2
456 1484 522 1523 Μ.
549 1484 720 1548 quidem
754 1483 930 1525 Catonis
959 1484 1069 1524 senis
1099 1483 1280 1539 epistola
1308 1493 1373 1525 est
1401 1484 1454 1524 ad
1484 1484 1551 1524 Μ.

114 1540 293 1590 filium,
283 1555 325 1580 m
345 1554 428 1595 qua
447 1540 625 1595 scripsit,
646 1555 690 1582 se
712 1540 892 1590 audisse,
911 1554 1007 1581 eum
1035 1541 1210 1581 missum
1233 1541 1394 1582 factum
1417 1554 1508 1581 esse
1530 1554 1555 1580 a

113 1596 302 1646 consule,
324 1611 422 1637 cum
444 1596 485 1637 in
504 1597 762 1638 Macedonia
783 1597 947 1637 Persico
968 1596 1082 1638 bello
1104 1596 1225 1637 miles
1244 1606 1367 1638 esset.
1398 1598 1555 1638 Monet

113 1653 259 1708 igitur,
280 1663 329 1694 ut
348 1662 505 1703 caveat,
528 1668 578 1694 ne
599 1653 796 1709 proelium
818 1653 944 1694 ineat.
978 1662 1105 1709 negat
1123 1653 1236 1694 enim
1260 1653 1332 1709 jus
1353 1667 1458 1703 esse,
1480 1653 1552 1717 qui

113 1709 234 1750 miles
255 1724 339 1750 non
361 1710 427 1760 sit,
446 1724 634 1765 pugnare
654 1724 752 1750 cum
763 1710 909 1751 Qhoste
956 1709 1168 1765 Equidem
1188 1709 1295 1751 illud
1316 1710 1442 1750 etiam
1463 1725 1552 1750 ani·
1573 1705 1634 1751 10

114 1765 346 1816 madverto,
368 1766 498 1821 quod,
520 1767 592 1822 qui
618 1766 789 1821 proprio
818 1766 988 1807 nomine
1016 1766 1243 1830 perduellis
1264 1775 1387 1816 esset,
1408 1766 1442 1807 is
1472 1765 1552 1807 ho-

114 1821 188 1864 stis
210 1832 441 1872 vocaretur,
463 1828 500 1854 ⁶³
517 1823 688 1863 lenitate
709 1822 821 1863 verbi
843 1822 1056 1863 tristitiam
1077 1823 1136 1863 rei
1153 1822 1408 1878 mitigatam.
1458 1823 1555 1864 Ho-

114 1877 188 1919 stis
209 1878 319 1919 enim
340 1878 451 1933 apud
473 1878 656 1935 majores
684 1888 849 1920 nostros
879 1879 913 1919 is
945 1878 1176 1929 dicebatur,
1200 1894 1325 1934 quem
1347 1893 1458 1920 nunc
1478 1893 1553 1934 pe-

113 1934 330 1990 regrinum
352 1935 545 1977 dicimus.
604 1935 798 1977 Indicant
827 1935 1055 1976 duodecim
1087 1935 1268 1976 tabulae:
1302 1949 1403 1976 AUT
1439 1949 1552 1976 STA-

115 2004 209 2034 Tus
246 2005 362 2032 DIES
400 2005 507 2033 CUM
548 2006 730 2033 Hos'rE.
791 1993 999 2047 Itemque,
1033 2005 1298 2033 ADVERSUS
1339 2005 1548 2033 HOSTEM

115 2061 335 2088 AETERNA
377 2061 717 2090 AUCTORITAS.
792 2048 911 2090 Quid
947 2048 1001 2089 ad
1035 2047 1144 2089 hanc
1182 2047 1551 2089 mansuetudinem

112 2103 210 2144 addi
231 2106 400 2159 potest?
431 2119 529 2146 eum
551 2111 588 2136 ⁶4
601 2105 771 2161 quicum
795 2105 955 2146 bellum
975 2119 1113 2160 geras,
1133 2114 1221 2145 tam
1240 2104 1361 2146 molli
1381 2103 1552 2145 nomine

157 2229 196 2253 58
219 2223 459 2262 opportunitatem
483 2221 548 2261 loct]
566 2224 655 2253 Tum
670 2223 708 2252 ad
725 2232 811 2262 repa-

114 2265 225 2296 randas
240 2275 327 2305 opes,
341 2272 412 2296 tum
429 2267 467 2296 ad
482 2265 606 2296 bellum
623 2266 810 2304 gerendum.

158 2315 197 2340 59
219 2309 260 2337 ad
281 2309 350 2347 imp.
364 2308 459 2348 fidem
475 2308 652 2348 cotficgient]
670 2308 733 2338 Alii
749 2318 807 2338 scr.

114 2355 151 2378 ut
166 2350 263 2380 Goth.
286 2359 316 2381 et
337 2352 406 2381 edd.
430 2358 466 2381 ut
487 2352 576 2390 Mog.
597 2351 692 2381 Rom.
713 2350 810 2390 confu-

110 2392 209 2431 giunt.
231 2403 296 2424 non
311 2395 447 2425 deterius
463 2394 571 2425 altero.
586 2395 748 2434 optimum
765 2394 811 2424 fo·

113 2440 159 2464 ret
174 2435 364 2475 coqfugerint.

158 2482 199 2508 60
230 2478 401 2518 Pompilius]
429 2479 493 2510 Alii
520 2478 662 2518 Popilius.
686 2489 717 2509 v.
739 2478 812 2509 Cla·

113 2529 198 2550 vem.
230 2520 400 2552 tectionem
435 2523 518 2552 hanc
555 2523 636 2552 bene
673 2522 813 2552 defendit

114 2561 349 2603 Chapmannus
374 2565 413 2595 ad
439 2565 473 2595 h.
496 2565 517 2595 1.
545 2565 578 2595 in
601 2566 650 2596 ed.
677 2565 808 2601 Pearcss,

112 2615 214 2644 quam
235 2614 266 2637 et
288 2607 384 2637 habet
406 2607 470 2638 Ms.
493 2608 609 2639 Duisb.
633 2608 702 2639 edd.
719 2608 809 2647 Mog.

157 2695 195 2721 61
220 2691 300 2721 Adeo
323 2703 345 2722 s.
373 2698 436 2721 erat
459 2692 620 2723 observatio
643 2692 716 2732 &c.]
743 2695 764 2723 i.
781 2703 809 2723 e.

114 2733 276 2772 diligentia
289 2736 432 2765 servandi
443 2734 536 2773 juris.
557 2737 611 2766 sed
627 2743 732 2767 totum
747 2737 809 2766 hoc

113 2785 170 2815 pro
185 2776 359 2815 glossatoris
374 2778 590 2808 additamento
612 2780 708 2811 habet
723 2779 811 2809 Grae-

114 2819 184 2848 vius
206 2819 365 2861 delerique
387 2820 468 2852 vult.
511 2821 562 2851 Jo.
578 2821 811 2852 Sarisberiensis

115 2861 149 2899 in
171 2861 316 2901 Policrat.
337 2864 396 2905 vl,
417 2870 446 2900 7.
473 2864 564 2895 affert
588 2864 677 2896 hune
699 2863 811 2896 locum

856 2222 1029 2258 Ciceronis,
1056 2223 1111 2253 sed
1136 2223 1206 2253 haec
1232 2221 1328 2252 verba
1353 2232 1419 2252 non
1447 2222 1553 2252 habet.

855 2265 919 2296 Ms.
936 2266 1052 2296 Duisb.
1067 2266 1152 2295 addit
1168 2272 1228 2294 tum
1241 2276 1251 2293 .·
1275 2266 1315 2295 Α.
1332 2271 1393 2294 tum
1409 2272 1483 2295 erat.

898 2314 936 2338 62
963 2309 1011 2337 JI.
1029 2308 1142 2349 quidem
1171 2307 1205 2337 C.
1231 2307 1475 2347 senis—pugnare
1490 2318 1553 2337 cum

854 2350 943 2389 hoste]
977 2351 1049 2381 Hoc
1085 2358 1191 2381 totum
1228 2351 1399 2380 insititium
1431 2351 1554 2389 judicat

855 2394 1088 2433 Chapmannus
1102 2406 1108 2423 :
1132 2395 1159 2424 si
1178 2400 1287 2423 tamen
1303 2393 1484 2433 genuinum
1499 2395 1552 2430 sit,

855 2437 894 2467 ad
909 2437 1006 2468 aliam
1022 2437 1188 2467 historiam
1202 2437 1356 2476 pertinere
1372 2442 1472 2476 putat.

899 2483 938 2510 63
963 2479 1082 2509 lenitate
1096 2490 1130 2509 v.
1147 2479 1300 2509 tristitiam
1321 2479 1362 2508 rei
1382 2477 1549 2518 mitigante]

856 2522 908 2552 Sic
933 2522 1014 2553 Mss.
1039 2522 1145 2562 plures
1173 2523 1250 2552 item
1279 2521 1391 2552 Duisb.
1421 2528 1452 2551 et
1478 2521 1549 2551 edd.

851 2572 927 2596 vett.
947 2565 1000 2595 alii
1024 2565 1205 2604 mitigatam,
1221 2565 1307 2605 quod
1322 2571 1354 2594 et
1368 2565 1490 2594 editum
1505 2571 1553 2594 eet

851 2618 870 2638 a
890 2608 1068 2638 nonnullis.
1092 2609 1184 2638 bene.
1209 2617 1286 2638 nam
1303 2609 1364 2637 hoc
1380 2608 1495 2646 pendet
1510 2606 1551 2636 ab

851 2650 1065 2682 animadverto.

895 2700 936 2725 04
958 2694 1076 2735 quicum
1102 2692 1209 2722 bellum
1231 2690 1331 2733 geras]
1356 2692 1408 2721 Sic
1432 2690 1552 2720 correxi

852 2746 909 2775 pro
938 2736 1025 2773 bella,
1054 2743 1091 2766 ut
1119 2736 1215 2766 edidit
1240 2735 1335 2765 etiarn
1365 2733 1508 2764 Peareius
1534 2742 1552 2762 e

853 2780 933 2810 Mss.
949 2785 980 2810 et
994 2781 1043 2810 ed.
1058 2779 1199 2810 Victorii.
1221 2778 1275 2808 sed
1297 2777 1341 2807 sic
1360 2776 1430 2814 jam
1451 2782 1498 2804 est
1517 2776 1551 2806 in

853 2822 902 2854 ed.
919 2822 1009 2863 Mog.
1024 2822 1095 2853 Col.
1111 2822 1207 2852 Rom.
1228 2821 1274 2852 sic
1289 2825 1320 2850 et
1335 2819 1400 2851 Ms.
1414 2818 1530 2850 Duisb.
