1844 3202
291 99 371 145 670
816 101 893 139 DE
931 101 1188 140 LEGIBUS

295 213 481 247 raturum
499 223 509 248 ε
539 216 581 250 et
608 207 742 260 illum,
764 209 836 266 qui
860 210 1050 265 imperat,
1071 211 1270 266 cogitare,
1289 211 1399 252 brevi
1428 219 1617 267 tempore
1639 211 1717 254 sibi

295 276 385 303 esse
401 264 644 318 parendum.
675 267 768 306 Nec
784 280 879 306 vero
897 266 1048 317 solum,
1065 277 1112 307 ut
1132 268 1422 322 obtemperent
1438 268 1719 324 obediantque

295 319 625 374 magistratibus,
646 322 718 362 sed
739 322 863 363 etiam
897 332 942 363 ut
971 337 1042 363 eos
1070 323 1211 364 colant
1236 323 1512 380 diligantque,
1529 325 1720 380 praescri-

296 375 451 426 bimus,
472 386 519 418 ut
543 377 789 418 Charondas
810 378 850 417 in
872 379 954 419 suis
977 379 1076 419 facit
1096 379 1272 433 legibus.
1330 382 1488 421 Noster
1509 395 1603 421 vero
1627 380 1718 421 Pla-

299 440 344 472 to
363 433 560 474 Titanum
581 448 604 474 e
623 447 776 488 genere
797 434 942 475 statuit
963 448 1049 484 eos,
1069 436 1141 489 qui
1164 444 1208 476 ut
1232 435 1293 476 illi
1311 436 1566 487 coelestibus,
1588 436 1646 477 sic
1676 436 1733 477 hi‘

298 487 565 529 adversentur
583 489 913 544 magistratibus.
973 490 1081 532 Quae
1102 505 1199 530 cum
1222 491 1280 532 ita
1303 492 1398 542 sint,
1419 493 1471 533 ad
1502 493 1610 548 ipsas
1629 492 1720 549 jam

261 544 415 599 61eges
438 545 663 596 veniamus,
686 546 719 586 si
740 545 892 601 placet.
950 546 1043 586 Att.
1075 546 1187 587 Mihi
1207 561 1304 588 vero
1333 558 1376 588 et
1401 549 1526 600 istud,
1551 559 1593 590 et
1617 548 1722 590 ordo

296 601 374 641 iste
396 615 534 642 rerum
555 602 707 656 placet.

253 660 286 706 3
357 658 422 697 M.
443 658 564 698 Justa
587 657 755 712 imperia
776 664 890 699 sunto
907 674 923 708 ,·
954 657 1082 713 iisque
1101 658 1203 699 cives
1222 659 1409 711 modeste,
1431 675 1478 700 ac
1497 660 1582 701 sine
1607 675 1721 701 recu-

299 712 459 754 satione
472 721 656 768 parento.
698 714 981 770 Blagistratus
1001 729 1070 755 nec
1090 714 1332 756 obedientem
1353 723 1391 756 et
1412 716 1577 757 noxium
1596 716 1721 757 civem

299 768 447 820 multa,
477 770 664 822 vinculis,
694 769 966 811 verherz'husve
997 778 1164 812 coerceto
1183 788 1196 812 .-
1235 772 1278 812 ni
1304 781 1397 826 par,
1427 773 1604 828 majorve
1627 779 1722 827 pot-

299 833 418 877 estas,
435 826 657 881 populusve
672 826 909 881 prohihessit
927 844 938 865 .·
972 827 1025 867 ad
1048 842 1145 882 quos
1164 828 1393 882 provocatio
1417 836 1512 870 esto.
1583 837 1600 860 3
1619 830 1723 870 Cum

299 882 815 938 magistratusjudicassz't‚
832 883 1096 938 inrogassitue
1113 901 1128 933 ,-
1155 894 1227 938 per
1241 884 1438 939 populum
1457 885 1615 936 multoe,
1631 894 1723 940 poe-

299 952 368 978 71ae
404 939 568 979 certatio
609 946 703 980 esto.
762 938 942 979 Militiae
971 939 1020 980 ab
1050 955 1105 989 eo,
1136 940 1208 995 qui
1238 940 1467 996 imperabit,
1493 941 1722 996 provocatio

300 1008 350 1034 ne
369 1001 449 1035 esto
465 1011 478 1033 .·
511 995 693 1050 quodque
714 995 763 1046 is,
786 995 856 1051 qui
883 994 1031 1036 bellum
1048 1003 1182 1050 gerat,
1203 997 1445 1051 imperassit,
1454 998 1542 1051 jus,
1565 1005 1723 1038 ratum-

301 1064 379 1105 que
403 1057 498 1091 esto.
529 1051 714 1092 Minores
733 1050 1016 1107 magistratus,
1053 1060 1070 1082 4
1082 1052 1233 1106 partiti
1245 1053 1372 1106 juris,
1389 1053 1529 1108 plures
1549 1053 1591 1094 in
1606 1052 1726 1108 plera

299 1112 431 1147 sunto.
504 1106 729 1158 ⁵Mz‘litiae,
760 1107 831 1163 qui
849 1106 960 1161 jussi
990 1114 1106 1147 erunt
1136 1108 1374 1162 imperanto,
1404 1124 1618 1166 eorumque
1649 1109 1726 1150 tri-

301 1162 397 1203 hum·
426 1170 557 1204 sunto.
616 1164 740 1204 Domi
765 1163 979 1218 pecuniam
1005 1163 1211 1218 pul-licam
1242 1165 1491 1206 custodiunto
1511 1183 1523 1205 .-
1562 1165 1726 1207 vincula

300 1219 473 1260 sontium
494 1228 675 1261 servante
688 1238 700 1260 .-
724 1219 921 1275 capitalia
941 1219 1170 1261 vindicante
1183 1238 1195 1261 .·
1218 1236 1290 1271 ces,
1311 1228 1540 1277 argentum,
1559 1236 1727 1263 aurum-

301 1290 348 1317 ve
369 1275 530 1330 publice
553 1276 768 1333 signante:
803 1276 895 1317 lites
919 1282 1144 1318 contractas
1164 1277 1384 1332 judicante
1404 1295 1416 1318 ,-
1450 1278 1643 1334 quodcum
1677 1293 1727 1319 ue

266 1339 464 1379 7senatus
500 1333 682 1384 creverit,
713 1340 881 1389 agunto.
941 1333 1147 1389 Suntoque
1175 1333 1331 1384 aediles,
1361 1342 1573 1375 coercitores
1601 1349 1651 1375 ur
1679 1334 1728 1385 is,

303 1403 490 1440 annonoe,
513 1388 777 1445 ludorumque
796 1388 1049 1429 sollemnium
1066 1407 1078 1430 :
1111 1389 1281 1445 ollisque
1300 1391 1353 1431 ad
1379 1390 1538 1432 honoris
1557 1389 1728 1445 amplio-

301 1444 360 1486 ris
376 1446 553 1501 gradum
575 1445 609 1486 is
625 1446 783 1501 primus
803 1445 1014 1486 adscensus
1034 1454 1129 1487 esto.
1195 1448 1396 1495 Censores,
1413 1446 1555 1501 populi
1578 1447 1726 1488 oevita-

303 1508 374 1553 tes,
395 1501 557 1552 soboles,
565 1501 778 1558 familias,
795 1501 1066 1558 pecuniasque
1083 1510 1284 1543 censento:
1306 1503 1417 1544 urbis
1437 1503 1604 1557 templa,
1624 1502 1727 1554 vias,

304 1572 446 1613 aquas,
468 1559 678 1609 cerarium,
697 1558 917 1614 vectigalia
938 1565 1072 1599 tuente
1092 1576 1104 1598 :
1134 1558 1353 1614 populique
1367 1567 1507 1614 partes
1528 1559 1570 1600 in
1598 1559 1727 1601 trihus

259 1624 290 1654 b.
304 1614 596 1656 distribuunto:
628 1615 722 1656 exin
737 1615 944 1669 pecunias,
965 1615 1164 1666 aevitates,
1186 1615 1341 1656 ordines
1355 1616 1566 1670 partiunto
1580 1632 1592 1656 .-
1614 1615 1729 1671 equi-

306 1678 407 1722 tum,
425 1671 687 1727 peditumque
702 1670 857 1725 prolem
876 1670 1122 1712 describunto
1140 1688 1152 1712 .·
1185 1670 1344 1713 coelihes
1361 1686 1442 1713 esse
1457 1671 1694 1726 prohibente
1712 1689 1726 1714 .-

304 1742 432 1768 mores
459 1727 603 1783 populi
637 1735 809 1784 regunlo
828 1744 840 1768 .·
873 1726 1066 1782 probrum
1099 1727 1141 1768 in
1178 1735 1320 1769 senatu
1353 1743 1402 1769 ne
1434 1727 1692 1784 relinquunt«)
1712 1745 1726 1769 .-

305 1783 388 1825 hini
408 1792 525 1825 sunto
540 1802 552 1825 .·
583 1784 873 1840 magistratum
896 1783 1214 1839 quinquennium
1239 1783 1406 1826 habento
1423 1802 1435 1825 :
1467 1784 1616 1841 reliqui
1639 1799 1729 1824 ma-

267 1853 290 1885 8
302 1840 503 1897 gistratus
523 1841 648 1882 annui
667 1847 781 1882 sunto
802 1858 813 1879 :
845 1855 970 1895 eaque
985 1847 1165 1894 potestas
1184 1850 1337 1895 semper
1359 1847 1452 1881 esto.
1511 1841 1626 1882 Juris
1644 1840 1729 1881 dis-

304 1904 498 1951 ceptator,
521 1897 590 1952 qui
607 1897 773 1952 privata
783 1896 1368 1951 judicet,judicariz.·ejubeat,
1387 1903 1543 1951 praetor
1569 1904 1664 1938 esto.
1695 1897 1729 1938 is

292 1954 406 2006 juris
425 1953 556 1994 civilis
577 1961 705 1995 mestos
723 1961 817 1994 esto.
844 1953 936 1993 kuic
951 1960 1153 2007 potestate
1167 1953 1262 2007 pari
1282 1961 1549 2008 quotcumque
1566 1959 1728 1995 senatus

303 2010 484 2060 creverit,
510 2010 732 2064 populusve
756 2009 943 2064 jusserit,
975 2016 1033 2049 tot
1063 2017 1191 2050 sunto.
1263 2009 1421 2065 eRegio
1452 2009 1616 2063 imperio
1652 2008 1728 2050 duo

302 2074 417 2107 sunto
439 2083 451 2107 .-
483 2066 591 2122 iiqne
605 2066 840 2121 proeeundo,
855 2065 1098 2120 judicando,
1119 2064 1353 2106 consulendo
1378 2072 1587 2119 praetores,
1606 2064 1728 2119 judi-

304 2136 380 2173 ces,
401 2123 578 2163 consules
598 2121 866 2177 appellantor.
888 2121 1055 2162 militiae
1077 2123 1360 2175 summumjus
1380 2121 1561 2173 habento,
1578 2120 1730 2162 nemini

299 2185 483 2233 parente.
505 2178 598 2219 ollis
617 2178 727 2219 salus
740 2177 883 2233 populi
911 2188 1097 2232 suprema
1131 2177 1196 2218 lea:
1221 2184 1315 2218 esto.
1376 2177 1565 2218 Eundem
1593 2177 1730 2234 magi—

266 2242 494 2287 9straturn‚
515 2235 559 2276 ni
580 2234 837 2290 interfuerint
859 2234 990 2275 decem
1009 2234 1120 2284 anni,
1142 2233 1284 2290 nequis
1305 2234 1449 2289 capito.
1498 2233 1730 2275 AEvitatem

305 2291 447 2332 annali
487 2291 574 2355 lege
606 2297 801 2332 servante.
859 2292 940 2332 Ast
971 2290 1128 2347 quando
1159 2289 1338 2331 duellum
1365 2289 1548 2347 gravius,
1579 2289 1730 2330 discor-

301 2347 432 2389 diaeve
452 2348 599 2389 civium
621 2354 770 2399 escunt,
796 2354 810 2383 7
828 2362 955 2399 oenus,
974 2362 1023 2388 ne
1044 2346 1220 2402 amplius
1240 2361 1310 2388 sex
1329 2361 1493 2397 menses,
1513 2346 1547 2387 si
1568 2352 1730 2388 senatus

344 2489 361 2514 3
397 2482 471 2513 Cum
501 2493 577 2521 mag.
600 2482 757 2522 judicassit
787 2480 992 2520 inrogassitve]
1039 2481 1166 2511 tribuni.

293 2525 451 2565 ‘iudicauit
473 2526 511 2555 ad
532 2532 649 2564 poenam
673 2526 813 2560 refertur,
846 2525 997 2563 inrogassit
1083 2532 1097 2554 5
1124 2520 1263 2560 Militiae]
1290 2523 1336 2553 Ad
1367 2523 1566 2562 magistratus
1593 2522 1730 2553 minores

302 2570 341 2599 ad
363 2568 495 2598 multam.
518 2569 645 2606 quando
666 2578 760 2606 super
781 2569 905 2596 decreto
928 2576 995 2596 ma·
1040 2567 1249 2596 referendum.

303 2613 446 2651 gistratus
463 2617 622 2640 certamen
637 2612 746 2646 oritur,
764 2620 817 2648 per
839 2609 995 2648 populum
1083 2614 1101 2638 6
1127 2609 1213 2647 chio
1232 2605 1363 2647 imperio]
1388 2607 1539 2642 Summo,
1559 2606 1646 2645 quali
1670 2607 1732 2637 Re-

304 2655 533 2693 resjudicatur.
1041 2661 1092 2690 ges
1109 2651 1155 2681 usi
1177 2658 1269 2680 sunt:
1294 2660 1312 2679 a
1329 2651 1444 2689 quibus
1465 2651 1559 2679 etiam
1583 2659 1648 2679 non
1671 2650 1732 2680 nisi

346 2704 363 2727 4
382 2696 491 2735 partiri
511 2695 592 2734 juris
616 2693 715 2734 plures
738 2694 768 2722 in
789 2693 874 2733 plera
897 2693 994 2731 sunto]
1041 2695 1172 2723 nomine
1195 2700 1225 2722 et
1248 2703 1382 2724 numero
1404 2692 1600 2729 differebant,
1624 2698 1661 2722 ut
1683 2692 1733 2722 Li-

302 2740 419 2769 Sensus
434 2746 498 2769 est:
524 2738 660 2768 minores
677 2738 875 2775 magistratus
892 2736 997 2775 plures
1039 2738 1108 2766 wius
1123 2737 1208 2765 dicit.

302 2783 365 2811 sint
383 2785 415 2811 in
438 2791 503 2811 uno
524 2790 635 2820 genere
656 2789 774 2815 rerum,
791 2788 928 2819 quarum
950 2780 997 2808 in·
1082 2785 1097 2813 7
1125 2777 1216 2819 anus]
1249 2779 1306 2809 Pro
1332 2789 1416 2814 uuus,
1444 2778 1531 2816 isque
1560 2783 1607 2807 est
1635 2777 1732 2807 dicta-

304 2831 348 2854 ter
370 2834 402 2854 se
425 2825 598 2863 partiantur
621 2830 819 2863 potestatem.
843 2829 877 2852 ut
899 2822 995 2853 aerarii
1040 2828 1095 2851 tor.
