1844 3202
307 118 384 155 832
897 119 1137 158 LAELIUS

307 230 405 272 stat,
429 225 493 276 (ut
517 225 683 281 opinor)
708 226 830 268 bonis
865 226 971 268 inter
996 229 1130 270 bonos
1159 229 1276 284 quasi
1308 228 1582 271 neeessariam
1610 227 1737 269 bene-

309 277 531 322 volentiam
558 297 672 323 esse:
702 283 774 339 qui
807 291 871 324 est
899 284 1094 326 amicitiae
1125 285 1218 326 fons
1246 300 1271 326 a
1299 294 1445 327 natura
1471 282 1740 326 constitutus.

309 335 382 376 sed
400 335 545 378 eadem
576 336 743 381 bonitas
775 339 902 380 etiam
928 340 980 380 ad
1009 340 1323 382 multitudinem
1346 342 1540 397 pertinet.
1571 355 1655 381 non
1677 348 1740 380 est

308 392 421 451 enim
454 391 684 436 inhumana
720 395 861 446 virtus,
898 404 937 428 ³³
954 411 1088 452 neque
1122 396 1330 449 immanis,
1364 413 1498 454 neque
1535 395 1741 452 superba:

311 463 406 504 quae
436 449 562 491 etiam
592 452 772 507 populos
805 452 1014 493 universos
1042 453 1163 504 tueri,
1185 453 1327 510 eisque
1347 456 1505 509 optime
1525 452 1741 495 consulere

311 505 469 547 soleat:
501 507 615 562 quod
636 522 719 548 non
739 508 895 549 faceret
920 510 1126 563 profectO,
1148 510 1181 550 si
1208 524 1233 550 a
1259 510 1428 552 caritate
1450 508 1563 566 vulgi
1586 508 1741 551 abhor-

250 564 296 620 5}
312 571 433 603 reret.
465 563 607 619 Atque
627 563 753 605 etiam
776 562 881 605 mihi
899 564 1069 619 quidem
1090 565 1296 617 videntur,
1316 568 1387 622 qui
1407 566 1598 608 utilitatis
1618 578 1744 606 causa

185 621 215 651 P·
232 618 300 642 ¹⁰⁰·
315 618 480 674 fingunt
514 620 733 671 amicitias,
765 620 1113 662 amabilissimum
1148 622 1306 664 nodum
1344 624 1538 664 amicitiae
1579 621 1741 663 tollere.

273 663 398 716 a‘'non
428 675 541 717 enim
569 684 655 717 tam
685 677 843 718 utilitas
901 686 991 719 arta
1015 692 1088 733 per
1111 677 1310 731 amicum,
1331 694 1458 735 quam
1481 679 1604 720 amici
1625 691 1743 718 amor

310 729 401 788 ipse
422 730 623 774 delectat:
648 742 824 790 tumque
842 731 870 774 il
892 733 948 775 ud
970 734 1028 785 fit,
1046 735 1160 791 quod
1179 736 1233 776 ab
1251 735 1387 777 amico
1407 746 1469 776 est
1491 736 1744 791 profectum,

305 787 563 845 jucundum,
586 790 620 831 si
648 805 744 831 cum
778 789 919 831 studio
950 801 1013 832 est
1041 792 1306 847 profectum:
1337 801 1586 847 tantumque
1609 792 1743 841 abest,

315 854 361 886 ut
391 845 587 887 amicitiae
617 856 789 902 propter
819 846 1095 902 indigentiam
1124 849 1331 902 colantur,
1353 857 1400 889 ut
1421 849 1462 899 ii,
1485 849 1558 904 qui
1579 848 1744 903 opibus,

312 910 355 943 et
374 902 521 957 copiis,
541 903 805 958 maximeque
826 911 866 935 34
880 905 1032 945 virtute
1052 904 1214 960 praediti
1240 905 1297 955 (in
1328 920 1410 961 qua
1435 905 1662 960 plurimum
1682 913 1745 944 est

313 958 511 1013 praesidii)
541 958 715 999 minime
743 959 912 1000 alterius
942 959 1173 1015 indigeant,
1193 961 1470 1002 liberalissimi
1492 961 1588 1010 sint,
1607 969 1650 1000 et
1670 960 1746 1000 be-

313 1014 638 1056 neficentissimi.
696 1015 840 1071 Atque
867 1016 981 1057 haud
1008 1017 1110 1066 seio,
1131 1032 1182 1057 an
1204 1031 1254 1057 ne
1276 1031 1382 1072 opus
1403 1018 1456 1058 sit
1475 1017 1661 1072 quidem,
1683 1016 1747 1056 ni-

315 1070 374 1112 hil
396 1086 597 1127 umquam
618 1072 792 1112 omnino
815 1072 959 1113 deesse
985 1073 1146 1114 amicis.
1205 1073 1294 1114 Ubi
1314 1073 1424 1114 enim
1446 1073 1585 1114 studia
1604 1082 1747 1113 nostra

313 1128 558 1183 viguissent,
579 1128 612 1169 si
639 1143 871 1184 numquam
899 1128 1090 1180 consilio,
1113 1144 1341 1186 numquam
1364 1144 1491 1185 opera
1510 1138 1651 1170 nostra
1672 1143 1747 1169 nee

282 1183 448 1244 bdon1i‚
482 1199 558 1226 nec
599 1185 760 1226 militiae
795 1185 937 1242 Scipio
975 1185 1193 1242 eguisset?
1233 1201 1317 1227 non
1354 1187 1485 1243 igitur
1523 1186 1748 1227 utilitatem

238 1236 515 1291 Ioamicitia,
551 1241 623 1282 sed
659 1242 815 1283 utilitas
850 1242 1079 1284 amicitiam
1117 1253 1345 1285 consecuta
1376 1252 1453 1284 est.
1510 1243 1613 1284 Non
1646 1256 1749 1297 ergo

252 1295 441 1340 52'crunt
475 1298 666 1340 homines
701 1299 859 1340 deliciis
896 1298 1133 1341 diffluentes
1172 1300 1382 1350 audiendi,
1414 1300 1449 1340 si
1487 1299 1655 1355 quando
1697 1299 1749 1339 de

315 1354 515 1409 amicitia,
537 1370 664 1411 quam
685 1370 760 1396 nee
783 1371 874 1407 usu,
896 1371 972 1397 nec
993 1356 1155 1398 ratione
1173 1356 1332 1398 habent
1351 1356 1582 1412 cognitam,
1603 1355 1749 1410 dispu-

314 1411 481 1466 tabunt-
538 1413 650 1453 Nam
684 1412 776 1468 quis
807 1421 884 1464 est,
914 1428 990 1468 pro
1021 1412 1149 1454 defim
1181 1413 1320 1463 fidem,
1351 1422 1476 1469 atque
1503 1411 1747 1453 hominum!

317 1467 390 1522 qui
415 1468 529 1517 velit,
549 1476 597 1509 ut
628 1483 763 1524 neque
789 1469 938 1525 diligat
964 1484 1236 1525 quemquam,
1256 1484 1331 1510 nee
1361 1470 1448 1525 ipse
1471 1469 1522 1510 ab
1544 1468 1632 1510 uilo
1653 1468 1749 1509 dili-

315 1534 457 1579 gatur,
479 1524 770 1566 circumfluere
796 1527 993 1567 omnibus
1019 1527 1166 1582 copiis,
1188 1535 1314 1582 atque
1334 1527 1376 1567 in
1399 1526 1588 1567 omnium
1610 1539 1751 1566 rerum

315 1580 574 1622 abundantia
603 1581 760 1622 vivere?
795 1582 887 1623 haee
917 1583 1025 1623 enim
1058 1591 1121 1623 est
1149 1592 1423 1638 tyrannorum
1455 1582 1562 1633 vita3
1593 1581 1636 1622 in
1667 1595 1750 1637 qua

317 1635 514 1678 nimirum
536 1638 651 1679 nulla
670 1637 788 1688 fides,
811 1638 927 1679 nulla
946 1640 1111 1689 caritas,
1133 1639 1248 1681 nulla
1268 1639 1428 1680 stabilis
1449 1638 1750 1680 benevolentiae

316 1702 459 1747 potest
485 1707 576 1735 esse
606 1694 783 1736 fiducia:
815 1695 957 1736 omnia
985 1710 1149 1751 semper
1172 1706 1381 1750 suspecta,
1399 1704 1526 1750 atque
1546 1694 1753 1735 sollicita:

255 1754 303 1802 5¹33
319 1748 457 1791 nullus
492 1750 612 1792 loeus
642 1751 853 1792 amicitiae.
912 1752 1020 1809 Quis
1053 1753 1163 1794 enim
1197 1761 1270 1793 aut
1302 1766 1399 1792 eum
1430 1751 1595 1806 diligat,
1624 1765 1751 1806 quem

319 1807 496 1857 metuit3
529 1817 603 1849 aut
632 1822 745 1858 eum,
773 1822 798 1849 a
826 1823 912 1864 quo
942 1823 985 1850 se
1014 1808 1147 1850 metui
1178 1810 1326 1864 putat?
1370 1808 1583 1849 Coluntur
1613 1815 1752 1863 tamen

316 1863 585 1919 simulatione
617 1864 820 1907 duntaxat
849 1865 903 1907 ad
932 1874 1114 1920 tempus.
1146 1864 1261 1921 quod
1291 1866 1325 1906 si
1355 1865 1463 1906 forte
1494 1866 1558 1918 (ut
1588 1865 1632 1904 fit
1662 1863 1754 1919 ple-

318 1922 512 1976 rumque)
547 1920 799 1962 ceciderint:
836 1930 927 1963 tum
962 1921 1226 1977 intelligitur,
1258 1936 1384 1977 quam
1415 1921 1570 1962 fuerint
1605 1919 1755 1975 inopes

317 1976 566 2018 amicorum.
605 1976 722 2033 quod
754 1986 792 2010 3⁵
808 1978 1088 2034 Tarquinium
1123 1978 1275 2019 dixisse
1309 1978 1461 2028 ferunt,
1493 1975 1753 2018 exsulantem

318 2030 363 2073 se
399 2033 669 2085 intellexisse,
706 2049 815 2090 quos
850 2034 955 2076 fidos
989 2035 1147 2076 amicos
1183 2034 1414 2084 habuisset,
1450 2048 1557 2089 quos
1589 2033 1754 2083 infidos,

255 2095 416 2174 {gleum
432 2088 522 2145 jam
545 2090 702 2131 neutris
723 2090 904 2146 gratiam
930 2091 1082 2132 referre
1102 2100 1259 2146 posset.
1316 2092 1588 2147 Quamquam
1610 2089 1755 2140 miror,

301 2144 390 2186 -illa
410 2145 604 2202 superbia
623 2155 666 2188 et
685 2147 1019 2202 importunitate,
1040 2154 1080 2180 36
1092 2148 1125 2188 si
1147 2162 1405 2203 quemquam
1425 2147 1580 2187 habere
1599 2146 1754 2201 potuit.

317 2203 464 2258 Atque
491 2211 538 2243 ut
567 2202 710 2259 hujus,
731 2218 859 2259 quem
887 2204 986 2256 dixi,
1008 2218 1148 2245 mores
1177 2218 1294 2244 veros
1322 2201 1482 2244 amicos
1503 2217 1649 2258 parare
1670 2217 1756 2244 non

318 2266 526 2314 potuere:
558 2259 616 2300 sic
647 2259 880 2302 multorum
915 2274 1015 2316 opes
1048 2260 1374 2316 praepotentium
1399 2259 1629 2301 excludunt
1649 2259 1755 2300 ami-

318 2314 438 2356 citias
471 2315 629 2357 fideles.
687 2317 789 2358 Non
819 2317 929 2358 enim
962 2317 1100 2359 solum
1130 2318 1221 2373 ipsa
1249 2317 1418 2357 fortuna
1446 2330 1559 2357 caeca
1582 2323 1660 2366 est,
1682 2315 1756 2357 sed

321 2384 395 2413 eos
415 2372 541 2413 etiam
563 2372 813 2429 plerumque
841 2374 967 2415 efficit
988 2388 1139 2424 caecos,
1160 2388 1267 2430 quos
1292 2372 1513 2428 complexa
1532 2380 1610 2412 est.
1668 2373 1755 2413 Ita-

320 2442 404 2485 que
424 2429 654 2471 efferuntur
680 2430 737 2470 illi
765 2430 850 2471 fere
877 2430 1062 2482 fastidio,
1082 2439 1126 2472 et
1146 2429 1441 2471 contumacia:
1474 2443 1609 2485 neque
1630 2428 1751 2485 quid-

363 2552 401 2577 83
425 2557 514 2588 neque
540 2546 686 2585 immanis]
717 2548 809 2577 Hane
831 2550 924 2578 eredo
949 2558 1017 2579 esse
1059 2550 1157 2579 oratio
1172 2556 1217 2578 est
1232 2549 1347 2579 durior.

318 2599 426 2620 veram
451 2589 634 2626 lectionem,
655 2600 718 2620 non
743 2590 888 2628 immunis,
905 2592 936 2620 in
953 2601 1016 2629 qua
1103 2598 1141 2621 85
1167 2592 1199 2620 T.
1228 2591 1333 2620 dixisse
1352 2591 1472 2631 serunt,
1499 2597 1559 2620 runt
1580 2589 1756 2620 exsulantem

319 2633 506 2672 explicanda
521 2643 553 2663 se
566 2640 681 2663 torsere
697 2633 752 2662 viri
768 2634 862 2663 docti.
907 2635 1017 2664 Serva·
1060 2645 1087 2663 se
1104 2633 1180 2673 δια]
1202 2640 1262 2662 tum
1284 2641 1330 2663 est
1352 2634 1507 2669 alienum,
1526 2634 1758 2673 repetitumque

319 2676 363 2705 vit
390 2685 460 2706 earn
488 2683 517 2705 et
546 2676 731 2711 LambinuS,
759 2686 957 2715 quamquam
987 2684 1017 2706 et
1061 2684 1177 2706 temere
1193 2678 1446 2715 esuperioribus.
1470 2686 1533 2706 non
1549 2676 1688 2706 dubitavi
1705 2677 1758 2706 de-

319 2718 448 2749 alteram
467 2718 622 2758 explicare
637 2725 764 2758 poterat.
1057 2720 1128 2749 lere.
1170 2720 1232 2749 Ms.
1255 2721 1353 2750 Goth.
1379 2720 1474 2749 habet
1498 2726 1557 2748 tum
1585 2730 1648 2748 cum
1675 2718 1758 2748 exrul

364 2767 403 2792 34
437 2761 551 2791 vinum
573 2761 709 2801 praeditt]
744 2761 899 2792 Revocavi
936 2771 1014 2792 curn
1058 2769 1138 2797 esset,
1155 2773 1182 2791 sc
1200 2764 1255 2792 &e
1274 2764 1358 2801 quod
1375 2773 1438 2793 non
1455 2761 1608 2801 displicet.

320 2802 445 2834 Graevio
463 2805 596 2844 pra-diri.
613 2806 697 2844 quod
722 2804 857 2843 Langius
881 2812 911 2835 et
934 2805 1015 2834 Gru·
1102 2810 1141 2835 :36
1166 2805 1189 2833 si
1212 2817 1381 2847 quemquam
1404 2805 1506 2834 habere
1521 2803 1632 2843 poluit]
1652 2804 1702 2835 Sc.
1719 2803 1758 2835 fi·

319 2853 403 2875 rerns
426 2855 618 2877 omiserant:
648 2856 722 2877 nam
746 2848 813 2876 sine
837 2849 898 2877 hoe
920 2848 1015 2877 verbo
1057 2849 1136 2878 dum
1152 2849 1307 2879 amicum.
