1844 3202
589 118 765 156 LIBER
807 117 1048 155 PRIMUS.
1465 122 1538 162 707

115 234 316 284 praesunt,
336 240 462 283 quam
492 225 564 280 qui
595 224 752 266 bellurn
781 233 948 279 gerunt.
1008 223 1157 278 Itaque
1186 236 1331 264 eorum
1362 223 1539 266 consilio

114 297 227 338 saepe
256 293 330 324 aut
359 297 441 324 non
471 290 678 337 suscepta,
709 290 782 322 aut
811 279 1006 321 confecta
1045 278 1156 320 bella
1185 289 1298 329 sunt,
1327 294 1538 322 nonnum·
1552 287 1584 318 b.

113 353 242 395 quam
261 340 385 381 etiam
403 337 543 379 illata:
576 348 622 378 ut
651 338 716 378 M.
740 336 915 378 Catonis
934 335 1090 377 bellum
1114 336 1283 376 tertium
1307 336 1538 388 Punicum3

113 395 155 436 in
225 409 281 436 uo
315 394 441 436 etiam
476 393 633 435 mortui
664 393 792 435 valuit
829 392 1070 434 auctoritas.
1174 405 1273 432 uare
1307 393 1540 446 expetenda
1553 395 1604 427 80

112 452 184 506 qui
215 465 281 491 em
312 451 448 505 magis
475 459 538 491 est
567 449 817 491 decernendi
847 450 966 499 ratio,
988 463 1115 505 quam
1175 448 1387 489 ecertandi
1417 448 1538 488 forti-

112 506 215 548 tudo
233 523 243 547 :
275 507 347 548 sed
368 506 612 558 cavendum,
633 521 684 548 ne
704 506 747 548 id
776 505 960 548 bellandi
981 505 1117 560 magis
1139 504 1255 560 fuga,
1277 519 1403 560 quam
1425 504 1539 545 utili-

110 563 207 603 tatis
228 563 389 604 ratione
409 563 625 604 faciamus.

164 619 331 660 Bellum
370 629 510 660 autem
542 620 599 660 ita
629 619 894 675 suscipiatur,
926 627 973 660 ut
1014 618 1117 659 nihil
1157 618 1286 667 aliud,
1325 617 1401 657 nisi
1442 631 1537 673 pax,

109 676 286 730 quaesita
314 676 515 717 videatur.
575 676 710 718 Fortis
739 690 836 717 vero
871 685 913 716 et
952 675 1182 716 constantis
1213 684 1291 725 est,
1324 689 1404 715 non
1446 688 1541 728 per-

106 732 266 773 turbari
287 733 326 773 in
356 733 481 774 rebus
502 733 673 788 asperis,
694 747 770 773 nec
797 731 1125 773 tumultuantem
1159 731 1210 771 de
1238 731 1373 786 gradu
1398 730 1537 786 dejici,

106 797 155 828 ut
184 788 366 840 dicitur3
397 789 471 830 sed
499 789 715 845 praesentis
745 788 870 830 animi
902 788 964 830 uti
994 788 1186 838 consilio,
1217 802 1294 828 nec
1324 802 1348 827 a
1378 788 1538 828 ratione

105 843 333 886 discedere.
381 847 653 902 Quamquam
676 846 757 886 hoc
777 845 919 895 animi,
942 844 1045 886 illud
1066 844 1191 885 etiam
1214 844 1371 899 ingenii
1393 844 1536 899 magni
1553 852 1597 884 81

104 910 182 953 est,
213 902 438 958 praecipere
467 902 726 958 cogitatione
755 903 911 951 futura,
936 911 979 942 et
1007 901 1223 957 aliquanto
1253 909 1350 942 ante
1380 901 1538 942 consti-

105 966 240 1008 tuere,
276 959 377 1015 quid
410 959 600 1000 accidere
632 959 764 1014 possit
797 959 837 999 in
870 967 1092 1014 utramque
1125 967 1314 1013 partem:
1346 967 1404 1008 et,
1437 957 1538 1013 quid

104 1014 315 1069 agendum
334 1015 400 1065 sit,
416 1030 513 1056 cum
531 1015 632 1072 quid
650 1016 844 1065 evenerit,
860 1029 936 1055 nec
949 1014 1229 1064 committere,
1248 1024 1294 1055 ut
1311 1014 1537 1070 aliquando

105 1071 333 1112 dicendum
353 1072 421 1122 sit,
442 1072 534 1112 Non
550 1079 760 1126 putaram.
820 1072 927 1112 Haec
958 1080 1054 1112 sunt
1075 1085 1204 1126 opera
1228 1071 1374 1126 magni
1394 1071 1537 1122 animi,

103 1136 146 1168 et
168 1128 334 1178 excelsi,
356 1137 398 1170 et
420 1128 658 1183 prudentia,
680 1127 942 1183 consilioque
964 1127 1141 1168 fidentis.
1197 1128 1375 1168 Temere
1394 1136 1536 1168 autem

104 1182 144 1223 in
166 1184 255 1224 acie
276 1185 440 1235 versari,
461 1193 505 1224 et
523 1199 652 1225 manu
672 1199 769 1225 cum
798 1184 920 1224 hoste
941 1184 1183 1239 confligere,
1204 1184 1387 1224 immane
1412 1184 1537 1238 quid-

103 1239 216 1290 dam,
239 1247 282 1280 et
300 1240 520 1281 beluarum
540 1240 675 1281 simile
695 1250 772 1281 est.
795 1239 869 1281 sed
896 1255 995 1280 cum
1025 1249 1193 1296 tempus
1227 1240 1535 1296 necessitasque

103 1296 305 1351 postulat,
334 1296 636 1338 decertandum
667 1311 796 1337 manu
822 1306 899 1347 est,
918 1307 961 1337 et
988 1311 1102 1337 mors
1134 1297 1319 1338 servituti
1349 1297 1533 1352 turpitu-

99 1351 272 1408 dinique
301 1353 604 1408 anteponenda.
662 1354 730 1394 De
759 1353 990 1394 evertendis
1026 1362 1166 1394 autem
1205 1353 1532 1409 diripiendisque
1547 1352 1617 1400 24

99 1409 289 1460 urbibus,
311 1410 428 1451 valde
458 1409 808 1452 considerandum
838 1418 916 1461 est,
947 1425 999 1450 ne
1028 1409 1128 1466 quid
1160 1420 1332 1460 temere,
1356 1424 1406 1450 ne
1431 1411 1532 1465 quid
1547 1427 1595 1459 82

98 1465 336 1507 crudeliter.
356 1466 482 1523 idque
502 1475 564 1507 est
582 1467 656 1508 viri
677 1467 838 1522 magni,
858 1467 982 1507 rebus
1001 1466 1185 1521 agitatis,
1207 1466 1353 1521 punire
1374 1476 1531 1519 sontes,

98 1522 413 1564 multitudinem
434 1537 690 1574 conservare,
711 1524 752 1564 in
772 1523 888 1564 omni
909 1523 1092 1573 fortuna,
1114 1532 1227 1563 recta
1246 1533 1372 1578 atque
1401 1523 1534 1565 hone-

97 1586 162 1620 sta
181 1580 371 1621 retinere.
432 1581 496 1621 Ut
524 1580 636 1621 enim
667 1589 779 1631 sunt,
798 1579 1158 1636 quemadmodum
1185 1593 1309 1634 supra
1337 1579 1437 1630 dixi,
1459 1581 1534 1636 qui

97 1636 267 1678 urbanis
289 1638 412 1678 rebus
437 1636 609 1678 bellicas
633 1645 914 1692 anteponant:
947 1637 1006 1677 sic
1034 1636 1213 1692 reperies
1241 1636 1415 1686 multos,
1437 1637 1532 1692 qui-

95 1692 176 1733 bus
192 1693 427 1748 periculosa
444 1701 486 1734 et
505 1693 657 1734 callida
672 1693 861 1744 consilia,
876 1693 1028 1748 quietis
1049 1703 1091 1733 et
1106 1693 1303 1748 cogitatis
1323 1702 1365 1734 et
1386 1693 1528 1748 splen·
1543 1706 1572 1735 p·
1594 1701 1641 1731 17-

96 1748 273 1800 didiora,
312 1760 354 1791 et
382 1750 545 1806 majora
574 1749 802 1791 videantur.
862 1751 1111 1805 Numquam
1146 1750 1320 1790 omnino
1353 1749 1570 1805 periculia·

95 1807 200 1861 fuga
234 1806 585 1847 committendum
621 1815 698 1857 est,
729 1815 778 1846 ut
809 1806 1001 1847 imbelles
1033 1806 1254 1862 timidique
1282 1789 1588 1848 videamur:83

95 1862 168 1904 sed
191 1862 441 1918 fugiendum
468 1863 594 1903 etiarn
621 1862 739 1914 illud,
762 1877 814 1903 ne
847 1862 1071 1904 offeramus
1102 1878 1178 1903 nos
1213 1863 1409 1918 periculis
1440 1864 1528 1906 sine

95 1933 245 1960 causa:
284 1934 370 1975 quo
401 1919 505 1960 nihil
540 1928 682 1974 potest
713 1933 803 1959 esse
837 1919 1019 1960 stultius.
1078 1920 1348 1976 Quapropter
1381 1920 1424 1960 in
1453 1921 1528 1962 ad-

94 1975 242 2018 eundis
262 1976 458 2031 periculis
478 1975 743 2017 consuetudo
765 1975 968 2016 imitanda
987 1975 1249 2017 medicorum
1273 1986 1351 2027 est,
1371 1977 1442 2032 qui
1464 1977 1526 2018 le-

92 2032 197 2074 viter
226 2040 479 2088 aegrotantes
504 2032 669 2073 *leniter
697 2041 860 2082 curant,
889 2032 1151 2087 gravioribus
1185 2042 1326 2073 autem
1366 2034 1526 2075 morbis

93 2089 347 2144 periculosas
368 2089 606 2130 curationes
627 2097 668 2129 et
687 2088 888 2144 ancipites
907 2089 1107 2130 adhibere
1123 2099 1350 2144 coguntur.
1381 2091 1525 2146 Quare

92 2147 136 2187 in
164 2145 390 2201 tranquillo
418 2154 711 2201 tempestatem
742 2146 955 2186 adversam
995 2155 1155 2201 optare,
1186 2146 1394 2187 dementis
1432 2156 1524 2189 est:

92 2202 311 2244 subvenire
333 2211 473 2243 autem
498 2202 739 2257 tempestati
765 2202 908 2258 quavis
937 2203 1114 2252 ratione,
1135 2203 1357 2258 sapientis:
1389 2218 1525 2259 eoque

91 2260 243 2315 magis,
265 2259 298 2299 si
318 2258 412 2314 plus
434 2258 679 2311 adipiscare,
700 2273 744 2299 re
763 2259 982 2314 explicata,
1004 2259 1120 2310 boni,
1139 2274 1266 2315 quam
1290 2269 1328 2294 9⁵
1346 2260 1523 2302 addubi—

91 2323 180 2356 tata
194 2315 313 2356 mali.·
368 2315 615 2356 Periculosae
635 2324 778 2356 autem
798 2330 938 2356 rerum
959 2316 1146 2357 actiones
1166 2317 1319 2371 partim
1340 2317 1390 2358 iis
1412 2326 1523 2368 sunt,

92 2372 166 2429 qui
185 2386 254 2412 eas
273 2372 522 2428 suscipiunt,
541 2372 694 2427 partim
722 2371 978 2427 reipublicae.
1038 2373 1234 2429 Itemque
1257 2373 1326 2414 alii
1354 2373 1407 2414 de
1428 2375 1524 2425 vita,

91 2428 162 2468 alii
183 2427 236 2468 de
255 2427 405 2482 gloria,
425 2437 468 2470 et
495 2428 788 2469 benevolentia
807 2428 960 2470 civium
988 2428 1030 2469 in
1060 2429 1286 2471 discrimen
1305 2438 1522 2472 vocantur.

92 2484 347 2526 Promtiores
365 2485 496 2540 igitur
513 2485 716 2527 debemus
736 2499 826 2526 esse
845 2484 899 2526 ad
924 2495 1068 2526 nostra
1094 2487 1295 2541 pericula,
1316 2502 1443 2542 quam
1470 2487 1524 2528 ad

89 2540 348 2592 communia,
367 2541 649 2598 dimicareque
677 2542 862 2598 paratius
892 2541 945 2583 de
974 2542 1137 2584 honore
1164 2553 1207 2585 et
1224 2543 1375 2599 gloria,
1395 2558 1522 2600 quam

92 2597 146 2639 de
164 2597 312 2640 ceteris
329 2599 578 2640 commodis.

149 2654 309 2695 Inventi
339 2662 480 2695 autem
509 2654 633 2696 multi
663 2664 775 2707 sunt,
803 2654 875 2712 qui
905 2670 989 2697 non
1019 2654 1149 2697 modo
1178 2656 1418 2711 pecuniam,
1448 2655 1583 2697 sads-1

134 2798 172 2823 95
196 2789 380 2830 addubitata]
400 2791 543 2821 Pearcius
561 2791 697 2831 explicat
705 2801 782 2822 cum
827 2792 929 2821 immo
944 2798 1002 2828 est,
1019 2801 1049 2821 re
1066 2792 1098 2821 in
1117 2791 1295 2831 periculum
1312 2791 1408 2823 cladis
1424 2792 1521 2828 addu-

91 2833 228 2872 Graevio,
235 2840 355 2874 propter
375 2834 513 2864 incertum
530 2834 638 2864 exitum
657 2835 758 2865 omissa
772 2846 781 2873 3
826 2841 888 2871 cta,
902 2841 968 2871 aut,
986 2835 1011 2865 si
1027 2835 1110 2865 male
1126 2834 1273 2865 evenerit.

826 2889 944 2930 zz4
