1844 3202
308 127 388 163 858
678 123 739 162 Μ.
777 123 996 162 TULLII
1033 122 1366 162 CICERONIS

303 231 417 287 piam
442 238 585 274 autem
604 231 789 273 declarat
806 231 974 273 satietas
991 248 1146 283 rerum,
1164 241 1289 289 atque
1308 230 1584 273 abundantia:
1609 244 1735 287 quam

305 297 354 328 tu
372 288 573 344 quoniam
602 303 818 346 nunquam
839 303 1075 345 assequere,
1095 304 1311 345 nunqnam
1342 289 1513 330 omnino
1544 303 1588 329 es
1621 289 1737 329 futu-

305 358 376 385 rus
405 344 531 386 dixffes
592 347 738 387 Meam
766 355 907 387 autem
939 360 1138 409 quoniam
1170 346 1387 400 pecuniam
1419 345 1670 395 contemnis,
1694 351 1737 384 et

304 409 418 442 recte
455 404 533 455 (est
567 402 680 444 enim
715 402 768 443 ad
801 402 915 457 xulgi
950 402 1191 456 opinionem
1227 402 1477 444 1116ἀὶ06115·
1469 434 1478 451 ,
1516 401 1569 443 ad
1604 410 1736 451 tuam,

305 457 445 509 nulla3
476 458 529 499 ad
559 473 711 509 meam,
732 458 914 509 modica)
940 458 992 498 de
1022 472 1091 498 me
1122 458 1284 499 silebo.
1317 459 1369 499 de
1400 474 1442 500 re
1469 459 1632 513 loquar.
1694 456 1737 496 Si

303 514 511 555 censenda
531 515 653 556 nobis
674 525 801 570 atque
824 514 1070 555 aestimanda
1095 528 1158 555 res
1180 514 1247 564 sit,
1268 525 1409 556 utrum
1441 516 1611 556 tandem
1643 514 1737 569 plu-

303 570 360 612 ris
392 571 648 613 aestimemus
679 571 898 626 pecuniam
941 570 1102 626 Pyrrhi,
1133 585 1259 626 quam
1292 572 1482 613 Fabricio
1513 572 1654 621 dabat,
1685 585 1736 610 an

303 628 608 669 continentiam
650 627 841 678 Fabricii,
873 627 944 682 qui
976 626 1091 667 illam
1121 628 1341 682 pecuniam
1373 628 1653 683 repudiabat?
1686 642 1736 667 u-

303 692 418 725 trum
449 699 596 725 aurum
630 684 882 734 Samnitum,
903 699 955 724 an
984 698 1232 738 responsum
1255 684 1321 723 M'
1345 684 1496 725 Curii?
1528 683 1735 725 heredita-

302 748 388 782 tem
412 742 462 781 L.
493 741 639 790 Paulli,
661 755 712 781 an
734 740 1024 782 liberalitatem
1047 740 1252 791 Africani,
1274 741 1346 796 qui
1374 741 1464 796 ejus
1494 739 1736 782 hereditatis

303 797 360 853 Q.
392 798 585 838 Maximo
615 797 732 839 fratri
762 808 922 852 partem
955 811 1072 838 suam
1103 798 1342 838 concessit?
1384 799 1492 838 Haec
1529 798 1737 852 profecto,

302 868 400 908 quae
422 864 520 894 sunt
539 869 799 895 summarum
818 854 1034 904 xirtutum,
1057 853 1187 918 pluris
1210 854 1343 895 aestim
1333 854 1457 895 anda
1476 864 1586 904 sunt,
1609 868 1737 909 quam

302 909 388 960 1113,
412 925 506 966 quae
529 921 625 953 sunt
650 911 851 975 pecuniae.
912 910 1020 966 Quis
1040 911 1169 965 igitui
1194 910 1243 963 (si
1265 911 1451 966 quidem,
1473 921 1520 952 ut
1541 911 1738 966 quisque,

302 966 420 1021 quod
449 966 619 1032 plurimi
641 968 707 1017 sit,
730 966 955 1022 possideat,
977 967 1036 1007 ita
1060 966 1291 1007 ditissimus
1323 967 1541 1007 habendus
1563 967 1632 1016 sit)
1658 966 1738 1006 du-

302 1022 425 1073 bitet,
445 1023 546 1086 quin
576 1024 618 1064 in
638 1024 790 1064 virtute
816 1023 968 1064 divitiae
996 1024 1104 1063 sint?
1139 1023 1339 1078 quoniam
1372 1023 1486 1063 nulla
1514 1022 1738 1078 possessio,

303 1078 419 1120 nulla
440 1095 496 1120 xis
523 1081 612 1121 auri
641 1088 683 1120 et
712 1080 890 1135 argenti,
908 1080 1053 1134 pluris,
1075 1093 1201 1135 quam
1223 1080 1366 1130 virtus,
1389 1079 1635 1120 aestimanda
1660 1087 1737 1119 est.

256 1132 343 1181 30
365 1135 422 1176 dii
444 1136 731 1178 immortales.
725 1137 730 1165 ¹
765 1152 850 1177 non
881 1136 1124 1192 intelligunt
1154 1136 1361 1187 homines,
1385 1151 1511 1192 quam
1534 1150 1736 1191 magnum

302 1193 482 1248 vectigal
503 1194 555 1235 sit
586 1194 853 1249 parsimonia
876 1208 995 1233 venio
1025 1193 1137 1233 enim
1165 1193 1254 1247 jam
1285 1192 1337 1233 ad
1369 1203 1638 1234 sumtuosos·
1671 1207 1736 1233 re-

302 1248 482 1305 linquo
472 1260 599 1290 istum
629 1260 933 1306 quaestuosum.
996 1249 1123 1304 Capit
1153 1249 1221 1290 ille
1251 1264 1300 1290 ex
1331 1250 1414 1290 suis
1446 1249 1613 1304 praediis
1643 1263 1735 1289 sex-

302 1316 426 1346 centa
457 1307 674 1358 sestertia3
707 1322 790 1362 ego
825 1316 1000 1347 centena
1032 1321 1081 1347 ex
1116 1306 1248 1346 meis:
1282 1306 1338 1346 illi
1374 1315 1520 1347 aurata
1552 1314 1664 1346 tecta
1695 1305 1737 1346 in

301 1362 423 1412 villis,
443 1373 485 1404 et
518 1363 608 1404 sola
635 1378 871 1404 marmorea
898 1371 934 1394 53
951 1362 1133 1413 facienti,
1154 1372 1196 1403 et
1224 1363 1357 1418 signa,
1383 1363 1562 1413 tabulas,
1593 1361 1736 1417 supel-

301 1419 502 1471 lectilem,
532 1429 575 1461 et
605 1429 761 1462 vestem
799 1420 958 1461 infinite
994 1419 1326 1474 concupiscenti,
1356 1428 1394 1451 ⁵⁴
1413 1435 1494 1460 non
1525 1419 1655 1460 modo
1685 1418 1737 1459 ad

301 1485 493 1517 sumtum
525 1477 594 1517 ille
623 1486 687 1518 est
717 1478 892 1527 fructus,
924 1477 997 1517 sed
1035 1476 1162 1517 etiam
1193 1476 1246 1517 ad
1280 1477 1434 1525 foenus,
1464 1477 1656 1531 exiguus.
1687 1489 1738 1516 ex

301 1547 399 1573 meo
434 1533 550 1575 tenui
577 1534 786 1589 vectigali,
818 1533 1014 1574 detractis
1048 1532 1258 1574 sumtibus
1290 1532 1548 1587 cupiditatis,
1577 1531 1737 1596 aliquid

301 1589 430 1630 etiam
461 1590 726 1631 redundabit.
788 1591 896 1631 Uter
923 1590 1053 1644 igitur
1081 1600 1145 1630 est
1173 1589 1312 1639 ditior,
1340 1588 1408 1629 6111
1436 1589 1568 1639 decst,
1588 1604 1638 1629 an
1667 1588 1736 1629 6111

237 1655 242 1661 ”
301 1648 501 1701 superat?
534 1647 606 1702 qui
627 1657 739 1702 eget,
761 1661 812 1686 an
833 1646 905 1701 qui
926 1648 1035 1686 abun
1041 1645 1111 1686 dat
1130 1647 1142 1685 ?
1176 1645 1298 1701 cujus
1326 1647 1534 1700 possessio
1556 1660 1641 1702 quo
1673 1653 1737 1708 est

299 1703 450 1759 major,
472 1717 522 1744 eo
544 1703 638 1758 plus
659 1703 832 1758 requirit
855 1702 906 1743 ad
929 1717 971 1743 se
999 1702 1224 1742 tuendam:
1257 1716 1309 1742 an
1339 1717 1433 1757 quae
1459 1702 1543 1743 suis
1576 1717 1620 1742 se
1642 1701 1735 1742 viri-

299 1759 380 1800 bus
406 1760 615 1802 sustinet?
649 1761 731 1800 Sed
764 1758 865 1815 quid
900 1774 982 1814 ego
1011 1759 1064 1798 de
1095 1773 1162 1798 me
1196 1759 1360 1813 loquor,
1385 1759 1458 1814 qui
1486 1773 1656 1800 morum
1688 1771 1737 1798 ac

298 1824 541 1871 temporum
561 1817 662 1858 vitio
684 1817 944 1872 aliquantum
967 1816 1097 1856 etiam
1117 1815 1207 1870 ipse
1227 1815 1321 1855 fort
1314 1830 1401 1855 1556
1431 1830 1471 1855 111
1502 1815 1629 1870 hujus
1658 1823 1737 1855 536·-

298 1872 384 1914 61111
407 1888 546 1914 errore
565 1887 701 1914 xerser
720 1875 732 1913 ?
767 1874 846 1914 M?
880 1872 1084 1913 Manilius
1104 1882 1273 1927 patrum
1302 1880 1543 1913 nostrorum
1572 1886 1736 1913 memo-

297 1929 361 1971 ria
390 1933 458 1983 (ne
489 1944 653 1986 semper
675 1930 844 1993 Cuiios,
865 1938 909 1969 et
939 1928 1146 1969 Luscinos
1176 1928 1418 1992 loquamur)
1452 1942 1612 1984 pauper
1643 1937 1737 1969 tan-

300 1986 399 2027 dem
429 1987 523 2027 fuit.
556 1987 705 2027 habuit
735 1986 845 2026 enim
879 1985 1076 2026 aediculas
1108 1985 1149 2025 in
1182 1984 1362 2035 Carinis,
1393 1995 1435 2026 et
1471 1984 1651 2026 fundum
1692 1984 1736 2025 in

300 2043 531 2084 Labicano.
557 2058 632 2083 nos
666 2043 796 2098 igitur
827 2042 1014 2107 ditiores,
1045 2041 1117 2097 qui
1151 2041 1272 2096 plura
1303 2041 1533 2082 habemus.
1526 2042 1539 2068 ³
1573 2042 1737 2083 utinam

301 2099 500 2155 quidem!
545 2099 618 2140 sed
656 2114 739 2140 non
779 2099 1058 2140 aestirnatione
1096 2112 1259 2147 census,
1290 2112 1433 2138 verum
1463 2098 1575 2139 victu
1608 2107 1736 2154 atque

299 2155 420 2196 cultu
458 2156 706 2197 terminatur
743 2155 930 2211 pecuniae
970 2154 1137 2195 modus.
1169 2169 1253 2194 non
1290 2169 1379 2195 esse
1410 2154 1630 2210 cupidum,
1660 2168 1735 2210 pe-

299 2211 424 2253 cunia
457 2219 546 2253 est:
580 2227 665 2253 non
699 2226 790 2253 esse
814 2226 1018 2261 emacem,
1040 2211 1220 2266 vectigal
1248 2222 1326 2252 est.
1361 2220 1607 2252 contentum
1637 2225 1735 2252 vero

300 2268 386 2309 suis
407 2269 532 2309 rebus
551 2283 655 2320 esse,
674 2269 868 2310 maximae
887 2276 999 2319 sunt,
1019 2268 1347 2323 certissimaeque
1367 2267 1534 2308 divitiae.
1565 2267 1736 2308 Etenim

299 2325 335 2366 si
361 2324 431 2367 isti
459 2325 599 2367 callidi
631 2340 771 2367 rerum
802 2325 1078 2367 aestimatores
1108 2336 1229 2379 prata
1257 2334 1299 2365 et
1330 2333 1367 2357 ⁵⁵
1385 2338 1499 2365 areas
1531 2323 1734 2380 quasdam

343 2466 381 2492 53
394 2459 540 2500 facienti]
560 2461 658 2491 Recte
673 2470 728 2500 pro
740 2462 929 2500 glossemate
940 2461 997 2490 ha·
1084 2468 1121 2491 55
1145 2471 1227 2489 areas
1249 2459 1404 2502 quasdam]
1440 2462 1525 2491 Ouia
1547 2470 1627 2492 areae
1657 2462 1690 2492 h.
1714 2461 1736 2492 l.

298 2503 351 2534 bet
372 2503 522 2541 Ursinus,
538 2505 593 2543 qui
617 2505 649 2534 in
673 2504 753 2534 libro
775 2505 907 2543 antiquo
930 2513 995 2533 non
1039 2512 1116 2533 cum
1140 2505 1308 2533 fructuosis
1333 2505 1592 2543 possessionibus,
1609 2511 1646 2535 ut
1667 2513 1737 2544 pra-

298 2546 421 2587 reperit.
1040 2547 1089 2582 tis,
1108 2546 1302 2585 junguntur,
1315 2547 1511 2586 intelligitur,
1525 2557 1589 2578 non
1605 2557 1672 2577 esse
1687 2549 1738 2577 in-

344 2597 382 2621 54
406 2600 459 2618 non
483 2587 560 2617 modo
582 2587 629 2617 ad·
642 2595 767 2618 sumtum
790 2588 839 2618 ille
862 2595 903 2618 est
920 2589 996 2628 sru-
1039 2589 1234 2628 telligendaS,
1250 2599 1323 2629 quae
1338 2591 1377 2619 ab
1393 2592 1512 2620 aedium
1529 2591 1626 2621 ruinis
1647 2597 1736 2628 sunt,

299 2640 373 2669 ctus,
397 2632 446 2661 sed
465 2632 554 2661 etiam
575 2631 617 2660 ad
632 2632 737 2671 foemcs
759 2630 800 2671 e.]
831 2632 892 2661 Hic
921 2632 996 2661 ordo
1040 2633 1072 2662 in
1097 2632 1186 2668 urbe,
1203 2633 1255 2662 sed
1278 2633 1379 2670 qualis
1396 2634 1455 2664 fuit
1470 2644 1499 2663 v.
1521 2642 1549 2663 c.
1573 2633 1605 2663 in
1622 2633 1738 2673 AEqui-

297 2676 446 2714 vulgatus
469 2680 535 2705 erat
555 2681 628 2704 ante
656 2674 864 2710 Lambinum,
887 2676 942 2713 qui
967 2682 997 2705 et
1041 2675 1149 2709 melio,
1165 2676 1195 2704 in
1212 2684 1275 2713 qua
1291 2677 1416 2706 stabant
1431 2686 1542 2717 pecora
1554 2676 1690 2714 venalia,
1704 2683 1736 2707 et

296 2719 442 2756 servavit,
460 2718 515 2749 etsi
537 2718 568 2747 in
592 2717 677 2748 libris
698 2727 758 2748 scr.
783 2724 813 2747 et
836 2718 904 2747 edd.
921 2725 996 2748 veit.
1039 2718 1100 2748 alia
1118 2720 1160 2755 (v.
1177 2719 1215 2747 de
1232 2719 1341 2748 Divin.
1359 2720 1402 2757 11,
1423 2719 1486 2758 17.)
1503 2729 1576 2759 quae
1592 2720 1665 2749 inde
1680 2729 1735 2760 pe·

297 2769 450 2801 repererat
473 2772 525 2790 non
545 2760 624 2790 modo
644 2761 685 2789 ad
693 2761 996 2801 fructum—sumtus.
1040 2768 1190 2795 terentur.
1203 2763 1333 2801 ideoque
1343 2762 1439 2795 locari
1450 2768 1596 2804 poterant
1605 2769 1635 2793 et
1649 2771 1732 2794 mer-

297 2806 415 2835 Sensus
431 2805 558 2844 quidem
583 2803 676 2833 illum
693 2804 836 2835 ordinem
852 2805 992 2844 requirit,
1034 2805 1148 2837 cedem
1161 2805 1343 2836 afferebant.

297 2848 387 2879 hunc
402 2858 479 2879 non.
494 2848 601 2886 itaque
616 2847 752 2891 restitui,
