1844 3202
444 120 838 160 FRAGMENTA
867 120 1234 161 POEMATUM.
1472 127 1559 172 949

133 232 308 270 Pistricem
324 230 516 276 observans,
528 231 646 282 procul
662 230 729 267 illis
748 229 902 267 Piscibus
920 229 1059 270 baerens.

132 288 184 323 At
193 296 294 336 prope
311 285 480 335 conspicies
500 291 644 334 expertes
661 283 800 320 nomini-s
817 295 924 320 omnes
1479 289 1555 332 270

132 339 224 376 Inter
245 339 416 376 Pistricem
429 347 460 374 et
480 338 606 374 Piscem
624 350 720 387 quem
739 336 882 373 diximus
900 337 1023 374 Austri

135 392 259 429 Stellas
277 392 338 428 sub
350 390 489 441 pedibus
507 399 631 427 stratas
649 389 816 426 radiantis
835 390 985 441 Aquari.

133 446 274 494 Propter
291 445 467 495 Aquarius
484 443 655 480 obscurum
672 443 793 481 dextra
811 444 905 494 rigat
921 455 1064 490 amnem,

133 499 270 548 Exiguo
283 499 340 548 qui
359 497 527 533 stellarum
547 496 688 534 candore
705 497 844 534 nitescit.

134 552 168 588 E
182 551 294 587 multis
310 558 420 587 tamen
440 550 489 587 bis
506 550 570 587 duo
588 550 656 587 late
673 550 801 586 lumina
806 550 964 600 fulgent.
1483 553 1554 594 175

137 604 248 641 {bium
266 603 327 640 sub
347 604 476 653 magnis
488 603 628 654 pedibus
645 612 794 640 cernetur
811 604 960 654 Aquad.

138 657 239 707 Quod
253 666 392 708 superest
408 656 518 706 gelido
537 657 704 707 delapsum
710 657 856 704 flumine
859 656 974 704 fontis

135 711 340 761 Spinifi’ram
359 710 471 747 subter
487 710 630 747 caudam
649 710 800 747 Pistricis
818 709 963 748 adhaesit
977 725 992 746 :

135 764 183 801 Et
204 773 311 801 tenues
329 763 436 800 stellae
447 763 660 814 perhibentur
678 763 803 800 nomine
820 763 970 813 Aquari.

135 817 207 854 Hic
224 818 305 855 aliae
321 817 466 854 volitant
477 827 590 867 parvo
606 830 679 853 cum
698 816 820 853 lumine
833 817 951 862 clarae,
1485 821 1559 854 180

137 874 250 921 Atque
261 871 376 921 priora
390 869 509 920 pedum
527 869 667 906 subeunt
685 869 834 919 vestigia
852 869 970 920 magni

135 924 368 965 Arcitencntis,
389 932 419 960 et
437 922 583 960 obscurae
598 923 665 959 sine
681 923 807 960 nomine
824 922 956 961 cedunt.

138 978 221 1014 Inde
242 978 346 1028 Nepa?
364 990 447 1014 cern
444 990 470 1012 s
482 983 617 1027 propter
621 975 794 1025 ficlgentts
812 989 950 1013 acumen

139 1032 264 1074 Aram,
283 1044 382 1081 quam
391 1029 489 1077 flatu
505 1032 684 1080 permulcet
702 1030 836 1079 spiritus
855 1029 993 1074 Austri,

138 1084 274 1133 Exiguo
292 1095 443 1134 superum
463 1097 539 1134 quce
557 1083 686 1120 lumina
708 1090 844 1134 tempore
864 1089 983 1120 tranat
997 1098 1009 1119 :
1486 1087 1558 1120 185

138 1137 232 1173 Nam
248 1137 367 1187 procul
385 1139 532 1173 Arcturo
549 1143 597 1173 est
615 1136 762 1173 adversa
778 1143 877 1187 parte
894 1137 1016 1173 locata.

136 1191 284 1227 Arcturo
303 1203 461 1240 magnum
481 1192 586 1240 spatio
605 1201 708 1240 supra
726 1189 818 1226 dedit
836 1189 943 1227 orbem

137 1243 295 1293 Jupiter:
325 1243 412 1280 hunc
423 1254 573 1294 parvum
593 1244 743 1292 inferiore
760 1243 795 1279 in
808 1249 909 1294 parte
924 1242 1063 1280 locavit.

138 1297 208 1333 Hic
226 1303 338 1333 tamen
356 1303 478 1333 aeterno
496 1297 641 1333 invisens
660 1297 730 1333 loca
749 1297 912 1333 curriculo
930 1310 1009 1342 nox,

139 1350 250 1399 Signa
270 1350 361 1386 dedit
380 1351 503 1392 nautis,
524 1351 634 1387 cuncti
651 1363 728 1400 quae
744 1363 870 1387 noscere
881 1356 1025 1400 possent,
1489 1354 1565 1397 190

142 1402 379 1440 Commiserans
397 1403 561 1440 bominum
581 1402 764 1440 metuendos
782 1403 927 1454 undique
943 1416 1049 1440 casus.

139 1456 234 1493 Nam
253 1471 355 1508 quum
361 1457 554 1506 fulgentem
574 1470 680 1493 cernes
698 1458 766 1494 sine
785 1456 926 1494 nubibus
944 1456 1030 1494 atris

138 1510 248 1546 Aram
268 1510 329 1546 sub
349 1511 458 1547 media
477 1511 551 1546 coeli
569 1510 697 1559 regione
714 1510 870 1553 locatam,

139 1566 175 1599 A
189 1576 318 1600 summa
335 1570 435 1614 parte
452 1562 591 1600 obscura
609 1563 753 1613 caligine
770 1570 905 1607 tectam,
1574 1601 1577 1603 ,

141 1616 229 1653 Tum
248 1616 375 1653 validis
379 1617 502 1666 fugito
521 1617 677 1653 devitans
695 1616 829 1653 viribus
849 1617 1016 1654 Austrum
1031 1631 1043 1653 .·
1492 1601 1579 1663 195ὲ

144 1670 248 1719 Quem
268 1671 296 1705 si
307 1671 503 1720 prospiciens
522 1670 706 1714 vitaveris,
725 1671 833 1706 omnia
848 1676 946 1706 caute

139 1725 361 1760 Armamenta
380 1723 502 1766 locans,
524 1729 595 1759 tuto
611 1722 719 1759 labere
732 1734 793 1773 per
811 1722 933 1760 undas.

141 1775 205 1813 Sin
219 1777 346 1825 gravis
363 1776 515 1813 inciderit
531 1775 714 1813 vehementi
719 1776 867 1823 flamme
883 1782 1018 1820 ventus,

139 1829 334 1879 Perfringet
353 1830 448 1866 celsos
466 1828 574 1875 defixo
591 1829 702 1867 robore
721 1829 848 1866 malos:

144 1883 193 1920 Ut
210 1895 260 1919 res
279 1882 373 1919 nulla
378 1884 481 1932 feras
494 1883 596 1933 possit
613 1883 753 1920 mulcere
764 1882 937 1933 procellas,
1489 1887 1569 1920 200

142 1936 196 1973 Ni
209 1943 307 1986 parte
324 1949 366 1972 ex
383 1936 557 1986 Aquilonis
575 1947 711 1986 opacam
724 1936 842 1986 pellere
858 1935 978 1973 nubem

145 1988 305 2039 Coeperit,
324 1996 356 2026 et
373 1989 492 2043 subitis
509 1990 601 2026 auris
620 1988 791 2026 diduxerit
808 1991 896 2026 Ara.

143 2041 206 2079 Sin
225 2042 372 2079 humeros
390 2042 491 2079 medio
508 2043 543 2079 in
560 2043 641 2079 coelo
664 2042 853 2080 Centaurus
869 2041 1017 2087 babebit,

141 2096 278 2146 Ipseque
295 2097 438 2132 caerulea
457 2103 620 2132 contcctus
640 2096 725 2132 nube
731 2097 884 2145 feretur,

141 2151 256 2199 Atque
273 2152 382 2186 Aram
402 2150 493 2186 tenui
509 2150 663 2198 caligans
679 2150 800 2186 vestiet
817 2149 952 2194 umbra,
1491 2154 1567 2187 205

143 2202 206 2239 Ad
221 2202 387 2252 signorum
407 2202 530 2239 obitum
549 2203 604 2239 vis
617 2209 665 2239 est
684 2202 858 2240 metuenda
877 2203 1022 2241 Favoni.

143 2255 208 2292 Ille
225 2262 336 2293 autem
360 2257 550 2293 Centaurus
567 2257 601 2293 in
619 2256 693 2292 alta
711 2255 784 2292 sede
801 2256 927 2293 Iocatus

151 2309 229 2357 Qua
248 2321 312 2345 sese
329 2309 418 2346 claro
434 2310 592 2346 collucens
614 2309 768 2360 Scorpius
786 2309 900 2357 irffert.

147 2361 237 2398 Haec
253 2362 366 2398 subter
377 2373 509 2413 partem
526 2369 735 2413 praeportans
752 2363 820 2413 ipse
837 2362 973 2400 virilem

150 2413 262 2459 Cedit,
279 2416 354 2464 equi
368 2422 480 2464 partes
491 2427 672 2468 properans
690 2417 885 2465 conjungere
906 2415 1028 2454 Chelis.
1099 2430 1104 2434 ·
1493 2419 1573 2454 210

147 2468 217 2506 Hic
233 2467 388 2504 dextram
403 2480 544 2519 porgens
560 2469 750 2521 quadrupes
767 2483 836 2520 qua
854 2476 961 2506 vasta
978 2475 1118 2514 tenetur,
1330 2487 1333 2490 >

151 2521 263 2571 Quam
283 2535 318 2557 η
315 2534 372 2558 mo
389 2529 474 2558 certo
491 2522 634 2560 donavit
653 2523 779 2560 nomine
797 2523 955 2571 Grajum,

149 2574 284 2618 Tendit,
303 2581 336 2611 et
353 2575 513 2612 illustrem
532 2576 736 2613 truculentus
755 2575 841 2614 cedit
857 2576 907 2614 ad
921 2578 1044 2614 Aram.

150 2627 219 2664 Hic
233 2640 298 2664 sese
315 2628 452 2675 infernis
471 2628 512 2665 de
524 2629 682 2679 partibus
700 2630 800 2679 erigit
820 2629 944 2678 Hydra

149 2681 325 2731 Praecipiti
345 2681 441 2731 lapsu
449 2682 543 2728 flexo
561 2696 635 2719 cum
652 2694 779 2734 corpore
796 2693 937 2734 serpens.
1490 2686 1571 2720 -215

152 2734 240 2771 Haec
258 2741 359 2784 caput
378 2742 481 2786 atque
498 2735 602 2771 oculos
620 2742 770 2786 torquens
790 2735 840 2773 ad
857 2745 956 2787 terga
975 2735 1099 2790 Nepai,

155 2786 373 2838 Convexoque
390 2790 465 2825 sinu
484 2787 612 2825 subiens
630 2789 761 2838 inst-rna
780 2790 913 2834 Leonis,

155 2839 361 2880 Centaurum
378 2842 442 2880 leni
458 2842 619 2893 contingit
635 2841 766 2883 lubrica
783 2842 922 2882 cauda:
