1844 3202
511 140 696 177 LIBER
729 137 1073 177 SECUNDUS.
1444 140 1518 179 641

87 255 178 288 tum
200 246 390 298 senserit,
407 259 489 287 non
508 245 645 288 solum
662 245 733 288 illa
751 245 895 286 subtili
917 243 1201 300 disputatione
1218 243 1296 285 sibi
1316 245 1520 288 utendum

84 303 265 358 putabit,
295 303 369 345 sed
399 302 524 343 etiam
555 303 648 344 fusa
676 302 801 344 latius
831 309 1033 357 perpetua
1062 302 1267 351 oratione,
1289 315 1372 355 qua
1401 317 1478 358 reg
1491 312 1522 344 it

85 358 279 414 populos,
315 373 399 415 qua
438 358 621 400 stabiliat
659 358 792 414 leges,
831 373 915 422 qua
951 356 1131 412 castiget
1169 356 1402 412 improbos,
1438 373 1521 413 qua

84 424 251 456 tueatur
273 416 422 465 bonos,
442 430 525 471 qua
551 415 694 456 laudet
724 415 859 456 claros
881 414 1018 455 viros:
1051 427 1134 469 qua
1163 422 1202 447 ⁹2
1217 421 1430 468 praecepta
1451 428 1518 454 sa-

83 470 197 522 lutis,
216 479 258 512 et
287 471 420 513 laudis
442 481 538 526 apte
567 470 619 512 ad
640 470 974 535 persuadendum
998 469 1095 510 edat
1115 469 1200 510 suis
1220 469 1404 510 civibus·
1437 484 1521 525 qua

83 526 239 568 hortari
259 528 311 569 ad
332 528 475 578 decus,
492 542 686 569 revocare
705 542 729 568 a
748 527 922 591 flagitio,
943 525 1150 568 consolari
1172 525 1305 581 possit
1323 524 1518 577 afflictos,

81 583 274 646 factaque
294 592 336 625 et
355 584 548 625 consulta
568 584 741 625 fortium
764 593 806 624 et
833 583 1085 639 sapientum,
1105 597 1204 623 cum
1225 581 1517 637 improborum

80 640 326 694 ignominia,
347 640 609 705 sempiternis
641 641 926 681 monumentis
951 639 1143 694 prodere.
1202 640 1311 682 Ouae
1332 653 1430 679 cum
1453 647 1518 681 tot

80 709 159 746 res,
181 705 391 761 tantaeque
413 696 508 748 sint,
530 711 623 753 quae
645 697 778 738 inesse
799 697 839 738 in
860 696 1032 737 homine
1052 683 1357 751 perspiciantur
1375 694 1460 735 ab
1451 695 1516 746 iis,

80 752 149 807 qui
181 753 304 816 seipsi
335 754 460 795 xelint
491 766 640 804 nosse3
672 766 815 795 earum
847 767 995 808 parens
1025 760 1090 792 est
1119 751 1418 807 educatrixque
1448 765 1515 792 sa-

78 808 249 863 pientia.
308 810 402 851 Att.
433 809 624 851 Laudata
654 809 826 865 quidem
856 823 880 850 a
909 817 951 850 te
981 807 1163 864 graviter
1191 816 1234 849 et
1264 822 1369 848 v.ere
1430 807 1514 849 Sed

79 879 281 929 quorsum
314 866 406 909 haec
425 866 676 931 pertinent?
710 867 777 907 M.
804 862 991 907 Primum
1024 865 1078 906 ad
1109 879 1173 915 ea,
1209 864 1429 920 Pomponi,
1461 863 1513 905 de
1527 868 1574 906 63

78 920 232 985 quibus
261 923 394 964 acturi
413 922 507 988 jam
540 937 717 964 sumus:
760 937 855 979 quae
886 930 1004 964 tanta
1042 935 1132 962 esse
1161 921 1379 963 volumus:
1426 935 1511 962 non

77 977 190 1019 enim
218 987 354 1030 erunt,
383 980 460 1021 nis1
495 994 545 1021 ea
576 980 744 1030 fuerint,
776 979 887 1020 unde
920 978 991 1020 illa
1020 986 1208 1028 manant,
1237 977 1510 1042 amplissima.
1524 995 1553 1025 p.
1572 990 1640 1020 169-

77 1033 244 1075 Deinde
264 1036 374 1077 facio
393 1045 436 1078 et
455 1036 648 1086 libenter,
668 1046 724 1086 et,
747 1044 796 1077 ut
815 1050 952 1091 spero,
973 1042 1100 1099 recte,
1120 1034 1236 1089 quod
1257 1049 1365 1085 eam,
1388 1033 1550 1091 cujus&-

79 1091 221 1132 studio
243 1099 401 1144 teneor,
432 1100 470 1127 93
488 1107 666 1149 quaeque
697 1107 765 1133 me
796 1107 910 1142 eum,
941 1092 1197 1154 quicumque
1228 1106 1338 1140 sum,
1358 1091 1512 1142 effecit,

80 1161 162 1187 non
194 1162 367 1202 possum
397 1149 563 1190 silentio
594 1149 820 1204 praeterire.
877 1149 971 1189 Att.
993 1149 1109 1188 Vero
1139 1147 1241 1188 facis
1272 1157 1314 1188 et
1345 1147 1512 1197 merito,

76 1211 119 1299 ἔ
139 1204 200 1257 [et
234 1204 367 1260 ipse]:
399 1206 560 1262 fuitque
599 1205 655 1256 id,
688 1213 737 1246 ut
775 1205 894 1256 dicis,
926 1205 968 1246 in
1004 1203 1087 1244 hoe
1121 1217 1314 1244 sermone
1350 1203 1513 1244 faciun-

107 1273 192 1300 um.

345 1517 424 1570 M.
463 1516 748 1570 TULLII
788 1516 1239 1569 CICERONIS

776 1660 829 1684 DE

515 1756 1072 1829 LEGIBUS

445 1899 666 1942 LIBER
717 1897 1141 1940 SECUNDUS.

587 2181 790 2219 ARGUM
796 2180 866 2218 EN
868 2179 1004 2217 TUM.

80 2273 166 2311 Cum
182 2271 242 2319 jus
261 2284 351 2307 omne
374 2268 434 2306 vel
455 2267 609 2305 divinum
634 2268 680 2304 sit
707 2267 768 2304 vel
792 2265 1000 2310 humanum,
991 2282 998 2290 ·
1030 2265 1142 2303 divini
1170 2275 1279 2303 autem
1301 2267 1416 2317 prima
1443 2267 1511 2303 sine

128 2324 227 2361 dubio
251 2323 370 2361 debeat
396 2335 464 2359 esse
487 2335 597 2358 cura:
627 2320 673 2358 ab
699 2320 758 2358 hoc
784 2321 900 2357 merito
929 2320 1062 2356 initium
1077 2320 1168 2367 ficit
1191 2320 1319 2364 Cicero,
1345 2329 1512 2370 totamque

130 2378 359 2428 religionem,
379 2376 437 2414 hoc
454 2374 538 2412 libro
555 2374 739 2412 constituit.
777 2373 906 2424 Repetit
925 2381 1029 2410 totam
1048 2371 1299 2424 disputationem
1319 2372 1364 2410 ab
1381 2383 1497 2410 ceter-n
1498 2388 1510 2410 z

130 2432 192 2468 illa
209 2441 240 2468 et
256 2443 384 2467 summa
403 2430 486 2480 Iege,
505 2442 582 2480 quae
599 2436 647 2465 est
665 2427 751 2464 ratio
769 2426 890 2464 divina
914 2434 945 2464 et
964 2426 1126 2471 humana,
1144 2435 1228 2478 apta
1252 2426 1302 2464 ad
1324 2426 1512 2463 vetantium

128 2491 161 2522 et
177 2483 376 2531 jubendum.
396 2496 424 2520 c.
444 2488 482 2520 4.
529 2481 688 2532 Proponit
714 2479 831 2517 deinde
857 2481 965 2531 ipsam
992 2481 1108 2529 legem,
1136 2494 1153 2518 e
1177 2480 1306 2530 legibus
1327 2481 1455 2517 Numae
1480 2489 1513 2516 et

130 2537 275 2575 moribus
295 2537 453 2574 Romanis
472 2535 606 2573 ductam
625 2548 654 2573 c.
676 2541 712 2573 8
732 2546 769 2584 9.
783 2534 971 2585 praemisso,
989 2533 1146 2571 Platonis
1165 2547 1265 2579 more,
1281 2534 1451 2585 prooemiO,
1471 2532 1513 2570 de

121 2652 160 2679 92
176 2651 323 2684 praecepta
338 2642 483 2673 salutisa
499 2640 614 2684 laudes]
631 2649 659 2671 et
673 2641 772 2672 laudes
814 2641 864 2672 ed.
879 2641 1021 2672 Victorii.
1064 2641 1203 2681 Vestigia
1225 2647 1302 2672 sunt
1323 2642 1356 2672 in
1380 2642 1460 2673 Mss.
1475 2647 1513 2672 ut

78 2689 159 2719 mihi
183 2698 248 2718 non
270 2687 382 2728 p.lacet
406 2696 483 2716 nam
504 2686 589 2716 salus
609 2695 674 2716 non
691 2686 772 2715 indi·
816 2684 922 2716 Guelf.
940 2685 995 2724 qui
1010 2684 1131 2715 habent
1145 2695 1265 2715 mecum.

77 2738 130 2770 get
145 2731 248 2761 laude.
270 2698 350 2760 pEd.
366 2729 439 2760 Ald.
455 2728 550 2760 habet
565 2728 646 2758 laudi
635 2740 671 2765 1‚s
687 2728 772 2768 quod
860 2735 899 2761 94
924 2734 950 2757 et
940 2695 1040 2768 qipse]
1057 2728 1090 2757 Si
1112 2734 1160 2758 est
1181 2737 1200 2757 a
1213 2728 1379 2763 Cicerone,
1396 2725 1514 2756 intelli-

78 2773 194 2804 melius
206 2780 264 2811 est,
280 2774 447 2813 recepique
468 2772 548 2802 dum
566 2771 681 2802 melius
696 2771 773 2811 quid
816 2771 958 2810 gendum
982 2778 1028 2800 est
1039 2770 1138 2811 facio.
1161 2772 1215 2801 sed
1237 2780 1256 2800 a
1277 2769 1363 2799 libris
1381 2769 1515 2808 quibus-

79 2817 267 2847 inveniatur.
816 2815 892 2844 dam
907 2813 1005 2845 abest.
1020 2823 1098 2845 cum
1114 2813 1243 2846 Davisio
1258 2812 1350 2843 uncis
1365 2811 1491 2843 inclusi.

124 2867 161 2894 93
186 2869 307 2902 quaeque
334 2869 378 2889 me
407 2855 484 2896 eum]
510 2856 623 2887 Addidi
648 2867 710 2888 eum
734 2866 775 2887 ex

826 2902 939 2951 'rt3
