1844 3202
579 109 762 148 LIBER
797 106 1133 147 SECUNDUS.
1500 109 1575 150 753

132 234 243 270 rum,
265 233 348 261 non
372 226 514 260 nostra
533 216 683 258 virtute
700 215 925 256 valeamus.
965 213 1132 255 Laudat
1152 211 1403 253 Africanum
1429 213 1571 254 Panae-
1587 212 1653 260 22

130 277 229 327 tius,
251 276 365 332 quod
386 274 511 317 fuerit
530 273 758 314 abstinens.
818 271 936 329 Quid
964 270 1006 311 ni
1032 268 1205 311 laudet?
1239 267 1311 309 sed
1332 268 1372 308 in
1395 269 1468 309 illo
1492 269 1573 310 alia

130 333 306 388 majora.
349 333 460 374 Laus
481 329 760 380 abstinentiae,
783 344 867 371 non
888 327 1070 369 hominis
1091 335 1156 368 est
1175 324 1328 374 solum,
1352 325 1424 364 sed
1446 326 1569 367 etiam
1585 334 1636 378 76

131 398 373 444 temporum
395 387 578 429 illorum.
639 387 769 428 Omni
790 384 1078 427 Macedonum
1102 396 1225 439 gaza,
1248 396 1342 437 quae
1372 380 1452 421 fuit
1482 397 1571 422 ma-

130 446 256 495 xima,
276 444 438 500 potitus
461 453 526 485 est
549 443 742 484 Paullus:
775 451 939 484 tantum
965 441 1057 481 7⁵in
1081 439 1272 481 aerarium
1299 437 1486 493 pecuniae
1509 438 1572 479 in-

130 500 252 551 vexit,
270 510 319 542 ut
339 501 462 542 unius
492 500 757 556 imperatoris
779 498 921 555 praeda
943 498 1068 539 finem
1090 495 1278 537 attulerit
1299 494 1572 557 tributorum.

129 566 172 599 at
193 556 261 598 hic
284 557 389 598 nihil
409 557 585 598 domum
614 571 732 598 suam
762 566 914 611 praeter
938 553 1187 596 memoriam
1212 551 1392 592 nominis
1415 551 1570 606 sempi-

129 623 291 656 ternam
319 613 484 655 detulit.
544 613 741 655 Imitatus
770 622 929 668 patrem
960 611 1201 660 Africanus,
1225 608 1356 649 nihilo
1378 607 1570 662 locuple-

126 670 209 712 tior
236 670 495 726 Karthagine
524 684 678 711 eversa.
738 669 884 727 Quid?
915 669 987 725 qui
1017 667 1109 723 ejus
1139 665 1305 720 collega
1329 665 1370 705 in
1396 678 1571 705 censura

129 727 210 768 fuit
247 728 296 768 L.
330 727 585 778 Mummius,
614 726 821 783 numquid
851 725 1078 781 copiosior,
1104 738 1200 765 cum
1233 721 1567 776 copiosissimam
1580 735 1612 765 b.

128 783 276 824 urbem
309 783 499 825 funditus
530 783 798 825 sustulisset?
844 782 1010 824 Italiam
1042 795 1204 831 ornare,
1231 793 1358 835 quam
1390 777 1567 820 domum

128 854 264 891 suam,
289 840 452 882 maluit.
483 854 741 897 quamquam
773 839 896 881 Italia
917 847 1079 889 ornata,
1100 837 1251 878 domus
1275 837 1365 891 ipsa
1382 835 1487 876 mihi
1510 836 1568 876 vi-

126 895 250 938 detur
270 897 470 939 ornatior.
510 897 690 940 Nullum
713 896 843 953 igitur
861 897 1009 938 vitium
1030 894 1204 945 taetrius,
1231 896 1294 948 (ut
1312 907 1379 943 eo,
1401 898 1439 929 76
1455 892 1566 933 unde
1580 900 1628 943 77

127 952 327 1009 degressa
352 963 430 1005 est,
449 955 601 995 referat
631 968 675 994 se
705 954 856 1006 oratio)
888 968 1015 1009 quam
1047 951 1231 1001 avaritia,
1263 949 1492 1006 praesertim
1524 949 1568 992 in

127 1010 387 1066 principibus
417 1010 721 1066 rempublicam
749 1010 1100 1066 gubernantibus.
1131 1007 1285 1049 habere
1311 1007 1423 1047 enim
1449 1021 1568 1062 quae-

126 1067 210 1108 stui
231 1067 535 1122 rempublicam
559 1082 644 1109 non
666 1067 816 1109 modot
835 1082 939 1122 urpe
960 1076 1038 1117 est,
1057 1065 1130 1107 sed
1150 1065 1401 1116 sceleratum
1423 1063 1568 1115 etiarn,

126 1133 170 1164 et
190 1124 411 1165 nefarium.
471 1125 621 1181 Itaque
644 1132 680 1161 77
703 1124 817 1180 quod
841 1123 1002 1178 Apollo
1033 1122 1208 1178 Pythius
1228 1120 1400 1162 oraculo
1421 1119 1568 1171 edidit,

127 1180 318 1234 Spartam
350 1179 466 1221 nulla
495 1196 538 1222 re
564 1181 659 1232 alia,
681 1181 760 1222 nisi
780 1180 949 1222 avaritia
970 1180 1214 1234 perituram,
1236 1178 1278 1218 id
1298 1176 1463 1218 videtur
1482 1191 1567 1218 non

126 1235 265 1277 solum
287 1236 635 1288 Lacedaemoniis,
653 1237 725 1278 sed
746 1246 789 1278 et
807 1237 1004 1278 omnibus
1025 1235 1235 1291 opulentis
1256 1233 1439 1290 populis,
1459 1248 1566 1288 prae-

127 1292 293 1334 dixisse.
353 1293 486 1335 Nulla
521 1302 664 1335 autem
702 1308 747 1335 re
780 1293 1004 1335 conciliare
1033 1293 1197 1334 facilius
1228 1290 1567 1332 benevolentiam

128 1349 411 1391 multitudinis
429 1360 607 1406 possunt
629 1351 670 1401 ii,
689 1351 763 1406 qui
793 1349 1036 1405 reipublicae
1067 1357 1267 1405 praesunt‚
1289 1362 1415 1404 quam
1437 1347 1567 1388 absti-

128 1406 270 1448 nentia
304 1415 348 1448 et
383 1408 657 1449 continentia.
727 1407 812 1464 Qui
845 1422 942 1447 vero
976 1422 1021 1448 se
1052 1405 1278 1462 populares
1316 1404 1476 1454 volunt,
1509 1404 1565 1444 ob
1579 1409 1630 1449 78

125 1476 304 1519 eamque
334 1477 502 1506 causam
541 1473 614 1506 aut
645 1464 853 1519 agrariam
888 1478 974 1505 rem
1011 1472 1188 1513 tentant,
1224 1470 1272 1502 ut
1302 1475 1567 1516 possessores

126 1519 212 1561 suis
234 1519 403 1562 sedibus
424 1521 648 1576 pellantur,
665 1529 738 1562 aut
758 1520 957 1576 pecunias
979 1519 1160 1561 creditas
1183 1517 1445 1560 debitoribus
1467 1531 1570 1558 con-

126 1575 341 1618 donandas
361 1587 533 1633 putant:
555 1578 585 1618 ii
606 1578 862 1619 labefactant
882 1576 1158 1618 fundamenta
1177 1575 1442 1630 reipublicae3
1465 1588 1569 1615 con-

125 1632 315 1676 cordiam
336 1635 537 1689 primum,
559 1631 655 1690 quae
683 1649 773 1675 esse
795 1649 878 1675 non
901 1642 1056 1689 potest,
1078 1648 1175 1674 cum
1199 1632 1289 1673 aliis
1310 1631 1568 1681 adimuntur,

126 1689 217 1731 aliis
245 1690 540 1732 condonantur
570 1692 790 1747 pecuniae:
822 1691 974 1732 deinde
1007 1690 1265 1746 aequitatem,
1287 1703 1383 1745 quae
1404 1687 1571 1728 tollitur

128 1746 281 1798 omnis,
311 1747 344 1788 si
375 1748 531 1788 habere
562 1763 685 1789 suum
717 1748 871 1803 cuique
902 1762 984 1788 non
1016 1748 1128 1788 licet.
1160 1747 1203 1788 id
1233 1746 1345 1786 enim
1376 1754 1440 1785 est
1469 1759 1568 1799 pro-

127 1803 265 1858 prium
297 1805 361 1856 (ut
391 1819 518 1860 supra
546 1804 646 1857 dixi)
669 1805 847 1845 civitatis
879 1813 1006 1859 atque
1036 1803 1166 1854 urbis,
1198 1811 1245 1844 ut
1275 1802 1329 1843 sit
1358 1801 1503 1850 libera,
1526 1810 1570 1842 et

127 1873 211 1900 non
242 1860 424 1902 sollicita
454 1869 492 1898 78
511 1875 597 1902 suae
634 1862 691 1902 rei
724 1861 932 1917 cujusque
962 1860 1171 1901 custodia.
1230 1859 1376 1914 Atque
1410 1858 1452 1899 in
1488 1857 1567 1898 hac
1580 1863 1631 1906 79

126 1916 312 1971 pernicie
352 1917 594 1972 reipublicae
632 1932 683 1958 ne
713 1918 830 1958 illam
866 1917 1038 1974 quidem
1075 1924 1408 1973 consequuntur,
1441 1929 1566 1970 quam

127 1981 294 2027 putant,
320 1974 519 2029 gratiam.
551 1989 647 2015 nam
680 1975 749 2015 cui
779 1989 843 2015 res
874 1984 1018 2030 erepta
1047 1984 1125 2024 est,
1156 1982 1219 2014 est
1249 1972 1469 2013 inimicus:
1501 1971 1570 2012 cui

127 2028 240 2080 data,
271 2030 398 2072 etiam
431 2031 669 2072 dissimulat
699 2045 744 2072 se
775 2031 965 2086 accipere
994 2030 1204 2071 voluisse:
1245 2039 1287 2070 et
1316 2028 1497 2069 maxime
1527 2027 1571 2070 in

125 2087 315 2141 pecuniis
335 2087 502 2129 creditis
523 2089 710 2129 occultat
732 2103 855 2129 suum
878 2087 1102 2144 gaudium,
1116 2102 1168 2128 ne
1187 2086 1377 2128 videatur
1399 2100 1482 2126 non
1502 2085 1571 2126 fu-

125 2142 207 2184 isse
229 2144 442 2187 solvendo.
500 2145 563 2186 At
582 2159 678 2186 vero
698 2145 782 2196 ille,
804 2145 876 2201 qui
895 2145 1050 2201 accipit
1068 2144 1280 2201 injuriam,
1300 2153 1344 2185 et
1362 2141 1570 2193 meminit,

170 2289 209 2318 75
234 2283 264 2314 in
284 2284 424 2315 ‘erarium
447 2284 576 2324 invexit]
597 2286 648 2316 Sc.
664 2286 697 2315 in
714 2286 827 2316 trium-

126 2326 204 2375 pho,
221 2327 252 2375 in
269 2337 333 2366 quo
348 2338 428 2368 gaza
445 2329 500 2360 illa
520 2330 553 2360 in
574 2329 689 2359 urbem
705 2335 735 2359 et
750 2338 827 2359 aera-

127 2379 213 2400 rium
228 2379 354 2401 invecta
368 2379 426 2402 est-

173 2417 212 2447 76
243 2413 316 2442 unde
344 2414 475 2454 degressa
503 2413 557 2454 est]
593 2415 675 2445 Libri
705 2424 765 2444 scr.
795 2421 826 2444 et

125 2455 197 2486 edd.
221 2462 296 2486 vett.
318 2457 391 2486 unde
413 2468 535 2497 egressa,
562 2459 681 2490 omissa
703 2457 826 2498 syllaba

126 2498 173 2535 de,
190 2509 263 2538 quae
279 2499 378 2529 semel
395 2500 508 2540 scripta
530 2501 578 2532 bis
602 2501 735 2541 legenda
749 2508 824 2531 erat.

126 2542 196 2571 dedi
213 2549 323 2572 autern
339 2542 480 2582 degressa,
497 2551 534 2574 ut
554 2545 698 2575 Graevius
716 2546 748 2574 in
765 2545 827 2574 Co-

125 2584 195 2615 dice
221 2586 444 2624 antiquissimo
468 2589 591 2626 reperit,
618 2598 684 2618 non
711 2595 747 2617 ut
772 2588 825 2617 alii

127 2628 313 2659 recentiores
327 2629 468 2668 digressa,
481 2631 566 2670 quod
581 2637 612 2661 et
627 2632 674 2662 ed.
692 2631 825 2661 Mediol.

127 2670 235 2701 habet.
258 2679 305 2703 est
324 2673 411 2703 enim
427 2674 614 2704 accuratius.
637 2685 668 2704 v.
685 2674 774 2704 Clav.
792 2675 825 2705 in

123 2712 252 2752 digredi.

172 2761 209 2791 77
235 2757 311 2799 quod
322 2757 363 2788 A.
378 2759 416 2789 P.
431 2757 544 2788 oraculo
559 2758 662 2798 edidit]
680 2760 824 2790 Graevius

127 2808 146 2828 e
162 2799 226 2829 Ms.
240 2810 299 2831 suo
319 2802 414 2832 edidit
433 2801 592 2839 oraculum,
613 2803 699 2842 quod
722 2809 754 2833 et
775 2803 824 2833 ed.

129 2840 262 2874 Mediol.
291 2844 397 2876 habet.
433 2851 562 2876 secutus
593 2852 640 2878 est
668 2846 825 2877 Pearcius.

872 2285 1085 2315 Consentiunt
1101 2285 1180 2315 Mss.
1198 2285 1296 2315 Goth.
1310 2284 1385 2314 Cur.
1398 2285 1458 2314 ὅτε.
1484 2283 1571 2314 Grae-

870 2328 940 2359 vius
958 2329 1088 2368 putabat
1103 2338 1167 2358 non
1184 2328 1246 2358 dici
1267 2327 1364 2357 latine
1379 2325 1492 2357 oraculo
1508 2326 1571 2355 ede-

871 2382 910 2401 re.
948 2372 1055 2402 Immo
1078 2381 1152 2401 vero
1178 2379 1260 2401 recte
1283 2371 1409 2401 dicitur.
1443 2370 1495 2400 Sic
1514 2380 1571 2399 sors

869 2414 982 2443 oraculo
998 2415 1075 2444 edita
1089 2422 1135 2445 est
1147 2415 1234 2445 Curt.
1250 2414 1310 2451 111,
1324 2418 1415 2444 1.16.
1441 2412 1507 2443 Cic.
1520 2422 1571 2451 ep.

870 2465 899 2489 2.
913 2459 951 2488 ad
965 2458 1053 2489 Brut.
1064 2464 1144 2488 extr.
1155 2458 1216 2487 ἦτε
1226 2469 1262 2486 ex
1271 2456 1383 2486 oraculo
1393 2456 1432 2486 A.
1442 2456 1479 2486 P.
1491 2455 1570 2484 edita

870 2501 924 2529 ribi
935 2508 1020 2540 puta.
1046 2501 1164 2531 Contra
1175 2500 1321 2530 oraculum
1331 2499 1493 2540 praedicere
1505 2508 1570 2528 non

870 2551 916 2575 est
932 2544 1081 2574 latinum.

915 2593 953 2622 78
986 2599 1046 2617 suae
1071 2587 1112 2616 rei
1139 2587 1274 2628 cujusque
1303 2581 1445 2622 custodia]
1477 2583 1507 2613 J.
1535 2583 1569 2614 F.

870 2630 1052 2661 Gronovius
1067 2630 1205 2661 malebat
1221 2628 1335 2670 cuique,
1348 2627 1434 2667 quod
1445 2633 1475 2657 et
1488 2626 1570 2656 Mss.

869 2675 999 2712 quidam
1038 2674 1169 2704 habent.
1207 2673 1347 2712 itemque
1381 2677 1427 2700 est
1456 2669 1488 2699 in
1519 2669 1569 2698 ed.

868 2717 949 2746 Ven.
972 2723 1063 2752 1470.
1081 2717 1136 2747 sed
1156 2716 1290 2756 cujusque
1306 2714 1450 2744 usitatius
1471 2718 1518 2741 est
1535 2711 1570 2743 in

868 2760 929 2789 hac
945 2761 1058 2790 forma.
1098 2760 1160 2790 Ms.
1180 2759 1277 2789 Goth.
1295 2763 1446 2787 neutrum
1462 2754 1569 2784 habet.

868 2802 930 2832 Sed
956 2802 1071 2833 malim
1096 2813 1156 2833 suae
1181 2800 1318 2842 cujusque
1341 2799 1394 2830 rei.
1421 2807 1500 2831 nam
1522 2798 1568 2829 sic

866 2845 948 2876 solet
963 2845 1084 2877 Cicero.

889 2900 1003 2943 303
