1844 3202
621 102 803 141 LIBER
837 101 1114 141 TERTIUS.
1506 106 1579 153 761

145 212 374 271 appellant,
405 211 639 268 perfectum
673 217 802 265 atque
826 208 1069 251 absolutum
1098 218 1177 261 est,
1202 217 1259 261 et,
1286 219 1334 252 ut
1364 211 1490 253 iidem
1521 212 1587 255 di-

148 279 265 322 cunt,
295 283 442 312 omnes
476 280 677 309 numeros
716 266 871 315 habet3
918 280 1010 317 nec,
1047 275 1200 322 praeter
1233 267 1481 322 sapientem,
1515 285 1587 311 ca-

148 328 246 368 dere
273 328 315 367 in
341 338 595 382 quemquam
627 331 782 379 potest.
843 323 955 364 Cum
982 333 1124 364 autem
1154 323 1311 379 aliquid
1338 334 1478 365 actum
1509 337 1587 378 est,
1605 335 1650 367 15

149 384 191 425 in
223 398 309 440 quo
338 381 478 422 media
507 380 645 421 officia
674 388 962 435 compareant,
992 379 1035 420 id
1065 380 1281 421 cumulate
1307 380 1470 422 videtur
1499 397 1589 423 esse

148 441 409 496 perfectum:
451 446 675 493 propterea
710 436 825 493 quod
853 436 1020 492 vulgus,
1053 436 1154 492 quid
1190 437 1300 477 absit
1331 451 1356 477 a
1387 439 1591 492 perfecto,

151 510 236 537 non
271 494 358 535 fere
393 493 621 549 intelligit:
665 502 870 549 quatenus
906 502 1049 534 autem
1081 493 1296 549 intelligit,
1330 493 1434 534 nihil
1472 505 1592 548 putat

149 550 496 608 praetermissum.
519 549 635 606 quod
665 550 766 591 item
799 549 840 590 in
871 549 1156 605 poematibus,
1186 559 1228 590 et
1258 550 1433 605 picturis
1457 559 1493 582 ¹2
1511 566 1592 592 usu

150 608 277 659 venit,
298 608 340 648 in
367 607 546 663 aliisque
572 606 879 661 compluribus,
899 616 948 648 ut
978 606 1242 648 delectentur
1272 606 1471 663 imperiti,
1500 606 1592 648 lau-

149 664 334 721 dentque
366 678 430 715 ea,
464 679 558 720 quae
591 662 802 704 laudanda
835 677 920 704 non
954 663 1052 713 sint,
1088 664 1144 704 ob
1178 678 1286 713 eam,
1315 664 1456 714 credo,
1492 678 1594 705 cau-

151 736 257 772 sam,
287 720 402 777 quod
433 720 529 762 insit
560 719 601 761 in
631 720 697 761 his
727 719 886 776 aliquid
916 720 1054 775 probi,
1085 720 1202 776 quod
1234 720 1373 776 capiat
1408 721 1594 775 ignaros,

151 777 224 834 qui
256 777 399 828 iidem,
432 776 533 833 quid
567 777 608 817 in
642 791 895 832 unaquaque
930 791 974 817 re
1003 776 1091 817 vitii
1131 776 1199 826 sit,
1235 788 1444 833 nequeant
1476 777 1594 834 judi-

152 848 263 876 care.
284 835 427 890 itaque
446 848 545 874 cum
569 843 665 875 sunt
686 833 802 875 docti
831 847 856 874 a
882 833 1038 889 peritis,
1060 833 1183 874 facile
1211 832 1420 875 desistunt
1449 849 1473 874 a
1502 848 1594 874 sen-

152 891 296 932 tentia.
356 891 464 931 Haec
494 890 624 945 igitur
649 890 800 940 officia,
827 889 878 931 de
907 890 1060 946 quibus
1093 890 1159 931 his
1185 890 1302 931 libris
1335 890 1642 944 disserimus,4.

154 948 274 1004 quasi
294 947 477 989 secunda
501 946 696 1003 quaedam
728 947 907 987 honesta
934 962 1025 987 esse
1057 946 1218 998 dicunt,
1240 963 1323 988 non
1357 948 1592 1003 sapientum

155 1004 284 1045 modo
315 1004 498 1060 propria,
521 1003 595 1044 sed
625 1018 722 1045 cum
755 1003 871 1044 omni
903 1003 1123 1045 hominum
1151 1018 1308 1059 genere
1338 1005 1593 1046 communia.

157 1061 307 1117 Itaque
343 1060 408 1101 his
441 1075 603 1110 omnes,
635 1060 677 1101 in
710 1061 865 1116 quibus
896 1070 960 1101 est
989 1060 1152 1101 virtutis
1190 1061 1368 1111 indoles,
1402 1076 1595 1102 commo·
1613 1069 1661 1106 16

157 1127 318 1159 ventur.
376 1118 470 1159 Nec
492 1131 588 1158 vero
619 1131 717 1157 cum
748 1117 834 1158 duo
864 1117 1004 1167 Decii,
1035 1125 1108 1158 aut
1138 1116 1224 1158 duo
1255 1118 1488 1173 Scipiones,
1509 1119 1598 1159 for-

156 1182 220 1215 tes
259 1174 333 1214 viri
373 1183 777 1222 commemorantur,
819 1183 891 1215 aut
929 1188 1028 1214 cum
1068 1173 1299 1224 Fabricius,
1338 1175 1599 1216 Aristidesve

151 1230 294 1286 justus
327 1230 581 1280 nominatur,
614 1239 688 1270 aut
715 1230 768 1270 ab
797 1230 893 1281 illis,
917 1229 1203 1281 fortitudinis3
1234 1240 1307 1272 aut
1337 1231 1391 1272 ab
1422 1231 1501 1282 his,
1527 1231 1599 1288 ju-

157 1287 297 1337 stitiae,
338 1295 555 1342 tamquam
595 1300 620 1327 a
659 1285 933 1341 sapientibuS‚
972 1286 1132 1342 petitur
1169 1288 1427 1343 exemplum.
1475 1303 1601 1329 nemo

157 1344 271 1384 enim
303 1342 458 1384 horum
487 1342 545 1384 sic
567 1342 731 1399 sapiens
753 1352 832 1394 est,
852 1352 900 1384 ut
923 1343 1152 1399 sapientem
1175 1343 1369 1386 volumus
1392 1345 1601 1401 intelligi:

160 1414 238 1445 nec
269 1400 312 1451 ii,
342 1400 416 1456 qui
446 1399 652 1455 sapientes
683 1399 816 1440 habiti
848 1410 959 1450 sunt,
981 1409 1022 1441 et
1053 1399 1272 1452 nominati,
1303 1402 1369 1442 M.
1402 1401 1529 1452 Cato,
1560 1411 1604 1443 et

158 1456 212 1499 C.
245 1456 418 1507 Laelius,
448 1456 656 1512 sapientes
687 1457 858 1498 fuerunt
875 1473 887 1508 ;
908 1471 970 1497 ne
999 1456 1061 1497 illi
1096 1457 1267 1512 quidem
1301 1466 1494 1513 septem:
1527 1458 1602 1499 sed

159 1528 211 1555 ex
240 1513 478 1555 mediorum
504 1513 741 1554 officiorum
774 1513 1007 1569 stequentia
1039 1512 1358 1555 similitudinem
1389 1514 1602 1570 quandam

158 1571 364 1626 gerebant
401 1569 671 1626 speciemque
709 1569 963 1625 sapientum.
1021 1570 1236 1626 Quocirca
1273 1585 1350 1613 nec
1388 1572 1446 1623 id,
1486 1571 1664 1628 quod17

158 1641 253 1669 vere
278 1627 507 1668 honestum
529 1635 608 1677 est,
630 1626 692 1667 fas
713 1635 778 1668 est
798 1635 835 1659 13
850 1641 949 1668 cum
968 1627 1162 1668 utilitatis
1183 1629 1463 1684 repugnantia
1482 1643 1602 1669 com-

161 1684 325 1740 parari:
358 1697 435 1725 nec
467 1683 525 1734 id,
558 1691 596 1714 14
614 1683 730 1738 quod
760 1683 1043 1724 communiter
1071 1684 1332 1738 appellamus
1362 1685 1606 1736 honestum,

167 1740 284 1797 quod
313 1739 468 1781 colitur
497 1739 551 1781 ab
581 1739 646 1791 iis,
677 1739 750 1796 qui
781 1740 916 1781 bonos
947 1755 991 1781 se
1011 1740 1119 1780 viros
1150 1739 1296 1782 haberi
1314 1742 1475 1792 volunt,
1506 1756 1607 1783 cum

164 1797 466 1838 emolumentis
487 1811 693 1852 umquam
715 1805 780 1837 est
808 1796 1169 1852 comparandum:
1199 1806 1373 1854 tamque
1400 1798 1444 1840 id
1474 1799 1608 1840 hone-

166 1863 296 1904 stum,
317 1853 434 1909 quod
452 1852 495 1894 in
517 1862 706 1894 nostram
726 1853 1049 1908 intelligentiam
1072 1853 1199 1904 cadit,
1216 1855 1422 1896 tuendum
1439 1870 1610 1897 conser-

165 1910 435 1966 vandumque
453 1918 517 1951 est
537 1910 675 1960 nobis,
692 1924 820 1965 quam
841 1910 900 1960 id,
919 1909 1036 1966 quod
1057 1910 1226 1965 proprie
1247 1911 1416 1963 dicitur,
1430 1926 1611 1968 vereque
1667 1935 1669 1937 >

166 1976 231 2009 est
251 1966 494 2017 honestum,
515 1967 789 2022 sapientibus.
812 1975 849 1999 1⁵
867 1967 988 2008 aliter
1006 1967 1118 2007 enim
1140 1968 1273 2009 teneri
1294 1983 1378 2009 non
1399 1978 1555 2025 potest,
1575 1969 1611 2011 si

167 2038 252 2080 qua
270 2032 334 2065 est
361 2023 414 2065 ad
435 2024 633 2065 virtutem
663 2024 776 2065 facta
803 2023 1060 2080 progressio.
1120 2024 1205 2065 Sed
1233 2024 1325 2066 haec
1356 2025 1527 2082 quidem
1558 2025 1612 2067 de

168 2080 232 2132 iis,
253 2080 327 2137 qui
347 2080 663 2122 conservatione
684 2080 920 2122 officiorum
941 2079 1235 2122 existimantur
1254 2081 1370 2123 boni.
1428 2083 1516 2140 Qui
1537 2096 1612 2124 au·
1627 2099 1674 2132 18

168 2147 258 2179 tem
287 2137 433 2179 omnia
460 2137 695 2179 metiuntur
723 2137 1022 2179 emolumentis
1053 2147 1096 2179 et
1126 2138 1379 2190 commodis,
1401 2153 1537 2195 neque
1563 2154 1614 2181 ea

169 2194 318 2236 volunt
337 2193 649 2251 praeponderari
673 2194 909 2246 honestate,
937 2194 982 2235 hi
1003 2194 1141 2236 solent
1165 2195 1207 2236 in
1232 2195 1505 2238 deliberando
1532 2196 1614 2238 ho-

171 2260 338 2293 nestum
360 2265 460 2293 cum
477 2265 543 2303 eo,
564 2251 681 2307 quod
698 2251 803 2292 utile
822 2260 987 2307 putant,
1006 2265 1253 2307 comparare
1273 2270 1281 2294 :
1313 2253 1414 2294 boni
1432 2253 1508 2295 viri
1529 2268 1614 2295 non

172 2308 323 2352 solent.
383 2309 534 2364 Itaque
564 2307 776 2359 existimo,
810 2308 1058 2359 Panaetium,
1093 2322 1192 2350 cum
1222 2308 1388 2360 dixerit,
1421 2310 1615 2352 homines

172 2363 307 2406 solere
335 2364 379 2406 in
417 2364 498 2406 hac
527 2365 844 2422 comparatione
884 2365 1094 2416 dubitare,
1126 2365 1208 2406 hoc
1242 2366 1382 2421 ipsum
1423 2367 1615 2419 sensisse,

174 2420 291 2477 quod
319 2420 483 2472 dixerit,
506 2422 642 2464 solere
670 2421 817 2473 modo,
845 2436 930 2463 non
955 2422 1085 2464 etiam
1113 2431 1325 2478 oportere.
1345 2424 1501 2465 etenim
1531 2438 1616 2465 non

174 2477 305 2519 modo
332 2478 462 2534 pluris
487 2488 650 2534 putare,
675 2479 790 2535 quod
821 2480 926 2520 utile
946 2479 1148 2530 videatur,
1176 2494 1303 2535 quam
1336 2480 1452 2536 quod
1481 2480 1616 2521 hone-

186 2607 188 2609 ·
220 2599 257 2623 12
281 2602 334 2622 usu
348 2591 447 2632 venit]
465 2592 517 2623 Sic
532 2593 628 2624 habet
643 2594 708 2625 BIS.
727 2594 826 2625 Goth.
841 2601 873 2624 et
962 2600 1000 2624 14
1024 2592 1101 2634 quod
1121 2594 1306 2623 communiter
1331 2593 1509 2635 appellamus
1534 2594 1617 2623 hom·

173 2636 246 2666 edd.
259 2645 306 2675 pr.
321 2634 419 2674 vulgo
434 2636 519 2666 male
534 2644 580 2668 est
594 2638 703 2668 evenit.
726 2637 872 2668 Pearcius
917 2635 1004 2676 stum]
1024 2638 1045 2666 i.
1061 2646 1088 2667 e.
1105 2643 1136 2667 et
1159 2637 1241 2667 docti
1266 2645 1360 2677 atque
1383 2637 1564 2677 philosophi
1586 2645 1619 2668 et

176 2685 286 2709 tamen
301 2679 394 2708 tacite
409 2679 505 2709 edidit
519 2679 613 2710 venit.
917 2680 1047 2710 indocti.

223 2727 259 2752 13
283 2732 347 2750 cum
373 2720 514 2752 utilitatis
539 2723 733 2763 repugnantia
762 2729 876 2763 compa-
965 2730 1001 2753 15
1026 2721 1114 2752 aliter
1129 2723 1220 2751 teneri
1235 2734 1288 2752 non
1302 2720 1414 2762 potest]
1440 2731 1484 2751 sc.
1506 2723 1618 2760 vium,

179 2763 255 2802 rari]
274 2764 439 2803 Exquisite
454 2765 577 2795 dictum
590 2772 636 2796 est
651 2767 713 2797 hoc
729 2776 784 2806 pro
797 2775 876 2797 cum
919 2766 1105 2796 honestum.
1116 2775 1183 2796 non
1199 2775 1370 2805 possumus
1381 2766 1530 2795 virtutem
1542 2775 1619 2795 con-

179 2807 312 2838 utilitate
337 2809 524 2847 comparari,
547 2810 634 2848 quod
656 2819 735 2841 curn
757 2819 794 2840 ea
817 2819 877 2849 pu·
918 2810 1021 2848 sequi,
1037 2809 1091 2839 sed
1114 2817 1151 2839 ea
1168 2808 1359 2845 excidimus,
1376 2816 1406 2838 et
1420 2818 1475 2848 spe
1489 2808 1558 2847 ejus
1574 2816 1620 2838 te—

180 2859 275 2890 gnare
289 2851 442 2882 videatur.
921 2853 1045 2883 nendae.
1061 2861 1092 2882 v.
1108 2851 1240 2883 Clavem
1257 2852 1290 2882 in
1304 2860 1335 2882 v.
1352 2858 1455 2882 tenere.
