1844 3202
531 141 709 180 LIBER
748 140 1082 178 SECUNDUS.
1440 130 1527 189 6'47'

92 256 161 292 tur
188 251 229 291 in
254 251 435 306 populis,
457 264 550 305 quae
573 264 656 290 non
678 249 812 304 magis
834 248 917 303 legi
922 263 939 287 s
961 262 1114 288 nomen
1138 248 1365 302 attingunt,
1387 266 1514 306 quam

90 308 123 348 si
143 307 323 348 13ῖτο1115
344 308 481 362 aliqua
501 320 700 346 consessu
722 319 798 345 suo
818 320 888 346 5111
893 316 1054 345 serint
1111 315 1201 344 arn
1225 320 1283 345 ne
1287 320 1358 360 mc.
1382 308 1514 348 medi-

88 378 236 404 corum
262 373 469 418 pracepta
492 362 572 402 dici
595 377 686 403 vere
714 372 897 417 possent.
921 360 952 401 si
985 375 1077 425 quae
1102 360 1218 400 inscii
1252 361 1558 417 imperitiquep.
1574 378 1643 407 172.

120 434 166 460 ro
203 420 451 460 salutamus
490 419 706 459 mortifera
736 418 1073 471 conscripserint,
1110 431 1246 471 neque
1279 433 1316 457 11
1356 420 1554 473 pomuloa·

106 489 170 524 ex,
199 490 231 514 c·
227 475 331 516 ,1101ιὶ
339 475 452 516 nodi
482 475 607 516 fcerit
638 474 722 524 illa,
745 482 783 506 ⁵3
807 453 916 528 [etiai
919 475 966 534 n]
991 474 1024 514 si
1050 473 1183 528 pernis
1185 488 1249 513 10
1251 489 1328 514 um
1359 474 1518 529 aliquid

89 545 173 586 po}
195 532 270 571 1115
302 546 466 586 accepea
480 545 507 572 1(
580 533 696 586 Ergo
725 541 789 572 est
818 532 897 580 lex,
940 541 1111 579 :ustor-u:
1117 545 1142 569 11
1183 530 1520 586 injustorumque

90 587 533 646 ἀί511115(ἰο,18;11’1ε1111
557 602 590 627 a
583 599 624 626 1.*
616 588 905 642 -iquissimam,
926 601 963 626 5.
989 601 1125 626 :erum
1149 600 1337 626 omnium
1369 587 1522 642 princi-

90 658 186 699 pem
206 659 398 698 expressa
419 654 623 694 naturam,
645 643 695 684 ad
718 658 844 698 quam
871 643 987 697 leges
1021 644 1086 682 1110
1090 642 1235 683 ninum
1269 643 1454 698 dirigun
1459 659 1520 694 ur,

91 714 185 755 quae
210 701 416 756 supplicio
445 701 658 742 imurobos
690 698 1140 750 afficiu11t‚<1fendu11t
1166 714 1212 739 10
1245 709 1415 740 tuentur
1444 701 1521 741 bo-

91 770 182 797 nos.
241 749 521 799 ().P1aeclav‹'=
544 756 764 812 intelligo·
797 771 873 796 nec
894 770 989 795 vero
1009 755 1099 809 jam
1125 755 1247 795 aliam
1270 770 1332 797 ess
1337 771 1359 796 e
1390 756 1518 797 ullam

90 812 229 868 legem
251 822 356 869 puto
377 829 459 855 non
486 813 615 854 modo
644 812 898 862 habendam,
918 811 990 853 sed
1023 826 1074 852 ne
1101 811 1321 867 appellavi&
1312 828 1392 853 am
1427 814 1521 868 qui-

93 868 206 910 dem.
266 871 331 910 M.
362 871 496 925 Igitur
522 879 569 911 tu
598 869 728 910 Titias
758 879 801 910 et
820 858 1024 924 Apuleias
1055 868 1168 923 leges
1200 869 1309 909 null
1330 887 1333 903 2
1367 879 1513 924 putas.
1505 872 1518 899 ³
1539 884 1585 916 14

92 926 148 981 O.
174 927 268 982 Ego
289 941 382 967 xero
408 942 459 968 ne
484 926 620 967 Livias
650 925 836 981 quidem.
896 926 962 965 Μ.
994 927 1047 966 Et
1077 934 1204 975 recte,
1225 941 1278 980 ql
1271 941 1318 965 se
1347 941 1522 981 praeser-

93 982 170 1023 tim
193 990 232 1015 ³⁴
249 998 334 1024 uno
355 984 559 1025 versiculo
581 992 764 1033 senatus,
790 991 949 1047 puncto
978 981 1179 1036 temporis
1208 983 1383 1023 sublatae
1413 983 1523 1024 sint:

93 1038 160 1079 lex
179 1048 321 1080 autem
341 1039 425 1090 illa,
447 1041 568 1097 cujus
586 1039 667 1080 vim
678 1039 896 1097 exphcax
888 1055 912 1088 1,
934 1052 1068 1094 neque
1097 1038 1204 1088 tolli,
1234 1052 1369 1094 neque
1399 1040 1523 1080 abro-

92 1095 185 1149 gari
215 1106 369 1151 potest.
427 1100 483 1154 Q.
515 1098 595 1137 Eas
625 1105 672 1136 tu
702 1096 831 1150 igitur
860 1095 977 1160 lege-s
1005 1094 1173 1149 rogabis
1198 1094 1403 1147 videlicet,
1429 1111 1523 1151 quae

96 1164 324 1207 numquam
349 1153 620 1208 abrogentur.
681 1153 746 1192 M.
770 1151 910 1201 Certe,
932 1151 962 1191 si
993 1150 1122 1191 modo
1150 1162 1335 1206 acceptae
1363 1168 1388 1193 a
1406 1153 1524 1193 vobis

93 1207 260 1249 duobus
281 1219 416 1248 erunt.

152 1264 250 1314 Sed,
282 1273 328 1305 ut
352 1265 411 1305 xir
440 1263 708 1305 doctissimus
738 1263 839 1305 fecit
871 1263 1002 1314 Plato,
1033 1272 1159 1318 atque
1188 1263 1301 1304 idem
1331 1264 1525 1319 gravissi-

94 1335 190 1361 mus
208 1320 559 1376 philosophorum
583 1319 790 1369 omnium,
811 1321 883 1375 qui
904 1322 1096 1375 princeps
1116 1319 1167 1360 de
1189 1320 1404 1376 republica
1423 1336 1525 1362 con-

94 1377 274 1433 scripsit,
294 1377 488 1433 idemque
509 1377 731 1433 separatim
754 1377 805 1417 de
824 1377 990 1432 legibus
1011 1376 1116 1433 ejus,
1137 1384 1176 1408 3⁵
1192 1377 1236 1418 id
1264 1377 1368 1418 mihi
1399 1377 1525 1418 credo

94 1448 186 1478 5555
220 1433 472 1484 faciendum,
494 1443 542 1474 ut
570 1434 813 1489 priusquam
834 1433 968 1488 ipsam
988 1433 1129 1488 legem
1151 1433 1338 1484 recitem,
1361 1433 1413 1474 de
1436 1434 1526 1489 ejus

95 1490 202 1546 legis
228 1490 351 1531 laude
380 1490 532 1531 dicam.
562 1490 677 1546 quod
704 1489 816 1530 idem
843 1499 886 1530 et
916 1489 1145 1530 Zaleucum
1179 1499 1222 1530 et
1255 1489 1526 1531 Charondam

95 1546 245 1588 fecisse
273 1547 425 1588 video·
413 1578 426 1598 ,
457 1561 553 1588 cum
585 1546 756 1602 quidem
787 1545 848 1587 illi
879 1561 964 1587 non
998 1545 1126 1587 studii
1151 1555 1195 1587 et
1223 1546 1527 1610 delectationis,

95 1603 166 1644 sed
206 1603 445 1668 reipublicae
483 1618 609 1644 causa
644 1605 759 1658 leges
798 1603 1036 1644 civitatibus
1077 1603 1161 1643 suis
1200 1609 1240 1635 36
1257 1604 1527 1658 scripserunt.

95 1661 217 1716 Quos
238 1660 426 1701 imitatus
450 1661 584 1711 Plato,
603 1659 798 1700 videlicet
819 1659 900 1700 hoc
922 1673 1091 1723 quoque
1112 1659 1219 1714 legis
1239 1660 1400 1714 putavit
1421 1675 1527 1711 esse,

95 1715 346 1772 persuadere
366 1716 539 1781 aliquid,
559 1731 644 1757 non
664 1716 806 1757 omnia
824 1716 861 1756 vi
883 1731 930 1756 ac
951 1715 1074 1756 minis
1095 1730 1263 1770 cogere.
1322 1717 1377 1772 Q.
1398 1716 1529 1772 Ouid,
1545 1732 1589 1762 15

97 1772 214 1827 quod
246 1773 477 1814 Zaleucum
508 1774 633 1815 istum
666 1781 795 1828 negat
819 1772 952 1813 ullum
978 1772 1106 1813 fuisse
1131 1773 1346 1813 Timaeus?
1380 1774 1445 1814 M.
1469 1774 1530 1814 At

95 1828 416 1884 Theophrastus
444 1840 592 1871 auctor
621 1829 733 1870 haud
764 1829 959 1878 deterior,
985 1836 1022 1864 37
1040 1843 1135 1869 mea
1164 1829 1335 1884 quidem
1365 1839 1531 1871 senten-

97 1885 184 1936 tia;
221 1885 438 1926 meliorem
471 1886 594 1927 multi
629 1886 872 1926 nominant:
904 1895 1242 1926 commemorant
1271 1900 1368 1926 vero
1398 1886 1528 1951 ipsius

95 1941 221 1992 cives,
241 1942 372 1982 nostri
393 1943 583 1993 clientes,
610 1942 750 1982 Locri.
809 1941 895 1982 Sed
921 1941 1003 1981 sive
1023 1941 1118 1992 fuit,
1139 1942 1221 1982 sive
1243 1956 1327 1982 nou
1350 1942 1444 1993 fuit,
1465 1944 1528 1984 ni-

95 1998 157 2039 hil
181 1997 235 2039 ad
261 2012 362 2039 rem.
384 1998 612 2054 loquimur,
633 1998 748 2054 quod
778 1998 981 2038 traditum
1006 2008 1083 2038 est.
1143 1998 1207 2038 Sit
1235 1998 1367 2053 igitur
1395 1998 1476 2040 hoc
1506 1999 1572 2052 37

95 2054 303 2110 principio
335 2069 580 2110 persuasum
612 2055 785 2105 civibus,
819 2054 1014 2095 dominos
1044 2068 1134 2094 esse
1169 2055 1361 2095 omnium
1389 2070 1530 2097 rerum

96 2125 146 2152 ac
166 2111 451 2153 moderatores
477 2112 592 2162 deos,
613 2126 761 2167 eaque,
782 2126 877 2167 quae
897 2120 1110 2166 gerantur,
1133 2119 1172 2142 38
1189 2125 1337 2152 eorum
1357 2112 1448 2166 geri
1469 2112 1532 2153 di—

97 2167 214 2208 tione
246 2182 294 2208 ac
328 2169 513 2218 numine,
545 2167 803 2233 eosdemque
837 2178 911 2222 opt
899 2182 999 2208 nne
1035 2167 1086 2208 de
1117 2182 1272 2222 genere
1304 2167 1531 2209 hominum

98 2224 263 2274 mereri,
284 2233 340 2274 et,
361 2225 495 2281 qualis
515 2225 691 2289 quisque
711 2225 779 2275 sit,
803 2223 905 2280 quid
933 2232 1046 2280 agat,
1067 2223 1203 2288 quid
1193 2239 1236 2264 111
1257 2239 1301 2265 se
1321 2223 1531 2275 admittat,

101 2295 185 2337 qua
201 2291 357 2332 mente,
377 2295 461 2337 qua
487 2282 643 2337 pietate
674 2281 787 2344 colat
814 2280 1054 2336 religioneS,
1086 2280 1253 2330 intueri,
1281 2281 1532 2338 piorumque

143 2431 183 2456 33
208 2425 295 2455 etiarn
309 2426 334 2455 si
349 2433 432 2466 pern.
449 2439 478 2457 a.
493 2433 527 2466 p.
547 2424 591 2465 m]
619 2425 705 2456 etIam
728 2426 796 2457 sine
883 2430 921 2459 37
947 2436 1009 2454 mea
1032 2425 1146 2467 quidem
1167 2425 1309 2454 sententia
1331 2424 1473 2455 meliorem
1495 2438 1533 2457 m.

99 2468 198 2498 dubio
213 2468 382 2500 delendum
400 2476 455 2500 est,
839 2467 999 2507 nominant]
1018 2469 1098 2499 Haec
1112 2469 1223 2498 vitiosa
1236 2475 1323 2498 sunt.
1348 2468 1533 2507 Legendum

122 2516 125 2519 '
145 2517 186 2541 34
209 2522 263 2540 uno
277 2512 417 2542 versiculo
431 2511 555 2551 senatus]
574 2512 645 2543 Vid.
664 2511 796 2542 Clavem
840 2522 878 2540 m.
893 2522 921 2551 q.
931 2512 1070 2540 sententia
1079 2511 1188 2541 melior.
1200 2522 1263 2541 eum
1277 2511 1530 2551 (sc-Zaleucum]

102 2553 135 2585 in
152 2554 330 2594 1nd.Legg.
840 2553 926 2583 multi
945 2554 1104 2591 nominant,
1123 2566 1148 2585 c.
1165 2565 1198 2584 v.
1214 2554 1236 2583 ὶ.
1257 2565 1283 2584 c.
1303 2555 1342 2584 de
1365 2564 1396 2583 re
1415 2555 1479 2584 vid.
1503 2561 1534 2584 et

144 2602 184 2628 35
209 2596 242 2625 id
263 2597 334 2626 mihi
359 2597 440 2627 credo
469 2608 524 2627 esse
542 2595 733 2637 faciendum]
766 2596 800 2625 id
839 2597 878 2626 ad
899 2597 1045 2634 Att.V1,
1072 2605 1100 2628 1.
1131 2598 1220 2628 Idem
1242 2597 1328 2636 quod
1348 2597 1534 2636 Theophra-

102 2648 169 2670 non
189 2641 338 2670 convenit
354 2641 394 2677 τῷ
409 2645 453 2676 ut,
470 2641 521 2670 cui
538 2642 720 2680 respondere
743 2640 796 2670 de·
839 2647 918 2676 stuS‚
942 2640 1066 2671 tradidit
1082 2640 1262 2671 Aristoteles
1285 2640 1321 2670 L.
1344 2640 1387 2669 11.
1409 2640 1447 2668 de
1469 2647 1533 2679 opt.

102 2682 167 2712 bet.
211 2683 311 2713 Credo
328 2682 499 2721 legendum
514 2692 579 2713 aese
595 2684 675 2720 item,
692 2690 727 2714 ut
744 2692 798 2713 su·
839 2690 923 2712 statu
953 2683 1099 2720 civitatis,
1129 2694 1157 2714 c.
1183 2691 1232 2714 10.
1257 2683 1311 2712 ubi
1334 2691 1364 2712 v.
1388 2682 1535 2712 Camera-

101 2734 158 2764 pra
173 2726 254 2756 dixit
267 2726 388 2756 Cicero.
406 2727 451 2756 sic
465 2727 571 2756 visum
586 2727 684 2756 etiam
703 2726 798 2757 Lam·
841 2725 916 2755 rius.

104 2767 193 2798 bino.
885 2774 925 2799 38
949 2779 1043 2797 eorum
1056 2769 1121 2808 geri
1135 2769 1183 2805 vi,
1196 2768 1225 2797 d.
1243 2778 1276 2796 ac
1290 2765 1416 2805 numine]
1433 2765 1469 2795 vi
1483 2766 1538 2797 ab·

147 2813 188 2841 36
210 2809 395 2849 scripserunt]
421 2810 500 2840 Mss.
524 2811 654 2850 quidam
677 2818 707 2842 et
729 2811 798 2842 edd.
843 2817 889 2841 est
904 2820 923 2841 a
938 2811 1016 2841 Mss.
1033 2812 1117 2851 apud
1140 2810 1320 2847 Davisium,
1337 2810 1414 2840 item
1431 2809 1540 2849 Guelf.

103 2859 179 2886 vett.
194 2853 314 2884 habent
328 2853 560 2893 conscripserunt.
843 2859 875 2884 et
888 2854 959 2884 edd.
975 2860 1051 2886 vett.
