1844 3202
272 124 352 168 970
588 118 593 119 ⁷
631 117 691 155 M.
718 116 932 154 TULLII
969 116 1305 155 CICERONIS

272 224 452 282 profecti
481 224 696 266 incolunt:
730 225 829 280 quid
864 224 1103 280 optabilius,
1135 241 1263 281 quam
1293 224 1347 266 ad
1376 239 1448 266 eos
1477 223 1700 280 proficisci,

273 297 382 338 quos
403 292 594 323 mortuos
615 282 751 323 vivens
783 281 973 326 dilexeris
992 297 1002 331 ;
1033 291 1074 322 et
1095 296 1191 322 cum
1214 282 1262 322 iis
1284 290 1484 337 perpetua
1505 282 1586 321 vita
1606 294 1700 335 per-

275 338 372 389 frui,
393 337 478 394 qui,
498 347 546 380 ut
576 353 650 379 nos
682 339 723 379 in
753 338 877 378 laude
910 337 1149 388 viveremus,
1169 347 1211 379 et
1232 338 1408 379 libenter
1428 350 1702 387 moreremur,

274 395 360 436 suis
391 404 435 436 et
466 395 698 450 praeceptis,
730 404 772 436 et
804 393 1005 448 exemplis
1041 402 1260 447 tantopere
1295 393 1565 434 laborarunt?
1598 392 1704 433 mihi

273 461 388 493 certe
422 451 525 492 nihil
557 451 717 491 videtur
735 449 896 490 evenire
922 463 1045 504 posse
1065 450 1242 504 gratius,
1262 465 1402 505 quam,
1424 449 1458 490 si
1478 464 1592 489 mors
1613 448 1703 488 adi-

273 517 365 550 tum
397 508 450 548 ad
480 507 560 548 alia
589 507 683 547 loca
713 505 949 560 patefaciat,
980 505 1032 545 ad
1062 520 1134 546 eos
1163 505 1313 555 venire,
1336 514 1377 546 et
1407 520 1504 547 cum
1527 506 1576 545 iis
1597 519 1703 555 esse,

274 579 380 621 quos
400 572 443 605 et
474 563 656 604 maxime
676 562 816 611 dilexi,
838 572 880 603 et
902 577 1132 616 numquam
1155 576 1238 602 non
1259 560 1447 617 diligere,
1467 576 1514 602 ac
1535 560 1704 602 laudare

272 635 461 676 possum.
520 619 592 660 Ad
614 633 732 659 meos
753 626 892 659 autem
915 627 957 659 et
978 619 1134 668 affines,
1156 627 1197 658 et
1216 616 1375 658 amicos
1394 627 1440 657 ut
1462 614 1703 672 pei-venero,

271 688 532 733 quantopere
559 675 765 716 laetabor?
799 690 893 729 quae
917 673 1145 730 jucundior
1168 674 1412 723 collocutio,
1439 674 1509 729 qui
1541 673 1704 714 suavior

272 734 335 774 vel
357 747 623 788 congressus,
644 731 706 771 vel
737 731 981 786 complexus
1001 732 1013 771 ?
1049 731 1087 772 O
1118 731 1243 771 vitam
1266 744 1358 771 vere
1379 730 1558 780 vitalem,
1578 739 1626 770 ut
1646 729 1705 769 ait

272 789 446 839 Ennius,
469 788 665 829 omnibus
685 787 822 838 bonis,
842 802 889 828 ac
911 786 1077 842 gaudiis
1100 786 1460 828 circumfluentem
1479 802 1487 826 :
1512 786 1584 826 sed
1604 786 1703 826 bea-

273 856 361 887 tam
390 846 516 886 etiam
546 853 741 894 mortem,
765 858 859 899 quae
889 844 942 884 ad
962 843 1247 884 beatissimam
1270 843 1394 883 vitam
1421 841 1583 882 aditum
1604 856 1705 897 ape-

272 902 364 943 riat.
425 903 501 942 Me
527 901 713 957 quidem,
742 901 821 940 etsi
850 900 996 940 dolore
1029 899 1296 940 vehementer
1317 898 1557 953 perculsum
1578 906 1621 939 et
1640 898 1703 938 af-

272 959 449 1008 flictum,
478 957 542 999 his
571 966 710 998 tamen
740 957 925 1007 monitis,
945 965 987 996 et
1011 955 1232 1011 praeceptis
1253 970 1336 997 non
1357 955 1624 1004 mediocriter
1644 953 1705 994 al-

271 1014 397 1056 levari
418 1015 553 1055 sentio
568 1019 581 1053 ⁴:
612 1013 752 1068 itaque
773 1013 982 1053 neminem
1005 1023 1109 1067 puto
1132 1013 1235 1062 fore,
1257 1026 1383 1067 quem
1405 1026 1489 1051 non
1510 1010 1706 1061 rationes,

271 1085 296 1112 a
317 1071 437 1112 nobis
458 1080 544 1112 tam
575 1070 761 1111 studiose
783 1083 805 1109 e
827 1069 1062 1124 sapientum
1094 1068 1209 1109 libris
1241 1067 1446 1117 collectae,
1469 1066 1630 1123 juvent,
1657 1081 1705 1107 ac

271 1127 495 1168 delectent.
516 1140 649 1182 eoque
677 1126 828 1180 magis,
850 1140 934 1180 quo
967 1125 1139 1165 leviores
1165 1133 1285 1165 erunt
1317 1124 1493 1164 aliorum
1524 1123 1706 1174 dolores,
1734 1144 1738 1148 ·

272 1199 399 1240 quam
427 1183 510 1234 hic,
532 1198 617 1239 quo
647 1197 723 1223 nos
752 1191 968 1236 tantopere
989 1181 1120 1222 vexati
1151 1196 1310 1221 sumus.
1332 1195 1425 1221 nam
1454 1180 1486 1220 si
1516 1193 1649 1229 amor,
1671 1179 1705 1220 si

273 1241 405 1296 pietas
428 1240 536 1290 filiae,
555 1240 588 1281 si
607 1240 750 1289 virtus,
769 1238 802 1278 si
823 1239 1018 1294 gravitas,
1041 1239 1073 1278 si
1102 1238 1351 1289 constantia,
1373 1237 1406 1276 si
1437 1245 1589 1288 cetera,
1610 1251 1704 1291 quae

272 1297 337 1338 vix
370 1297 410 1337 in
439 1296 617 1337 faeminis
646 1295 837 1350 spectari,
867 1294 1022 1335 nedum
1057 1294 1210 1349 requiri
1237 1293 1386 1343 solent,
1407 1292 1709 1333 consideranda

272 1354 380 1394 sint:
413 1362 529 1394 tanta
558 1352 670 1393 facta
692 1352 873 1407 jactura,
903 1351 1149 1406 gravissime
1179 1350 1323 1391 dolere
1353 1349 1590 1390 debuimus.
1632 1347 1704 1389 sed

271 1409 407 1451 vincat
437 1409 629 1450 dolorem
657 1407 891 1449 consolatio
913 1425 921 1448 :
955 1422 1031 1447 nec
1052 1406 1160 1462 jam,
1193 1407 1295 1462 quid
1321 1406 1597 1455 amiserimus,
1619 1404 1708 1455 sed,

273 1476 478 1522 quatenus
509 1465 732 1506 mortalem
764 1464 888 1504 filiam
920 1463 1066 1519 lugere
1096 1463 1255 1513 deceat,
1294 1462 1547 1517 cogitemus.
1608 1463 1705 1502 Hoc

274 1537 350 1564 nos
377 1523 419 1563 in
449 1536 630 1562 moerore
652 1531 794 1562 nostro
814 1537 822 1560 :
853 1521 966 1575 quod
987 1529 1098 1560 certe
1120 1520 1239 1560 fortis
1262 1530 1325 1559 est
1347 1518 1511 1574 aegroti,
1533 1532 1616 1559 nou
1638 1532 1706 1558 so-

272 1578 361 1620 lum
392 1579 596 1634 accipere,
626 1577 699 1618 sed
730 1577 856 1618 etiam
887 1577 1100 1631 exquirere
1130 1575 1395 1616 medicinam.
1454 1576 1529 1624 At,
1551 1574 1584 1614 si
1610 1574 1705 1630 quis

274 1636 367 1686 erit,
398 1649 522 1691 quem
555 1634 677 1675 dolor
704 1648 729 1673 a
748 1633 908 1673 ratione
938 1632 1144 1682 averterit,
1165 1632 1232 1672 cui
1264 1646 1346 1671 non
1378 1631 1477 1671 satis
1508 1631 1626 1670 firma
1645 1630 1705 1671 vi-

274 1691 453 1732 deantur
483 1705 546 1741 ca,
566 1705 660 1746 quae
675 1690 764 1745 jam
786 1688 899 1730 dicta
919 1698 1016 1730 sunt
1036 1705 1045 1729 t
1076 1688 1109 1728 is
1132 1702 1175 1729 se
1195 1687 1410 1728 hominem
1444 1701 1534 1728 esse
1556 1686 1707 1727 memi-

275 1748 411 1800 nerit3
443 1747 545 1787 nihil
566 1754 706 1788 autem
730 1745 953 1786 humanius
976 1760 1064 1785 esse
1086 1754 1237 1794 morte,
1259 1753 1320 1794 ut,
1342 1744 1375 1784 si
1398 1758 1510 1784 mors
1531 1743 1584 1784 ab
1614 1743 1706 1798 ipso

274 1804 426 1855 divelli,
460 1812 585 1859 atque
622 1802 775 1843 auferri
811 1810 967 1857 posset,
1004 1801 1082 1842 diis
1116 1801 1287 1856 propior
1328 1799 1544 1840 habendus
1581 1809 1705 1849 esset,

274 1876 401 1917 quam
442 1860 698 1910 hominibus,
733 1873 810 1899 nec
843 1858 959 1899 omni
990 1872 1039 1898 ex
1075 1868 1190 1912 parre
1227 1856 1408 1897 hominis
1442 1870 1594 1897 nomen
1630 1855 1709 1910 ipsi

274 1927 540 1973 congrueret,
563 1917 660 1972 quia
687 1914 920 1965 communi,
943 1924 985 1956 et
1020 1914 1232 1970 praecipua
1263 1913 1444 1954 hominis
1466 1911 1709 1953 conditione

276 1989 359 2015 non
390 1982 590 2015 uteretur.
621 1981 823 2028 praeterea
852 1971 1048 2027 lacrymis
1079 1970 1182 2010 nihil
1218 1970 1377 2025 profici,
1409 1984 1503 2025 quae
1544 1969 1576 2009 si
1607 1967 1708 2023 quid

274 2030 506 2086 adjumenti
536 2030 680 2070 afferre
710 2038 897 2084 possent,
921 2043 1004 2068 non
1036 2028 1171 2067 solum
1204 2026 1484 2076 effimdendae,
1515 2024 1586 2065 sed
1618 2033 1708 2065 stu-

273 2087 392 2128 diose
413 2085 708 2141 conquirendae
731 2084 980 2126 viderentur.
1039 2084 1251 2138 Denique,
1274 2097 1355 2123 non
1379 2082 1514 2123 solum
1538 2081 1706 2137 injuste,

275 2143 347 2185 sed
368 2143 494 2184 etiam
517 2143 756 2197 turpissime
786 2155 926 2196 agere,
946 2140 1017 2195 qui
1049 2139 1276 2180 immodice
1306 2139 1461 2179 doleat.
1489 2137 1710 2193 turpitudo

275 2200 389 2241 enim
422 2200 536 2255 pejor
564 2208 628 2239 est
657 2198 828 2239 dolore:
861 2197 1067 2252 siquidem
1101 2196 1221 2236 dolor
1250 2195 1412 2236 homini
1433 2210 1455 2236 a
1478 2203 1623 2235 natura
1645 2194 1709 2234 in-

276 2257 380 2298 situs
410 2265 487 2306 est,
519 2255 705 2311 nihilque
736 2255 865 2295 habet
893 2254 1090 2294 infamiae.
1122 2253 1340 2307 turpitudo
1378 2262 1515 2292 autem
1556 2250 1709 2291 iccirco

274 2311 560 2368 vituperanda,
582 2312 698 2367 quod
721 2310 877 2367 aliquid
900 2325 1064 2365 semper
1094 2310 1339 2350 indecorum
1361 2307 1562 2356 continet,
1583 2306 1710 2362 culpa

275 2377 553 2411 contractum.
575 2376 618 2408 at
647 2368 784 2409 omnis
814 2367 1065 2408 immodicus
1096 2366 1218 2407 dolor
1248 2364 1379 2419 turpis
1408 2374 1486 2413 est,
1507 2373 1549 2404 et
1577 2378 1601 2403 a
1623 2364 1710 2404 viro

275 2425 467 2466 alienus:
498 2424 854 2479 quandoquidem,
886 2433 932 2464 ut
962 2423 1203 2472 immodice,
1234 2432 1466 2476 praeterque
1502 2419 1707 2462 rationem

277 2481 434 2531 doleas,
466 2489 614 2536 sponte
644 2481 784 2521 efficis.
816 2495 865 2521 ex
896 2494 979 2535 quo
1010 2480 1132 2534 culpa
1170 2477 1381 2519 exoritur:
1413 2491 1506 2531 quae
1546 2475 1708 2516 homini

277 2538 457 2579 maxime
479 2537 691 2592 fugienda,
713 2536 963 2591 vitandaque
984 2547 1062 2585 cst,
1084 2550 1134 2576 nc
1161 2533 1488 2589 cogitationibus
1511 2531 1707 2573 mollissi-

276 2595 371 2645 mis,
403 2593 544 2650 quales
574 2593 784 2634 interdum
816 2592 974 2647 perdite
1005 2600 1191 2632 amantes
1224 2591 1430 2645 *uscipere
1460 2588 1610 2639 solent,
1641 2588 1706 2628 ni-

277 2651 409 2692 mium
431 2650 736 2706 perturbemur,
758 2659 801 2690 ct
821 2648 1135 2689 effaeminemur.
1156 2646 1256 2703 quin
1279 2646 1419 2702 potius
1440 2660 1515 2687 nos
1536 2644 1590 2686 ad
1610 2646 1707 2686 Ho-

277 2707 432 2749 merica
452 2717 661 2762 praecepta
681 2707 906 2746 referamus
926 2722 935 2745 ε

386 2774 491 2812 Corde
509 2787 572 2824 age
589 2776 632 2811 sis
639 2774 757 2819 firmo,
774 2787 832 2810 nec
848 2781 879 2810 te:
898 2772 1054 2809 submitte
1071 2771 1173 2808 dolori
1187 2787 1199 2807 .-

383 2829 539 2879 Namque
557 2827 689 2880 aliquid
701 2828 863 2877 gravius,
876 2829 1033 2878 pejusque
1050 2824 1230 2877 aliquando
1249 2824 1370 2862 tulisti.
