1844 3202
548 116 726 154 LIBER
760 113 1098 152 SECUNDUS.
1456 113 1532 159 657

108 233 269 267 vertor:
315 225 467 281 quibus
502 223 693 278 profecto
724 220 1043 277 diligentissime
1076 219 1346 261 sanciendum
1379 229 1456 269 est,
1486 228 1535 263 ut

109 281 332 322 mulierum
364 282 517 322 famam
546 280 777 321 multorum
800 278 932 319 oculis
954 277 1026 318 lux
1046 276 1157 317 clara
1177 277 1402 327 custodiat,
1423 278 1535 319 initi-

109 348 312 393 enturqne
332 352 383 378 eo
404 337 488 377 ritu
509 336 667 387 Cereri,
695 349 779 391 quo
810 336 956 376 Romae
985 332 1215 374 initiantur.
1275 333 1376 375 Quo
1398 334 1438 374 in
1459 348 1534 388 ge-

109 408 207 434 nere
227 393 484 435 severitatem
503 393 711 449 majorum
738 400 772 423 1⁵
791 402 958 432 senatus
975 400 1092 431 vetus
1108 389 1334 430 auctoritas
1355 389 1407 430 de
1429 390 1535 430 Bac-

109 450 367 499 chanalibus,
397 459 439 490 et
468 449 706 500 consulum,
736 455 773 480 16
789 448 972 488 exercitu
1002 445 1207 495 adhibito,
1237 446 1417 501 quaestio
1447 446 1536 486 ani-

109 505 425 560 madversioque
444 505 642 546 declarat.
701 505 846 559 Atque
880 503 1022 544 omnia
1051 511 1268 552 nocturna,
1291 516 1341 542 ne
1362 517 1437 543 nos
1457 502 1535 543 du-

109 562 237 602 riores
258 562 364 603 forte
383 561 612 612 videamur,
633 562 673 602 in
695 561 833 602 media
853 560 1019 601 Graecia
1043 559 1290 614 Diagondas
1311 558 1537 599 Thebanus

108 617 203 673 lege
224 629 424 673 perpetua
445 619 628 659 sustulit.
688 619 832 659 Novos
854 631 949 657 vero
980 617 1097 665 deos,
1118 626 1160 656 et
1187 616 1229 656 in
1258 615 1322 656 his
1351 616 1537 656 colendis

110 683 334 715 nocturnas
354 675 689 729 pervigilationes
707 675 764 715 sic
782 672 1101 728 Aristopl·1ane5‚
1120 672 1396 713 facetissimus
1413 682 1540 728 poeta

108 730 253 771 veteris
284 731 521 781 comoediae,
541 739 673 782 vexat,
701 739 749 772 ut
776 729 888 785 apud
917 744 1013 770 eum
1046 728 1264 778 Sabazius,
1294 738 1335 769 et
1366 729 1538 784 quidam

108 786 178 827 alii
199 786 256 827 dii
277 788 485 842 peregrini
509 787 702 842 judicati,
722 802 745 828 e
764 787 928 828 civitate
949 785 1183 842 ejiciantur.
1245 786 1440 827 Publicus
1461 801 1538 827 au-

109 851 194 883 tem
227 843 435 894 sacerdos,
460 843 786 899 imprudentiam
810 852 844 879 17
861 842 1036 883 consilio
1062 842 1269 897 expiatam
1296 852 1411 884 metu
1431 843 1536 884 libe·
1547 848 1581 879 b.

109 908 197 949 ret;
230 900 445 941 audaciam
469 901 510 941 in
529 900 799 942 admittendis
827 899 1100 955 religionibus
1122 899 1244 939 foedis
1265 898 1451 951 damnet,
1473 908 1538 941 at-

110 970 193 1012 que
214 956 383 1012 impiam
398 956 576 1013 judicet.

166 1013 263 1054 Jam
292 1012 379 1053 ludi
408 1013 580 1068 publici,
602 1012 800 1069 quoniam
823 1021 920 1054 sunt
943 1026 1068 1053 cavea
1088 1013 1284 1068 circoque
1304 1013 1434 1064 divisi,
1456 1013 1601 1055 sintae

111 1081 336 1123 corporum
359 1070 622 1120 certationes,
643 1084 769 1110 cursu
791 1080 834 1110 et
853 1068 1127 1124 pugilatione,
1144 1069 1388 1121 luctatione,
1408 1070 1541 1111 curri·

111 1125 301 1180 culisque
323 1140 528 1181 equorum
553 1135 732 1181 1flusque
753 1126 805 1166 ad
827 1136 986 1166 certam
1003 1125 1218 1166 victoriam
1242 1126 1283 1166 in
1304 1127 1416 1167 circo
1437 1141 1541 1168 con-

112 1180 269 1221 stitutis
287 1198 296 1222 :
327 1197 465 1232 cavea,
485 1191 625 1232 cantu,
646 1195 760 1232 voce,
781 1196 828 1222 ac
851 1182 1018 1231 fidibus,
1040 1191 1081 1222 et
1111 1181 1222 1223 tibiis
1240 1198 1251 1232 3
1283 1182 1384 1223 dum
1410 1182 1541 1224 modo

109 1250 160 1277 ea
181 1237 397 1278 moderata
418 1238 514 1288 sint,
535 1248 582 1279 ut
601 1238 695 1293 lege
717 1238 1012 1293 praescribitur.
1043 1238 1248 1280 assentior
1266 1239 1376 1280 enim
1400 1240 1542 1281 19Pla-

112 1293 218 1344 toni,
239 1293 342 1335 nihil
361 1304 447 1335 tam
470 1294 591 1335 facile
612 1295 654 1335 in
674 1294 836 1335 animos
857 1304 1023 1336 teneros
1042 1304 1168 1350 atque
1187 1295 1336 1337 molles
1358 1296 1544 1348 influere,

111 1364 238 1404 quam
260 1351 390 1392 varios
421 1351 596 1392 canendi
624 1366 748 1392 sonos
767 1368 776 1392 ε
809 1366 1005 1406 quorum,
1026 1351 1106 1391 dici
1128 1352 1193 1392 vix
1214 1361 1365 1406 potest,
1389 1362 1546 1409 quanta

111 1407 165 1447 sit
185 1407 242 1447 vis
262 1407 301 1447 in
323 1416 544 1463 utramque
566 1417 743 1463 partem.
774 1409 974 1463 Namque
988 1418 1037 1454 ‚et
1055 1408 1202 1449 incitat
1222 1407 1485 1464 languentes,
1501 1419 1545 1451 et

112 1462 369 1518 languefacit
387 1465 607 1515 excitatos,
627 1475 670 1506 et
688 1474 779 1505 tum
800 1465 978 1506 remittit
998 1464 1176 1516 animos,
1197 1475 1288 1506 tum
1309 1466 1542 1508 contrahit:

112 1519 412 1576 civitatumque
448 1521 528 1562 hoc
559 1521 787 1562 multarum
822 1521 864 1562 in
898 1521 1064 1562 Graecia
1088 1521 1292 1572 interfuit,
1321 1523 1544 1579 antiquum

112 1590 262 1618 vocum
289 1592 449 1618 servare
477 1577 683 1619 modum:
714 1592 893 1634 quarum
926 1592 1065 1619 mores
1093 1578 1198 1634 lapsi
1227 1578 1280 1619 ad
1305 1579 1544 1631 mollitiem,

112 1633 267 1688 pariter
291 1642 388 1675 sunt
407 1635 618 1676 immutati
639 1650 736 1676 cum
757 1635 973 1676 cantibus:
1004 1644 1078 1675 aut
1099 1634 1179 1676 hac
1205 1635 1427 1677 dulcedine
1449 1651 1544 1677 cor-

114 1690 361 1746 ruptelaque
383 1691 610 1747 depravati,
631 1701 678 1732 ut
707 1691 878 1747 quidam
909 1701 1060 1746 putant
1075 1707 1087 1742 3
1118 1700 1207 1742 aut,
1226 1707 1324 1733 cum
1351 1693 1545 1735 severitas

113 1759 260 1787 eorum
281 1748 337 1788 ob
357 1747 438 1789 alia
459 1748 555 1790 vitia
574 1747 806 1798 cecidisset,
828 1757 918 1789 tum
941 1747 1022 1789 fuit
1050 1748 1093 1790 in
1120 1749 1291 1790 auribus
1311 1749 1546 1806 animisque

113 1803 287 1844 mutatis
317 1804 443 1845 etiam
473 1804 572 1846 huic
601 1804 824 1846 mutationi
854 1804 987 1845 locus.
1047 1806 1338 1861 Quamobrem
1361 1806 1431 1847 ille
1451 1806 1544 1862 qui·
1557 1811 1610 1853 39

114 1857 209 1900 dem
238 1861 564 1914 sapientissimus
587 1861 763 1902 Graeciae
791 1861 861 1911 vir,
881 1861 1093 1916 longeque
1123 1861 1409 1913 doctissimus,
1428 1863 1548 1905 valde

115 1914 223 1956 hanc
243 1915 381 1957 labem
405 1928 579 1958 veretur.
611 1926 735 1973 negat
757 1918 869 1958 enim
899 1918 1053 1958 mutari
1080 1932 1203 1973 posse
1230 1919 1411 1960 musicas
1431 1920 1549 1976 leges

114 1971 202 2012 sine
236 1973 467 2014 mutatione
496 1974 639 2029 legum
673 1974 950 2029 publicarum.
1010 1983 1051 2006 20
1067 1975 1162 2030 Ego
1187 1985 1331 2016 autem
1360 1990 1436 2017 nec
1459 1985 1548 2017 tam

115 2027 233 2069 valde
267 2029 309 2070 id
344 2029 594 2081 timendum,
632 2045 708 2071 nec
740 2031 862 2086 plane
897 2031 1253 2072 contemnendum
1289 2042 1409 2087 puto.
1470 2032 1550 2075 Illa

104 2085 304 2140 ¹quidem,
324 2101 419 2141 quae
440 2087 632 2128 solebant
653 2087 866 2143 quondam
890 2087 1093 2143 compleri
1113 2088 1332 2130 severitate
1355 2089 1549 2145 jucunda

115 2141 297 2183 Livianis
327 2152 369 2183 et
399 2143 611 2185 Naevianis
631 2144 768 2184 modis
786 2160 798 2195 3
830 2159 956 2195 nune,
977 2152 1025 2185 ut
1044 2143 1190 2185 eadem
1212 2145 1436 2196 exsultent,
1456 2160 1547 2187 cer-

114 2197 222 2239 vices
239 2199 471 2255 oculosque
490 2200 645 2256 pariter
661 2215 758 2242 cum
776 2200 1003 2242 modorum
1020 2200 1267 2243 flexionibus
1286 2211 1321 2235 21
1336 2211 1547 2259 torquent.

163 2333 198 2358 15
222 2334 334 2357 senatus
356 2334 442 2357 vetus
459 2328 616 2358 auctoritas
630 2329 664 2358 de
679 2329 812 2358 Baccha.

853 2329 976 2366 stitutis,
997 2329 1145 2359 constituti
1166 2336 1278 2361 cantus
1300 2340 1345 2362 sc.
1367 2331 1441 2368 sint,
1465 2333 1549 2371 quod

116 2368 241 2408 nalibus]
271 2370 392 2400 SCtum
422 2372 484 2401 hoc
515 2378 672 2411 repertum
702 2372 812 2402 seculo

853 2371 906 2402 ille
929 2373 1013 2403 addit
1038 2383 1102 2403 non
1126 2375 1312 2412 necessario,
1330 2385 1408 2405 cum
1424 2384 1440 2404 e
1458 2385 1551 2415 supe·

118 2418 224 2442 nostro
239 2419 269 2442 et
282 2413 404 2443 editum
421 2422 466 2444 est
481 2424 499 2444 a
515 2415 635 2445 Maffeo
651 2415 682 2444 in
702 2415 812 2445 Istoria

118 2455 261 2494 Diplom.
278 2463 307 2486 et
323 2457 402 2488 aliis.
424 2458 462 2487 de
479 2467 510 2488 re
525 2468 555 2488 v.
574 2458 639 2489 Liv.
654 2458 810 2495 XXXIX,

117 2505 145 2531 9.
163 2507 233 2537 sqq.

161 2546 199 2571 16
223 2541 350 2570 exercitu
365 2541 506 2581 adhibito]
526 2543 710 2574 Exercitum
727 2544 757 2573 in
776 2553 813 2574 ea

118 2592 150 2613 re
163 2584 344 2614 adhibitum
357 2594 434 2620 esse,
446 2594 541 2625 negat
552 2586 636 2617 male
652 2587 812 2617 Davisius.

162 2632 198 2661 17
224 2626 338 2656 consilio
361 2628 526 2668 expiatam]
552 2631 573 2659 i.
590 2639 617 2659 e.
640 2639 657 2659 e
680 2630 812 2660 consilio

117 2667 323 2706 Pontificum,
336 2672 390 2708 qui
406 2672 598 2710 expiationes
612 2673 798 2704 decernunt.

163 2718 200 2742 18
234 2723 320 2754 usque
352 2713 392 2742 ad
420 2720 526 2744 certam
555 2715 712 2745 victoriam
739 2716 813 2745 circo

118 2752 218 2793 const]
247 2755 288 2784 ad
311 2763 418 2785 certam
441 2757 597 2787 victoriam
622 2768 666 2789 sc.
690 2766 812 2799 septem

118 2797 283 2828 curriculis
298 2799 435 2829 decursis
451 2800 489 2830 ad
508 2806 638 2832 metam.
662 2802 736 2831 circo
758 2802 812 2832 be-

117 2849 158 2873 ne
173 2839 204 2870 in
220 2841 336 2873 addidit
355 2842 514 2874 Davisius.
559 2844 649 2875 Idem
672 2854 727 2885 pro
748 2855 813 2874 con-

854 2415 986 2446 rioribus
1011 2417 1105 2455 repeti
1128 2418 1235 2455 possit.
1281 2418 1317 2448 In
1342 2418 1437 2448 verbo
1458 2429 1551 2448 cavea

856 2458 956 2488 intell.
974 2458 1016 2494 in,
1032 2466 1087 2489 aut
1102 2460 1297 2495 addendum,
1315 2468 1351 2491 ut
1373 2469 1446 2493 ante
1467 2461 1552 2491 circo.

855 2512 926 2530 voce
941 2502 973 2531 P.
991 2502 1158 2532 Manutius
1182 2504 1266 2533 male
1288 2504 1414 2539 delevit,
1431 2504 1506 2542 quia
1521 2509 1552 2533 et

856 2545 888 2574 in
905 2544 973 2583 lege
987 2552 1033 2575 est
1048 2551 1134 2576 cantu
1157 2553 1186 2575 et
1195 2546 1310 2585 fidibus
1331 2554 1358 2576 et
1382 2546 1471 2576 tibiis.
1496 2556 1552 2586 pro

855 2593 941 2616 cantu
957 2588 1035 2618 dixit
1051 2599 1132 2626 voce,
1149 2589 1224 2628 quia
1239 2590 1373 2620 verbum
1392 2596 1491 2618 cantus
1506 2599 1552 2621 re-

855 2637 958 2671 petere
974 2631 1089 2661 noluit.

902 2681 940 2706 19
964 2673 1094 2713 Platoni]
1113 2675 1162 2705 De
1179 2675 1256 2714 Rep.
1273 2676 1302 2706 L⁴
1320 2675 1374 2705 IV.
1391 2684 1421 2713 p.
1436 2680 1509 2710 447.

901 2724 942 2748 20
965 2717 1030 2756 Ego
1055 2717 1165 2757 autem]
1191 2718 1340 2748 Davisius
1362 2718 1479 2748 addidit
1500 2728 1553 2747 au-

856 2765 912 2788 tem
928 2769 944 2789 e
956 2759 1043 2790 libris
1059 2770 1117 2791 scr.
1133 2768 1164 2790 et
1179 2761 1248 2791 edd.
1266 2761 1361 2790 habet
1375 2761 1471 2792 etiam
1488 2761 1552 2792 Ms.

857 2801 966 2833 Guelf.

900 2852 937 2876 21
970 2844 1114 2887 torquent]
1136 2843 1187 2876 Sic
1210 2845 1381 2886 legendum
1405 2855 1471 2878 non
1495 2852 1551 2876 tor.

850 2899 881 2928 υ
903 2902 932 2927 u
951 2899 976 2942 3
