1844 3202
223 594 257 648 7

270 96 346 132 625
789 94 865 132 DE
902 93 1156 133 LEGIBUS

269 201 401 256 igitur
428 201 518 258 ejus
549 199 804 257 reipublicae,
832 217 958 257 quam
988 202 1190 258 optimam
1217 215 1306 243 esse
1329 200 1474 242 docuit
1494 207 1532 238 2⁷
1549 202 1590 242 in
1609 198 1695 241 illis

270 272 341 298 sex
379 256 494 299 libris
535 258 691 312 Scipio,
722 258 925 299 tenendus
955 267 1019 299 est
1057 259 1178 299 nobis
1215 269 1258 300 et
1293 257 1512 299 servandus
1543 266 1690 307 status,

269 327 499 378 omnesque
529 314 644 369 leges
664 315 1033 356 accommodandae
1054 315 1106 355 ad
1136 315 1237 356 illud
1264 314 1368 355 civit
1362 315 1438 355 itis
1458 329 1605 369 genus,
1626 327 1692 353 se-

268 370 384 410 rendi
416 370 543 411 etiam
572 385 724 421 mores,
753 385 828 411 nec
863 371 1024 423 scriptis
1057 372 1199 412 omnia
1230 371 1474 412 sancienda:
1507 379 1691 433 repetam

268 426 442 481 stirpem
465 427 573 483 juris
595 441 618 466 a
639 436 801 477 natura,
821 442 904 482 qua
931 428 1037 468 duce
1061 438 1125 468 est
1150 428 1269 468 nobis
1299 427 1434 468 omnis
1465 424 1693 489 disputatio

267 483 527 538 explicanda.
586 484 678 523 Att.
722 483 991 524 Rectissime.
1041 494 1084 525 et
1121 483 1290 539 quidem
1320 483 1399 524 ista
1433 482 1538 523 duce
1568 480 1696 522 errari

270 540 387 580 nullo
407 547 533 594 pacto
553 547 706 602 po'tcst.

328 596 394 636 M.
427 596 571 636 Dasne
605 595 735 650 igitur
768 594 850 635 hoc
885 595 1019 647 nobis,
1050 596 1268 651 Pomponi,
1294 597 1406 648 (nam
1427 593 1578 636 Quinti
1601 591 1696 633 novi

207 669 254 700 21
272 652 537 703 sententiam)
563 659 601 683 ‘28
619 651 793 693 deorum
821 652 1124 693 immortalium
1147 652 1196 701 vi,
1220 660 1380 701 natura,
1401 651 1576 699 ratione,
1598 656 1696 704 pot-

270 717 417 772 estate,
439 717 593 758 mente,
615 708 798 757 numine,
819 708 902 749 sive
922 708 1037 763 quod
1066 718 1129 749 est
1154 709 1266 749 aliud
1287 708 1473 757 verbum,
1496 721 1580 763 quo
1608 705 1698 768 pla-

270 765 364 805 nius
395 764 627 819 significem
662 763 776 819 quod
809 765 918 815 xolo,
947 775 1137 805 naturam
1173 779 1342 806 omnem
1379 764 1497 818 regi?
1532 776 1628 802 nam
1663 760 1699 802 si

270 820 354 861 hoc
376 835 457 861 non
483 821 665 885 probas,
672 821 725 861 ab
745 835 796 860 eo
819 821 939 861 nobis
960 835 1085 861 causa
1106 821 1307 862 ordienda
1325 830 1387 861 est
1415 819 1697 875 potissimum.

271 875 365 917 Att.
400 878 471 917 Do
497 891 609 926 sane,
636 878 669 918 si
697 877 836 932 postul
841 892 898 918 1s
928 878 1082 918 etenim
1113 888 1283 933 propter
1308 876 1419 917 hunc
1446 885 1698 917 concentum

272 933 409 974 avium
445 933 748 988 strepitumque
778 933 1010 982 fluminum,
1039 949 1122 974 non
1148 949 1302 984 veieor,
1333 942 1372 967 29
1386 930 1699 987 condiscipulo-

271 1005 366 1030 rum
395 1004 540 1043 nequis
563 990 769 1029 exaudiat.
829 991 894 1029 M.
916 989 1049 1043 Atqui
1069 1005 1140 1030 cas
1144 990 1297 1031 endum
1320 999 1397 1031 est.
1417 990 1552 1030 solent
1573 988 1701 1037 enim,

272 1045 315 1085 id
352 1045 465 1099 quod
496 1045 680 1085 virorum
713 1046 922 1084 bonorum
959 1054 1037 1095 cst,
1066 1046 1296 1086 admodum
1332 1047 1465 1086 irasci.
1498 1058 1572 1085 nec
1603 1058 1701 1083 vero

273 1102 421 1151 ferent,
443 1101 475 1142 si
497 1101 718 1150 audierint,
739 1110 780 1140 te
802 1101 983 1155 primum
1006 1110 1133 1156 caput
1158 1102 1254 1142 libri
1274 1102 1422 1156 optimi
1441 1099 1700 1156 prodidisse:

274 1165 370 1197 301n
411 1172 496 1213 quo
536 1158 715 1212 scripsit,
747 1156 866 1197 λιΙιὶί
900 1172 1040 1197 curare
1075 1158 1206 1253 deum,
1243 1174 1313 1198 nec
1348 1173 1424 1207 sm,
1456 1172 1527 1198 nec
1565 1155 1702 1197 alzeni.

212 1215 368 1255 22Att.
391 1215 537 1268 Perge,
560 1229 720 1268 quaeSO,
741 1229 765 1253 n
769 1229 835 1253 am
857 1213 914 1264 id,
935 1214 1049 1268 quod
1070 1215 1146 1254 tibi
1167 1215 1370 1265 concessi,
1391 1229 1593 1269 quorsum
1611 1227 1705 1276 per-

275 1271 406 1312 tineat
426 1280 640 1324 exspecto.
702 1271 767 1310 M.
798 1271 898 1310 Non
932 1270 1081 1311 faciam
1111 1271 1293 1326 longius.
1325 1271 1408 1311 huc
1437 1270 1547 1311 enim
1579 1268 1706 1325 perti-

276 1336 361 1368 net.
421 1326 594 1366 Animal
624 1327 705 1367 hoc
735 1326 970 1390 providum,
993 1342 1134 1382 sagax,
1155 1328 1274 1368 multi
1266 1328 1387 1382 ulex,
1408 1338 1593 1376 acutum,
1614 1339 1704 1366 me-

274 1398 384 1433 mor,
412 1382 582 1438 plenum
612 1383 783 1423 rationis
813 1391 855 1423 et
880 1383 1056 1434 consilii,
1082 1398 1206 1439 quem
1227 1399 1424 1424 vocamus
1457 1383 1705 1431 Hominem,

276 1439 478 1495 praeclara
492 1438 672 1494 quadam
695 1438 937 1479 conditione
959 1449 1203 1503 generatum
1227 1454 1315 1480 6556
1335 1455 1359 1480 a
1379 1454 1574 1495 supremo
1595 1439 1706 1480 Deo.

233 1501 266 1531 b
278 1496 417 1537 solum
439 1504 501 1536 est
522 1495 633 1535 enim
660 1510 710 1536 ex
738 1505 803 1536 tot
830 1496 1107 1537 animantium
1134 1497 1360 1552 genelibus
1392 1505 1516 1552 atque
1548 1494 1707 1536 naturis

276 1553 487 1608 particeps
516 1552 688 1592 rationis
718 1561 758 1592 et
788 1552 1072 1607 cogitationis,
1093 1567 1189 1593 culn
1211 1560 1350 1594 cetera
1371 1554 1453 1593 sint
1477 1552 1627 1593 omnia·
1635 1565 1707 1591 ex-

277 1609 427 1665 pertia.
486 1608 602 1651 Ouid
624 1618 687 1649 est
708 1618 864 1672 autem,
887 1623 969 1648 non
990 1609 1078 1649 diez·
1069 1624 1126 1649 zm
1150 1610 1191 1650 in
1223 1609 1407 1660 homine,
1427 1610 1500 1655 sed
1530 1609 1571 1650 in
1592 1608 1709 1649 omni

279 1665 390 1706 coelo
417 1673 543 1721 atque
570 1673 692 1714 terra,
721 1665 881 1705 ratione
909 1663 1115 1706 dixinius?
1151 1681 1244 1720 quae
1265 1681 1362 1706 cum
1382 1666 1564 1707 adolevit
1583 1672 1709 1720 atque

216 1727 264 1759 23
279 1722 467 1778 perfecta
507 1730 584 1772 est,
626 1722 865 1762 nominatur
905 1721 982 1761 rite
1020 1722 1244 1786 Sapientia.
1305 1724 1381 1763 Est
1419 1722 1562 1786 igitur,
1602 1735 1710 1777 quo-

279 1779 391 1819 niam
421 1778 525 1819 nihil
552 1788 616 1818 est
644 1778 804 1818 ratione
824 1777 990 1827 melius,
1009 1793 1140 1834 eaque
1160 1788 1203 1819 et
1224 1781 1264 1818 in
1285 1779 1471 1828 homine,
1491 1789 1533 1819 et
1553 1778 1594 1818 in
1615 1777 1710 1828 deo,

277 1835 414 1891 prima
438 1834 599 1875 homini
621 1849 718 1875 cum
739 1834 820 1875 deo
842 1833 1013 1875 rationis
1034 1835 1224 1875 societas.
1283 1835 1398 1875 Inter
1428 1849 1535 1890 quos
1566 1844 1709 1875 autem

277 1892 402 1942 ratio,
431 1891 539 1932 inter
566 1890 737 1931 eosdem
766 1891 893 1931 etiam
925 1901 1038 1931 recta
1068 1891 1174 1931 ratio
1200 1891 1436 1932 communis
1465 1900 1542 1933 est.
1600 1892 1711 1947 Ouae

279 1962 379 1989 cum
402 1947 454 1988 sit
476 1947 556 1997 lex,
578 1947 673 2002 lege
695 1961 865 2002 quoque
887 1953 923 1978 31
943 1947 1171 1988 consociati
1191 1947 1382 1988 homines
1403 1962 1499 1988 cum
1528 1933 1639 1988 diis
1629 1961 1709 2002 pu—

279 2004 398 2046 tandi
424 2019 583 2044 sumus.
645 2005 759 2043 Inter
790 2017 895 2059 quos
931 2016 1055 2057 porro
1086 2013 1150 2044 est
1181 2004 1423 2044 communio
1453 2004 1573 2068 legis,
1601 2004 1711 2044 inter

281 2075 354 2101 eos
375 2059 619 2101 communio
633 2059 742 2123 juris
762 2070 840 2100 est.
897 2059 1065 2100 Quibus
1093 2068 1232 2100 autem
1259 2060 1349 2100 haec
1378 2069 1475 2101 sunt
1501 2062 1610 2101 inter
1638 2074 1711 2101 eos

281 2116 539 2166 communia,
568 2124 610 2156 et
640 2116 816 2158 civitatis
846 2115 1032 2170 ejusdem
1067 2115 1248 2156 habendi
1278 2124 1388 2157 sunt.
1448 2117 1492 2158 Si
1514 2131 1611 2158 vero
1640 2117 1712 2157 iis-

283 2173 381 2214 dem
416 2172 618 2228 imperiis,
647 2181 689 2212 et
721 2171 1000 2227 potestatibus
1032 2182 1203 2227 parent:
1246 2172 1381 2214 multo
1410 2173 1538 2214 ctiam
1574 2172 1712 2228 magis

282 2238 432 2286 parent
450 2229 550 2270 huic
571 2228 733 2269 coelesti
761 2228 1028 2285 descriptioni
1055 2229 1269 2285 mentique
1289 2229 1451 2280 divinae,
1473 2238 1515 2270 et
1544 2244 1711 2286 praepo-

330 2382 367 2411 27
394 2375 423 2410 in
445 2375 505 2405 illis
530 2387 579 2405 sex
603 2375 697 2415 libris]
721 2377 843 2407 Nostris
869 2377 907 2406 de
933 2384 979 2404 re·
1021 2374 1069 2404 vis
1092 2382 1119 2404 et
1134 2382 1251 2412 natura,
1268 2376 1382 2406 dicitur
1407 2386 1461 2416 pro
1477 2377 1534 2407 diis
1559 2378 1645 2417 ipsis,
1670 2378 1717 2408 id-

286 2419 426 2459 publica,
444 2419 538 2449 iidem
556 2419 749 2459 intelligendi
767 2420 846 2449 infra
862 2428 889 2448 e.
908 2427 938 2451 9.
1021 2428 1083 2457 que
1100 2419 1132 2447 h.
1150 2418 1171 2448 l.
1192 2419 1235 2448 sic
1259 2419 1349 2455 dixit,
1375 2426 1409 2448 ut
1431 2421 1633 2460 sequentibus
1660 2430 1713 2460 ap-

332 2468 371 2492 28
395 2462 506 2491 deorum
522 2462 572 2493 im.
588 2462 623 2490 vi
639 2471 666 2491 et
686 2460 807 2502 natura]
835 2463 871 2492 In
894 2463 978 2500 prin-
1022 2461 1080 2491 tior
1095 2468 1173 2492 esset
1187 2462 1295 2491 oratio.
1311 2472 1388 2492 mox
1404 2472 1458 2502 pro
1473 2463 1630 2504 signficem
1645 2473 1714 2494 ma-

289 2505 371 2544 cipio
390 2505 490 2534 delevi
506 2514 582 2534 cum
604 2505 731 2535 Davisio
747 2505 781 2534 de
794 2516 803 2533 .·
827 2505 910 2544 quod
934 2513 979 2533 res
1024 2504 1080 2533 lim
1097 2504 1170 2543 signi
1195 2511 1285 2535 cetur.

290 2557 356 2578 non
373 2549 440 2578 fert.
487 2548 523 2577 In
539 2547 574 2576 vi
591 2554 619 2576 et
634 2555 740 2577 natura
757 2549 873 2577 haesere
889 2547 981 2577 libra·
1067 2554 1106 2579 29
1130 2547 1380 2586 condiscipulorum
1403 2547 1514 2590 nequis]
1547 2549 1715 2589 Epicureo-

287 2591 338 2627 sii,
354 2596 384 2620 et
397 2591 453 2620 viri
469 2591 564 2621 docti.
600 2591 747 2621 Davisius
762 2590 876 2620 delevit
891 2590 926 2619 vi
940 2595 979 2625 et,
1024 2600 1095 2620 rum
1111 2599 1155 2620 sc-

288 2635 375 2672 quod
398 2639 428 2663 et
457 2643 475 2662 a
505 2634 567 2663 Ms.
591 2633 698 2663 Guelf.
722 2634 821 2670 abest,
852 2639 883 2662 et
911 2633 981 2662 edd.
1067 2639 1108 2664 30
1131 2632 1161 2661 in
1176 2643 1229 2675 quo
1244 2632 1370 2672 scripsit]
1390 2634 1552 2674 Epicurus.

287 2683 362 2706 vett.
379 2676 582 2715 quibusdam.
603 2676 657 2705 Vir
671 2677 781 2706 doctus
797 2676 880 2715 apud
891 2676 981 2705 Tun·
1067 2682 1103 2706 31
1129 2675 1290 2714 consociari]
1318 2677 1394 2707 Mss.
1418 2685 1448 2708 et
1470 2679 1538 2708 edd.
1555 2683 1630 2707 vett.
1654 2677 1716 2708 fere

289 2719 420 2749 stallum
444 2720 482 2749 ad
499 2719 556 2758 Ep.
571 2719 609 2748 ad
625 2720 689 2749 Att.
713 2730 744 2758 p.
761 2725 832 2754 177.
848 2719 980 2758 corrige-
1024 2719 1142 2749 habent
1164 2718 1321 2758 conciliati,
1344 2722 1429 2759 quod
1458 2727 1488 2750 et
1512 2720 1625 2760 recepit
1650 2720 1716 2750 Da·-

289 2761 343 2790 bat
358 2761 385 2791 d.
404 2762 425 2792 i.
441 2768 511 2791 nutu
525 2773 534 2790 .·
558 2761 651 2792 male.
667 2772 742 2791 nam
760 2763 790 2791 id
806 2768 850 2791 est
864 2769 933 2800 post
948 2762 979 2791 in
1024 2763 1131 2793 visius.

292 2804 416 2845 numine.
441 2805 616 2844 Vulgatum
631 2806 760 2838 servavi.
776 2804 888 2834 deorum
901 2804 980 2835 imm.
