1844 3202
296 91 375 129 684
816 89 894 129 DE
930 90 1196 130 OFFICIIS

345 204 526 244 straretur,
546 199 606 237 sed
620 201 734 246 etiam,
753 200 842 252 quod
855 208 936 238 esset
951 202 1051 238 aetati
1074 201 1234 238 Ciceronis
1246 200 1321 247 filii
1339 209 1370 238 et
1388 201 1583 239 auctoritati
1595 212 1718 252 paren-

348 252 392 289 tis
408 253 609 304 aptissimus.
671 255 883 305 Quamquam
911 261 1021 291 autem
1048 253 1120 290 haec
1147 255 1284 304 quaestio
1310 255 1486 292 communis
1511 261 1560 292 est
1577 254 1719 291 omnium

342 305 631 356 philosophorum3
662 317 772 344 tamen
797 307 845 343 his
866 318 963 358 paene
983 308 1117 357 propria
1145 314 1205 348 est,
1223 308 1280 358 qui
1305 321 1467 344 summum
1489 307 1604 344 bonum
1624 307 1720 345 hone·

344 365 433 396 state
460 361 651 401 metiuntur,
679 372 790 410 nempe
818 359 1103 403 Academicorum,
1137 360 1428 411 Peripateticorum
1454 368 1488 398 et
1521 361 1718 404 Stoicorum,

343 413 402 462 qui
428 413 462 448 in
488 412 709 450 constituendo
735 427 859 449 summo
886 413 963 449 bono
997 412 1110 449 verbis
1142 414 1250 462 magis
1277 428 1378 463 quam
1411 428 1444 451 re
1474 413 1718 463 discrepabant.

346 464 486 502 Secutus
503 479 578 515 ergo
599 465 710 503 Cicero
725 473 773 502 est
792 467 825 502 in
845 465 907 502 hac
925 467 1103 516 quaestione
1118 466 1321 515 potissimum
1345 467 1477 510 Stoicos,
1496 473 1528 503 et
1550 481 1591 503 ex
1609 480 1718 503 eorum

328 518 502 566 fhntibus,
524 518 653 565 judicio
684 519 1017 571 arbitratique-suo,
1049 525 1214 569 quantum
1240 533 1365 570 quoque
1396 521 1486 557 modo
1515 521 1626 556 visum
1656 526 1717 562 est,

341 570 468 609 hausit.
505 571 648 608 Tradita
662 571 758 620 cfficii
775 579 808 609 et
825 571 1009 618 definitione
1027 579 1058 609 et
1072 571 1244 615 divisione,
1263 574 1404 623 quinque
1409 574 1507 620 facit
1519 586 1644 622 genera
1658 573 1716 610 de-

340 623 543 661 liberationis
562 625 596 661 in
611 625 740 662 consilio
758 625 912 676 capiendo
928 642 939 661 .·
964 626 1122 676 primum,
1143 623 1348 662 honestumne
1356 626 1463 675 factu
1482 628 1527 663 sit
1545 640 1590 662 an
1608 635 1716 676 turpe,

341 677 431 727 quod
452 678 487 714 in
513 678 774 716 deliberationem
804 678 894 716 eadit
908 695 920 714 .-
950 679 1105 720 alterum,
1125 678 1326 715 conducatne
1351 693 1396 716 an
1419 686 1559 716 noceat:
1588 679 1718 729 reliqua

340 744 434 774 vero,
463 730 521 768 ubi
549 745 623 768 eum
650 733 777 769 honesto
796 741 931 782 pugnat
953 732 991 768 id
1008 731 1096 782 quod
1111 732 1248 768 videtur
1266 732 1359 774 utile,
1381 739 1413 769 et
1434 746 1506 768 cum
1529 731 1628 769 aliud
1649 732 1716 770 alio

341 782 504 821 honestius
529 792 593 821 aut
621 786 736 822 utilius
764 786 912 826 videtur,
939 795 1051 821 utrum
1078 785 1176 821 alteri
1202 786 1246 821 sit
1263 785 1531 836 praeponendum.
1586 786 1627 822 In
1653 792 1717 823 tres

340 837 447 886 igitur
465 844 578 887 partes
607 845 711 875 totam
735 838 986 889 disputationem
1013 838 1197 880 distribuit,
1223 852 1366 889 quarum
1388 839 1499 889 prima
1524 848 1570 875 est
1592 837 1632 875 de
1657 839 1715 875 ho·

339 900 441 933 nesto,
469 891 579 927 altera
597 891 636 928 de
656 892 744 933 utili,
769 891 826 928 sed
845 891 1018 941 dupliciter
1044 899 1199 942 utraque,
1225 901 1257 928 et
1284 893 1382 928 tertia
1409 891 1449 928 de
1475 893 1717 942 comparatione

339 956 461 979 eorum.
482 957 510 980 c.
533 949 569 981 3.
624 945 778 980 Primum
793 945 946 993 formam
970 944 1140 994 quandam
1165 945 1287 981 honesti
1305 944 1435 982 exhibet
1453 958 1476 981 α
1500 953 1627 982 natura
1651 945 1714 982 hu-

339 1008 442 1032 mana
460 995 611 1040 ductam,
628 997 759 1047 ejusque
778 1004 939 1047 quattuor
951 1007 1066 1048 partes
1073 999 1185 1046 facit,
1204 998 1412 1048 sapientiam,
1420 998 1610 1045 justitiam,
1632 1005 1715 1035 tem-

334 1049 537 1098 perantiam,
565 1059 596 1086 et
610 1049 850 1098 fortitudinem
877 1064 934 1087 seu
962 1050 1225 1100 magnitudinem
1245 1052 1361 1094 animi,
1380 1064 1421 1087 ex
1439 1050 1558 1101 quibus
1574 1051 1715 1101 singulis

338 1110 428 1138 certa
446 1102 603 1153 quaedam
622 1102 731 1152 ‹fficia
749 1110 943 1141 nascuntur.
962 1117 990 1141 c.
1009 1111 1046 1141 4.
1101 1106 1156 1140 Ae
1173 1103 1212 1140 de
1231 1103 1280 1140 his
1299 1110 1459 1155 quattuor
1469 1103 1630 1154 partibus
1656 1118 1715 1142 ac-

338 1162 455 1192 curate
474 1155 637 1207 disputat,
666 1167 697 1194 et
725 1157 877 1207 quomodo
903 1157 949 1194 ab
976 1158 1015 1194 iis
1041 1156 1148 1205 officia
1168 1156 1347 1200 ducantur,
1374 1157 1524 1194 ostendit.
1544 1171 1572 1194 e.
1592 1164 1714 1196 5-42.

340 1208 433 1245 Huic
458 1208 675 1260 disputationi
700 1209 834 1256 subjicit
859 1210 900 1248 de
925 1212 1165 1261 comparatione
1191 1211 1326 1253 honesti,
1353 1210 1393 1247 de
1415 1211 1541 1247 duobus
1576 1210 1715 1248 honestis

338 1271 453 1298 utrum
472 1262 646 1301 honestius.
666 1277 694 1300 e.
716 1270 781 1302 43.
800 1277 829 1302 s.

244 1370 270 1416 1
287 1339 685 1427 QUAMQUAM
714 1380 770 1422 te,
791 1372 938 1413 Marce
971 1372 1041 1422 fili,
1063 1386 1218 1413 annum
1234 1372 1325 1428 jam
1346 1371 1585 1413 audientem
1608 1371 1713 1414 Cra-

252 1444 269 1475 1
287 1425 466 1482 tippum,
486 1427 613 1483 idque
629 1428 824 1478 Athenis,
842 1428 1051 1470 abundare
1067 1437 1234 1484 oportet
1255 1428 1472 1484 praeceptis
1491 1428 1712 1470 institutis-

197 1499 230 1530 ρ.
245 1497 274 1522 1.
287 1497 369 1538 que
388 1483 683 1539 philosophiae,
703 1495 874 1540 propter
903 1500 1110 1526 summam
1132 1496 1173 1526 et
1198 1485 1382 1526 doctoris
1403 1485 1711 1537 auctoritatem,

241 1543 269 1563 a.
282 1548 324 1579 et
354 1540 494 1591 urbis3
525 1555 705 1596 quorum
735 1541 840 1582 alter
869 1551 911 1582 te
941 1541 1114 1582 scientia
1141 1555 1295 1596 augere
1321 1550 1473 1596 potest,
1493 1542 1622 1582 altera
1641 1556 1712 1582 ex-

280 1595 460 1650 emplis:
492 1605 649 1647 tamen,
678 1606 727 1638 ut
756 1597 845 1652 ipse
881 1598 966 1638 1ad
996 1613 1131 1638 meam
1163 1597 1386 1638 utilitatem
1419 1611 1583 1652 semper
1612 1613 1709 1639 cum

281 1651 443 1693 Graeeis
471 1653 622 1694 Latina
649 1653 861 1709 conjunxi,
893 1668 1027 1710 neque
1051 1654 1092 1694 id
1117 1654 1158 1694 in
1178 1653 1445 1709 philosophia
1463 1654 1615 1704 solum,
1637 1654 1712 1696 sed

279 1708 408 1749 etiam
428 1709 470 1749 in
491 1709 657 1750 dicendi
677 1710 973 1751 exercitatione
996 1719 1013 1741 ‘2
1026 1711 1126 1751 feci:
1147 1710 1259 1750 idem
1280 1711 1356 1751 tibi
1378 1724 1529 1751 censeo
1547 1710 1708 1751 faciun-

278 1763 396 1815 dum,
417 1774 464 1806 ut
483 1780 558 1821 par
579 1765 633 1807 sis
659 1766 701 1806 in
721 1766 938 1822 utriusque
959 1767 1158 1808 orationis
1179 1766 1392 1807 facultate.
1451 1767 1593 1808 Quam
1615 1767 1708 1822 qui-

277 1819 373 1862 dem
395 1821 448 1862 ad
469 1836 572 1871 rem,
596 1830 613 1854 8
629 1836 703 1862 nos
725 1831 773 1863 ut
800 1822 987 1864 videmur
1012 1837 1215 1878 magnum
1242 1822 1459 1864 attulimus
1487 1823 1707 1879 adjumen-

278 1885 370 1917 tum
397 1877 637 1920 hominibus
668 1878 835 1929 nostris,
857 1888 905 1920 ut
934 1894 1017 1920 non
1047 1879 1176 1920 modo
1207 1880 1451 1920 Graecarum
1473 1879 1705 1921 litterarum

277 1933 416 1984 rudes,
438 1935 510 1975 sed
543 1935 669 1976 etiam
701 1935 830 1984 docti,
851 1935 1110 1990 aliquantum
1133 1949 1175 1976 se
1196 1935 1449 1977 arbitrentur
1468 1935 1644 1991 adeptos
1666 1945 1708 1977 et

239 1988 329 2038 2ad
365 1990 605 2041 dicendum,
642 1999 685 2032 et
722 1991 776 2032 ad
808 1991 1104 2046 judicandum.
1162 1991 1449 2049 Quamobrem
1490 1991 1622 2033 disces
1658 2002 1706 2033 tu

275 2046 445 2101 quidem
481 2062 506 2088 a
532 2048 720 2102 principe
756 2047 882 2104 hujus
914 2048 1048 2088 aetatis
1082 2047 1445 2103 philosophorum,
1477 2056 1520 2088 et
1555 2048 1704 2100 disces,

273 2102 476 2156 quamdiu
494 2103 629 2144 voles:
658 2103 820 2144 tamdiu
841 2113 983 2144 autem
1003 2104 1106 2145 velle
1128 2103 1315 2154 debebis,
1337 2103 1477 2159 quoad
1496 2113 1551 2155 te,
1573 2119 1705 2160 quan-

273 2167 364 2199 tum
398 2159 606 2214 proficias,
640 2174 723 2200 non
756 2160 992 2215 poenitebit.

319 2290 333 2313 1
359 2283 400 2311 ad
420 2295 510 2313 meam
526 2282 701 2322 utilitatem]
724 2284 804 2314 Haec
819 2284 935 2315 absunt
949 2294 968 2314 a

274 2325 337 2356 Ms.
361 2326 503 2356 Curiensi
522 2338 529 2356 z
553 2327 639 2365 quod
660 2327 773 2366 placet.
796 2337 872 2358 narn
895 2338 966 2367 pro-

273 2369 357 2398 fecto
373 2368 537 2407 languent.
824 2379 827 2383 ·

316 2418 333 2441 2
348 2411 436 2451 feci:
461 2412 536 2440 idern
559 2411 612 2440 tibi
635 2411 741 2450 censeo]
756 2412 825 2452 feci
847 2422 864 2442 a
881 2412 966 2443 libris

271 2454 463 2493 quibusdam
485 2463 545 2484 scr.
567 2454 665 2491 abest,
688 2456 784 2485 etiam
807 2457 855 2485 ed.
876 2456 965 2494 Mog.

270 2496 364 2534 bene,
377 2498 498 2537 opinor.
511 2507 566 2537 pro
575 2497 648 2526 idem
661 2497 730 2527 libri
742 2498 845 2537 scripti
861 2498 965 2538 plures

270 2539 321 2569 vel
338 2540 405 2569 item
422 2541 539 2570 habent
556 2539 604 2570 vel
620 2540 729 2569 itidem.
768 2541 831 2571 Ms.
849 2542 963 2572 Duisb.

269 2589 302 2612 et
323 2583 370 2613 ed.
396 2582 465 2613 Col.
488 2582 653 2613 identidem.
674 2584 850 2622 suspicatus
876 2594 964 2622 sum,

270 2624 457 2656 Ciceronem
479 2626 636 2664 scripsisse
659 2626 702 2654 ita
725 2625 799 2654 idem
815 2627 863 2656 vel
880 2628 964 2657 nude

270 2667 326 2704 ita,
349 2669 434 2707 quod
459 2667 493 2696 ero*
514 2674 546 2696 ut
569 2669 626 2706 ipse
653 2669 808 2708 requirere
829 2670 963 2701 videtur.

269 2709 326 2740 Ed.
340 2710 428 2750 Mog.
445 2711 540 2740 habet
556 2710 596 2740 id.

311 2759 328 2783 3
353 2764 400 2782 nos
414 2761 447 2783 ut
462 2752 608 2792 videmur]
634 2753 709 2783 Non
725 2754 798 2784 satis
815 2754 884 2784 haec
901 2755 962 2784 for-

269 2804 323 2824 ma
346 2796 435 2827 nobis
458 2797 569 2836 placet.
591 2796 706 2827 melius
722 2797 843 2827 videtur
859 2797 960 2827 dictu-

1050 2160 1134 2201 Sed
1165 2170 1303 2201 tamen
1336 2169 1511 2201 4nostra
1543 2161 1703 2216 legens,

1011 2294 1075 2321 rus,
1093 2285 1189 2315 fuisse
1201 2296 1247 2314 nos
1259 2284 1576 2315 videmur—attulisse.
1615 2286 1704 2316 Forte

1010 2334 1118 2357 tamen
1141 2329 1276 2367 scripsit,
1305 2336 1337 2357 ut
1359 2327 1494 2356 videmur
1516 2327 1603 2357 nobis.
1626 2338 1703 2359 nam

1011 2371 1042 2400 in
1066 2371 1258 2409 quibusdam
1280 2370 1365 2400 libris
1388 2381 1434 2399 nos
1457 2377 1502 2400 est
1524 2377 1594 2410 post
1619 2371 1704 2401 vide-

1010 2424 1086 2449 mur,
1103 2414 1136 2443 in
1153 2421 1185 2442 u!
1200 2413 1346 2448 videmur,
1371 2413 1455 2442 nude
1478 2414 1590 2452 posito,
1607 2414 1703 2453 possit

1004 2456 1135 2494 jactatio
1151 2456 1295 2494 intelligi,
1317 2457 1405 2495 quasi
1427 2457 1472 2486 sic
1488 2457 1636 2486 homines
1647 2456 1701 2494 ju-

1007 2499 1158 2530 dicarent.
1173 2506 1204 2528 at
1220 2499 1329 2528 Cicero
1347 2499 1499 2529 modestia
1517 2500 1639 2529 videtur
1654 2499 1699 2529 uti

1006 2541 1154 2572 voluisse.
1171 2542 1234 2572 Ms.
1250 2541 1364 2571 Duisb.
1378 2542 1474 2572 habet
1487 2542 1618 2579 videtur,
1635 2551 1701 2572 non

1008 2584 1134 2615 melius.

1051 2635 1069 2657 4
1093 2634 1188 2656 nostra
1204 2625 1309 2665 legens]
1328 2627 1380 2656 Sic
1400 2627 1462 2656 fere
1484 2626 1553 2656 libri
1569 2635 1627 2657 scr.
1645 2627 1701 2656 eti-

1007 2679 1061 2699 am
1084 2670 1198 2700 Duisb.
1215 2675 1245 2698 et
1269 2670 1366 2699 Goth.
1382 2676 1413 2699 et
1434 2669 1503 2699 edd.
1520 2676 1594 2699 vett.
1611 2669 1700 2700 Grae·

1004 2713 1074 2742 vius
1102 2711 1176 2752 leges
1202 2714 1317 2751 recepit
1340 2722 1356 2741 e
1380 2712 1466 2742 libris
1491 2712 1697 2750 quibusdam,

1003 2756 1088 2794 quod
1131 2762 1162 2784 et
1197 2756 1226 2785 J.
1272 2757 1305 2786 F.
1346 2755 1506 2784 Gronovio
1541 2754 1696 2794 placebat,

1003 2799 1078 2838 quia
1103 2798 1145 2836 τῷ
1167 2796 1260 2837 legens
1285 2797 1330 2828 nil
1358 2798 1565 2838 responderet.
1595 2799 1699 2828 immo
