1844 3202
540 112 723 151 LJBER
759 110 1099 150 SECUNDUS.
1454 109 1532 157 659

107 233 194 271 vos,
214 219 317 262 nihil
336 219 520 261 reticebo
538 235 548 260 :
581 219 787 274 velimque
814 216 910 269 hoc,
936 216 1052 273 quod
1076 217 1239 271 loquar,
1258 216 1336 257 diis
1357 217 1532 259 immor-

107 277 260 318 talibus
282 286 322 311 2⁹
333 278 501 332 gratum
528 275 669 330 potius
688 273 830 325 videri,
851 289 978 330 quam
997 287 1139 328 grave.
1162 274 1187 298 ᾗ·
1209 274 1234 298 *
1256 274 1280 299 ’'s·
1302 275 1326 299 ²''‘⁵
1377 275 1533 315 Omnia
1550 271 1614 323 17

107 339 199 373 tum
232 333 493 388 perditorum
525 331 676 372 civium
714 331 886 381 scelere,
920 330 1104 372 discessu
1136 341 1248 378 me0,
1278 328 1529 383 religionum
1543 344 1595 375 42

99 386 200 442 jura
216 389 378 444 polluta
396 397 521 429 sunt:
552 388 685 430 vexati
715 387 847 428 nostri
875 388 1002 428 Lares
1030 384 1255 427 familiares
1276 400 1285 425 :
1316 384 1358 425 in
1384 399 1530 426 eorum
1546 392 1579 423 b·

106 444 274 486 sedibus
300 444 603 485 exaedificatum
632 443 837 499 templum
871 443 1071 484 Licentiae
1095 458 1104 483 :
1133 440 1279 496 pulsus
1305 455 1329 481 a
1349 440 1532 482 delubris

105 506 146 532 ³0
159 499 209 550 is,
230 501 302 556 qui
324 500 394 541 illa
415 510 608 542 servarat.
677 500 1001 554 Circumspicite
1022 498 1212 540 celeriter
1232 497 1388 548 animo,
1414 497 1533 550 (nihil

104 556 216 599 enim
238 557 389 598 attinet
408 571 664 612 quemquam
686 556 907 608 nominari)
929 555 999 612 qui
1021 556 1103 596 sint
1124 568 1260 595 rerum
1279 553 1412 594 exitus
1430 568 1532 594 con-

104 613 250 654 secuti.
309 614 418 664 Nos,
438 613 510 669 qui
538 621 575 645 31
594 613 710 654 illam
743 612 965 654 custodem
995 612 1124 662 urbis,
1153 610 1350 651 omnibus
1380 610 1534 665 ereptis

105 669 256 710 nostris
277 670 402 710 rebus
423 684 471 711 ac
496 669 684 725 perditis,
704 669 845 711 violari
872 669 925 710 ab
950 668 1089 723 impiis
1117 667 1227 723 passi
1258 681 1342 707 non
1372 681 1534 717 sumus,

103 738 281 781 eamque
311 741 361 767 ex
391 735 533 767 nostra
558 726 688 767 domo
709 726 837 782 ipsius
857 725 986 780 patris
1006 725 1181 765 domum
1204 723 1446 773 detulimus,
1460 722 1534 780 ju-

102 780 212 822 dicia
237 792 419 833 senatus,
442 782 590 833 Italiae‚
609 783 798 838 gentium
833 782 1013 837 denique
1043 780 1249 830 omnium,
1279 789 1536 822 conservatae

102 838 247 892 patriae
279 838 494 880 consecuti
526 854 684 880 sumUS.
726 853 812 895 quo
849 838 950 894 quid
986 837 1172 879 accidere
1204 836 1343 891 potuit
1373 836 1535 877 homini

103 894 371 948 praeclarius?
405 896 600 938 Quorum
634 894 789 936 scelere
815 895 1040 952 religiones
1060 902 1148 935 tum
1174 901 1407 948 prostratae‚
1429 892 1535 934 affli-

103 959 269 1006 ctaeque
287 960 404 1002 sunt3
438 953 590 1007 partim
610 967 661 992 ex
682 951 762 993 illis
779 951 969 993 distracti
989 965 1037 991 ac
1059 950 1246 1005 dissipati
1260 948 1405 1004 jacent
1422 966 1431 991 :
1463 949 1536 1006 qui

102 1021 200 1048 vero
231 1022 282 1049 ex
313 1008 362 1049 iis
389 1017 433 1049 et
464 1008 616 1050 horum
647 1009 853 1050 scelerum
887 1008 1095 1063 principes
1121 1007 1304 1057 fuerunt,
1317 1015 1367 1047 .et
1384 1015 1537 1066 praeter

102 1072 266 1106 ceteros
294 1064 335 1105 in
365 1065 481 1105 omni
509 1065 711 1121 religione
742 1065 889 1120 impii3
921 1079 1003 1105 non
1029 1063 1167 1104 solum
1187 1070 1228 1095 ³2
1243 1062 1325 1103 vita
1344 1062 1535 1114 cruciati,

102 1128 230 1175 atque
250 1120 471 1172 dedecore,
493 1136 633 1162 verum
654 1122 779 1162 etiam
803 1120 1019 1176 sepultura
1036 1134 1084 1160 ac
1098 1119 1225 1176 justis
1243 1119 1534 1174 exsequiarum

102 1186 339 1217 caruerunt.
397 1179 453 1233 Q.
476 1178 684 1233 Equidem
709 1178 789 1218 ista
817 1191 1019 1232 agnosco,
1041 1176 1183 1225 frater,
1204 1184 1247 1216 et
1267 1176 1434 1216 meritas
1457 1174 1534 1216 diis
1546 1187 1596 1220 43

101 1232 260 1286 gratias
275 1247 380 1288 ago:
402 1233 474 1274 sed
491 1234 613 1274 nimis
635 1247 744 1289 saepe
763 1247 882 1274 secus
903 1233 1119 1288 aliquanto
1139 1231 1329 1273 videmus
1346 1231 1535 1272 evadere.

105 1289 172 1329 M.
201 1289 303 1330 Non
335 1290 463 1340 enim,
484 1290 656 1346 Quinte,
678 1299 791 1331 recte
811 1289 1116 1340 existimamus,
1136 1303 1230 1345 quae
1252 1302 1378 1343 poena
1399 1288 1537 1329 divina

103 1344 156 1385 sit
175 1361 184 1386 ε
215 1354 258 1386 et
279 1346 548 1401 opinionibus
567 1346 682 1402 vulgi
704 1346 890 1402 rapimur
911 1346 952 1387 in
971 1360 1172 1395 errorem,
1194 1359 1269 1385 nec
1289 1358 1382 1386 vera
1401 1345 1536 1386 cerni-

102 1415 197 1442 mus
215 1418 224 1443 :
257 1412 409 1453 morte,
428 1413 500 1444 aut
520 1403 666 1444 dolore
685 1403 889 1459 corporis,
913 1411 986 1443 aut
1010 1402 1129 1443 luctu
1157 1400 1301 1452 animi,
1321 1410 1393 1442 aut
1412 1409 1450 1433 33
1470 1401 1536 1442 of-

101 1457 291 1500 fensione
306 1459 472 1515 judicii,
492 1459 714 1501 hominum
735 1459 921 1500 miserias
943 1458 1225 1514 ponderamus
1243 1474 1254 1499 ι
1285 1473 1380 1513 quae
1401 1458 1538 1499 fateor

101 1513 287 1556 humana
306 1530 410 1567 esse,
430 1524 470 1557 et
490 1516 634 1558 multis
658 1516 782 1558 bonis
801 1515 895 1556 viris
915 1515 1115 1556 accidisse
1135 1530 1143 1554 :
1174 1513 1341 1556 sceleris
1361 1524 1424 1555 est
1443 1529 1536 1570 poe-

103 1585 170 1622 na,
197 1571 354 1614 tristis:
386 1580 426 1605 34
442 1582 486 1615 et
511 1582 664 1629 praeter
690 1587 763 1614 eos
792 1580 979 1622 eventus,
1009 1571 1082 1628 qui
1110 1579 1359 1626 sequuntur,
1388 1585 1463 1626 per
1494 1585 1538 1612 se

101 1627 192 1683 ipsa
223 1629 406 1671 maxima
434 1637 512 1671 est.
569 1629 767 1671 Vidimus
796 1644 884 1679 eos,
907 1628 994 1684 qui,
1023 1628 1103 1669 nisi
1130 1628 1316 1669 odissent
1343 1627 1537 1683 patriam,

102 1698 334 1741 numquam
366 1685 525 1727 inimici
559 1686 680 1727 nobis
717 1685 908 1735 fuissent,
939 1684 1132 1725 ardentes
1162 1699 1262 1725 cum
1291 1683 1538 1739 cupiditate,

102 1748 195 1781 turn
214 1751 348 1794 metu,
367 1750 459 1784 tum
485 1742 773 1784 conscientia:
804 1741 906 1797 quid
933 1751 1123 1796 agerent,
1154 1739 1283 1782 modo
1313 1740 1536 1791 timentes;

103 1796 284 1838 vicissim
318 1807 639 1840 contemnentes
675 1798 900 1854 religiones
923 1813 934 1847 ;
987 1805 1026 1830 3⁵
1040 1797 1204 1852 judicia
1245 1806 1446 1853 perrupta
1482 1797 1536 1839 ab

101 1852 280 1905 iisdem3
311 1864 511 1911 corrupta
541 1855 780 1906 hominum,
801 1869 882 1896 non
908 1854 1100 1895 deorum.
1161 1853 1403 1908 Reprimam
1427 1853 1535 1910 jam,
1547 1861 1600 1894 44

101 1918 143 1951 et
175 1924 262 1951 non
290 1910 485 1968 insequar
512 1912 696 1968 longius,
726 1926 859 1967 eoque
890 1911 1044 1962 minus,
1072 1925 1158 1966 quo
1189 1911 1284 1967 plus
1314 1925 1533 1967 poenarum
1547 1917 1667 1982 ΞΛΜ·

838 2031 895 2054 est.
941 2023 1116 2053 Lambinus
1139 2023 1274 2053 correxit
1297 2023 1377 2060 vita,
1395 2034 1458 2053 cum
1474 2035 1541 2052 cru-

839 2067 917 2095 cium
939 2074 1028 2108 atque
1050 2066 1191 2102 dedecore,
1208 2067 1294 2105 quod
1318 2067 1419 2105 placet
1443 2067 1541 2096 Davi-

838 2110 897 2146 sio,
915 2120 979 2139 non
997 2109 1143 2139 Grutero.
1190 2109 1333 2139 Pearcius
1356 2109 1432 2138 vitae
1447 2110 1540 2138 cruci-

839 2153 883 2181 ati
898 2152 1037 2181 dedecore.
1063 2162 1122 2182 nec
1139 2153 1200 2182 hoc
1221 2153 1301 2182 mihi
1325 2152 1438 2192 placet.
1462 2162 1539 2183 nam

838 2196 931 2226 debet
946 2205 1012 2225 esse
1036 2195 1088 2225 hic
1111 2205 1244 2231 nomen,
1261 2196 1347 2234 quod
1363 2196 1541 2234 conjunga-

99 2022 177 2053 visio
200 2023 335 2063 recipere
355 2024 584 2067 correctionem
607 2024 796 2060 Ranconeti‚

101 2067 197 2096 etiam
219 2066 288 2097 aliis
313 2068 477 2106 probatam
504 2078 567 2104 vos,
591 2077 635 2097 sc.
663 2069 795 2098 amicos.

103 2109 141 2139 ln
157 2109 242 2139 libris
257 2118 317 2140 scr.
331 2117 363 2140 et
377 2111 447 2140 edd.
467 2117 544 2141 vett.
566 2118 613 2141 est
635 2112 696 2140 fere
720 2110 799 2150 apud

104 2152 189 2182 Deos.
213 2152 310 2182 male.

145 2202 186 2228 29
199 2202 318 2235 gratum
327 2201 362 2234 p.
378 2194 487 2233 vitieri,
501 2207 588 2237 quam
601 2193 714 2236 grave]
724 2207 797 2235 gra-

102 2243 163 2267 tum
181 2244 240 2275 est,
260 2239 346 2276 quod
368 2239 478 2278 probet
499 2240 648 2269 animum
670 2246 798 2278 gratum

101 2281 248 2312 adversus
262 2282 359 2317 Deos,
373 2292 512 2322 quorum
525 2282 680 2312 beneficia
695 2283 728 2312 in
745 2291 798 2312 me

102 2332 357 2354 commemorem
371 2331 402 2354 et
417 2325 598 2365 praedicem.
621 2335 708 2366 quam
725 2335 798 2364 gra-

103 2376 153 2402 ve,
170 2366 190 2396 i.
207 2376 366 2406 arrogans,
381 2375 418 2398 ut
433 2368 607 2399 molestum
623 2377 689 2399 esse
704 2375 735 2398 et
750 2368 798 2398 in-

101 2415 228 2449 gratum
242 2410 363 2440 debeat.

146 2458 187 2483 30
209 2452 246 2489 is,
263 2453 312 2494 qui
334 2452 390 2482 illa
411 2452 560 2493 servarat]
584 2453 736 2493 Intelligit
750 2463 799 2484 se-

105 2502 172 2525 met
187 2496 305 2534 ipsum.

145 2544 183 2568 31
209 2537 293 2567 illam
317 2538 456 2568 custodem
481 2537 576 2579 urbis]
604 2539 799 2577 Minervam,

103 2580 197 2618 cujus
223 2582 354 2621 signum
377 2588 461 2618 ante,
484 2591 582 2621 quam
606 2583 638 2612 in
661 2583 797 2613 exilium

104 2624 215 2660 abiret,
229 2634 246 2654 e
261 2625 358 2654 domo
373 2633 431 2655 sua
448 2626 481 2655 in
497 2624 656 2664 templum
673 2626 799 2666 Capito-

104 2665 224 2703 linum,
239 2667 324 2706 quod
340 2666 389 2696 vel
406 2667 495 2706 ipsius
505 2668 602 2707 patris
617 2668 728 2698 domum
743 2679 799 2699 vo-

105 2715 170 2745 cat,
186 2709 299 2740 detulit
313 2716 344 2740 et
358 2710 522 2741 dedicavit.
539 2720 570 2741 v.
588 2711 749 2744 Plutarch.
765 2713 798 2742 in

106 2751 258 2783 Cicerone
273 2763 303 2792 p.
322 2757 394 2787 876.

149 2800 189 2825 32
213 2795 281 2824 vita
307 2794 432 2824 cruciati
453 2801 540 2836 atque
561 2795 704 2836 dedecore]
727 2796 798 2826 Hoc

106 2846 218 2868 verum
234 2848 301 2869 non
315 2844 373 2877 est,
385 2838 439 2869 sed
451 2839 601 2870 correctio
612 2846 696 2875 certa
710 2839 801 2871 nulla

840 2246 892 2269 tur
906 2248 982 2268 cum
1007 2245 1172 2268 caruerunt.
1218 2239 1250 2268 Si
1273 2246 1383 2268 tamen
1406 2238 1539 2277 intelligi

840 2289 940 2321 potest
955 2288 1032 2317 sunt,
1048 2280 1154 2321 legam
1172 2292 1225 2309 non
1249 2281 1337 2310 solum
1357 2281 1430 2311 vivi
1446 2281 1540 2311 cruci-

840 2324 884 2353 ati
910 2323 1060 2353 dedecore.-
1084 2325 1116 2354 in
1140 2323 1238 2354 altero
1262 2324 1395 2364 intelligi
1419 2325 1538 2362 mortui,

839 2368 924 2407 quod
941 2367 1068 2398 fortasse
1082 2367 1210 2397 excidit.

885 2416 924 2440 33
951 2409 1100 2450 ffnsione
1120 2406 1248 2449 judicii]
1274 2409 1362 2439 Cum
1389 2410 1539 2440 homines

842 2453 926 2484 male
949 2453 987 2482 de
1011 2453 1102 2484 nobis
1122 2453 1267 2491 judicant
1290 2459 1321 2483 et
1342 2452 1538 2483 existimant.

842 2496 917 2526 alibi
934 2503 980 2526 est
995 2496 1108 2536 offi’nsio
1125 2493 1345 2524 existimationis
1361 2495 1514 2524 hominum.

886 2545 927 2570 84
951 2546 978 2568 et
993 2545 1196 2578 preter—per
1210 2548 1238 2567 se
1254 2537 1316 2577 ipsa
1332 2538 1462 2567 maxima
1478 2536 1535 2578 est]

836 2587 890 2621 per
911 2593 940 2612 se
962 2582 1024 2621 ipsa
1040 2591 1152 2611 verum
1169 2591 1232 2611 non
1250 2590 1316 2611 esse
1331 2587 1448 2620 potest:
1473 2589 1538 2619 quo

840 2626 929 2655 enim
959 2625 1022 2664 ipsa
1049 2624 1200 2655 refertur?
1233 2624 1336 2653 immo
1366 2623 1538 2662 legendum

838 2674 890 2707 per
905 2679 934 2697 se
948 2667 1041 2707 ipsum
1058 2669 1078 2698 i.
1089 2677 1115 2697 e.
1131 2666 1247 2697 scelus.

884 2717 923 2741 35
941 2710 1060 2749 judicia
1087 2706 1418 2749 perrupta—corrupta]
1453 2707 1538 2739 Illud

841 2754 971 2784 refertur
1005 2754 1043 2783 ad
1071 2753 1151 2789 vim,
1182 2754 1244 2782 hoc
1280 2751 1319 2780 ad
1354 2751 1537 2789 pecuniam.

842 2796 960 2826 Sensus
981 2802 1039 2832 est,
1063 2805 1187 2826 evasere
1210 2803 1317 2833 poenas
1341 2793 1537 2830 judiciorum

841 2839 872 2869 vi
888 2846 944 2868 aut
958 2839 1106 2878 pecunia,
1121 2839 1174 2869 sed
1191 2847 1256 2867 non
1277 2837 1409 2873 divinas.

838 2892 955 2931 uu4
