1844 3202
271 126 351 173 996
665 125 723 161 M.
751 124 965 162 TULLII
1010 125 1343 164 cmEnoms

274 233 421 274 oculos
453 232 662 286 subjicere
691 233 864 274 conari?
899 232 992 288 quis
1022 232 1203 284 dubitet,
1234 248 1332 276 curn
1363 233 1455 275 haee
1491 235 1711 291 intelligat,

276 289 510 345 eademque
530 289 571 329 in
593 303 635 330 se
668 289 761 345 ipso
781 299 1000 344 agnoscat,
1022 289 1207 330 divinum
1230 306 1319 332 esse
1340 290 1542 342 animum,
1565 307 1655 341 nec,
1677 293 1711 334 si

276 345 414 387 divina
444 354 598 387 aeterna
628 357 738 396 sunt,
770 346 907 400 ipsum
937 359 1027 385 esse
1058 347 1310 388 mortalem?
1343 362 1439 388 cum
1463 349 1710 402 praesertim,

277 402 440 443 duabus
460 416 510 443 ex
532 402 669 451 rebus,
691 418 786 457 quae
807 402 1028 456 praecipuae
1059 402 1099 442 in
1121 402 1262 444 animo
1281 413 1393 454 sunt,
1426 404 1536 445 illius
1558 415 1713 446 aeterna

279 468 425 500 natura
450 458 571 499 facile
592 458 785 513 intelligi,
806 473 852 497 ac
883 457 1137 512 deprehendi
1161 460 1308 513 possit.
1331 459 1420 501 haec
1440 471 1581 501 autem
1602 471 1713 511 sunt,

278 525 435 565 motus,
454 515 526 570 qui
557 514 597 554 in
630 529 680 555 eo
712 514 947 569 praecipuus
978 523 1056 564 est,
1078 515 1343 569 principium,
1364 531 1412 557 ac
1442 519 1711 572 perpetuitas.

278 587 375 613 cum
399 573 511 613 enim
535 585 585 611 ex
607 571 744 626 seipso
766 580 998 620 moveatur,
1020 585 1096 611 nec
1118 571 1300 621 aliunde,
1323 582 1369 613 ut
1388 584 1538 624 cetera,
1560 574 1712 629 princi-

277 629 393 684 pium
429 637 570 668 motus
609 637 854 668 mutuetur:
896 642 1059 668 summa
1093 638 1234 668 autem
1267 628 1308 669 in
1340 644 1406 679 eo,
1439 631 1638 684 quamdiu
1673 631 1712 671 in

278 700 453 740 corpore
474 693 552 734 est,
575 684 829 739 perpetuitas
847 694 988 724 motus
1007 693 1219 739 appareat,
1239 685 1395 740 quippe
1415 702 1507 741 quae
1525 688 1649 727 etiam
1673 687 1715 727 in

278 741 591 782 dormientibus
621 752 891 795 agnoscatur,
930 752 973 781 et
1003 741 1167 796 vigeatt
1204 740 1356 782 iccirco
1387 743 1567 783 dubitari
1598 744 1713 784 nullo

279 798 408 839 modo
429 807 583 853 potest,
606 797 706 852 quin
728 796 890 837 divinus
909 797 976 847 sit,
996 809 1037 838 et
1059 798 1336 853 sempiternus
1356 798 1534 839 futurus.
1556 809 1597 839 et
1618 815 1715 840 sane

279 855 337 895 ita
356 869 445 895 esse
466 854 572 894 ratio
595 854 734 903 vincit,
756 863 798 894 et
820 868 957 894 rerum
980 854 1130 907 probat
1151 855 1299 895 exitus.
1334 855 1417 895 Dei
1439 855 1550 895 enim
1572 856 1712 911 imago

278 910 473 967 quaedam
494 911 660 951 animus
681 920 759 959 est,
781 924 830 950 ex
857 910 948 965 ipso
968 911 1065 950 Deo
1087 910 1283 961 delibata,
1303 925 1350 951 ac
1372 912 1574 966 profecta.
1598 913 1713 967 quod

280 968 311 1008 si
347 969 465 1008 Deus
503 966 820 1019 immortalitate
855 966 1019 1016 fruitur,
1057 982 1133 1007 cur
1169 982 1259 1008 eam
1294 978 1471 1021 partem,
1505 982 1631 1024 quam
1665 967 1731 1010 ex>

279 1025 416 1079 seipso
448 1023 611 1073 sumsit,
644 1023 862 1064 mortalem
896 1038 985 1063 esse
1018 1024 1140 1064 velit?
1175 1024 1274 1078 quin
1297 1024 1376 1064 hoc
1406 1025 1495 1079 ipso
1526 1025 1712 1080 singula-

280 1096 382 1129 rem,
400 1091 441 1121 et
463 1081 659 1121 eximiam
680 1080 858 1120 divinam
882 1094 971 1120 esse
1004 1080 1081 1120 vim
1112 1080 1380 1121 indicandum
1404 1082 1577 1136 putavit,
1599 1081 1711 1137 quod

280 1152 360 1178 non
385 1138 522 1178 solum
544 1138 632 1192 ipse
652 1137 901 1177 immortalis
922 1137 988 1186 sit,
1010 1136 1082 1177 sed
1111 1137 1252 1185 etiam,
1274 1152 1378 1192 quos
1402 1138 1512 1188 velit,
1533 1153 1617 1178 suae
1640 1153 1713 1178 na-

281 1204 384 1235 turae
406 1203 641 1248 compotes,
663 1204 702 1234 et
723 1193 842 1249 plane
863 1193 1122 1234 immortales
1157 1193 1321 1234 efficiat.
1381 1194 1548 1249 Corpus
1569 1205 1711 1236 autem

281 1251 410 1292 voluit
442 1266 531 1291 esse
563 1251 753 1291 mortale.
784 1264 858 1290 nec
880 1250 1104 1291 immerito.
1125 1264 1220 1290 cum
1246 1265 1269 1290 e
1292 1261 1412 1301 terra,
1432 1251 1552 1306 cujus
1574 1262 1711 1292 muta-

281 1308 383 1349 tioni
406 1308 596 1363 subjecta
628 1317 774 1348 natura
804 1316 882 1357 est,
903 1306 1066 1346 initium
1099 1306 1278 1357 duxerit,
1300 1316 1342 1348 et
1371 1307 1413 1348 in
1443 1323 1533 1348 eam
1566 1308 1714 1362 ipsam,

279 1365 374 1406 vitae
408 1380 533 1405 cursu
555 1366 768 1414 confecto,
799 1364 912 1404 abire
932 1363 1097 1404 debeat.
1156 1363 1238 1404 Sed
1259 1363 1437 1413 animus,
1459 1365 1672 1419 profectus
1691 1380 1716 1405 a

282 1422 391 1472 Deo,
409 1421 564 1462 coelum
588 1422 724 1476 ipsum
747 1420 932 1475 appetit:
955 1434 1051 1460 nam
1073 1420 1114 1460 in
1134 1434 1230 1460 eum
1252 1419 1410 1467 locum,
1432 1420 1540 1462 unde
1559 1421 1715 1462 disces-

280 1478 348 1528 sit,
369 1492 533 1533 semper
568 1486 688 1532 optat
710 1477 857 1518 redire.
880 1487 988 1517 terra
1021 1486 1178 1526 autem,
1201 1478 1233 1517 si
1253 1476 1320 1517 cui
1350 1477 1599 1532 appetenda,
1619 1492 1714 1519 cor-

280 1535 372 1590 pori
393 1535 471 1576 soli
493 1543 570 1575 est.
598 1544 640 1574 at
668 1549 764 1574 vero
786 1534 933 1574 animis
956 1542 1110 1573 aeterna
1127 1533 1223 1573 coeli
1245 1533 1362 1573 sedes
1384 1534 1624 1588 quaerenda,
1645 1550 1716 1575 ea-

280 1606 362 1647 que
399 1591 565 1646 propria
599 1591 767 1631 illorum
803 1590 938 1644 patria
957 1607 965 1630 :
999 1589 1205 1645 siquidem
1243 1589 1478 1630 animorum
1523 1590 1637 1631 nulla
1671 1592 1715 1632 in

281 1649 401 1689 terris
423 1649 545 1702 origo
567 1647 738 1688 inveniri
759 1656 914 1702 potest.
935 1646 1038 1686 nihil
1060 1646 1172 1686 enim
1201 1657 1264 1686 est
1284 1646 1324 1686 in
1347 1647 1495 1687 animis
1518 1647 1711 1699 mixtum,

281 1714 408 1760 atque
427 1712 687 1754 concretum,
709 1714 782 1744 aut
800 1703 915 1758 quod
936 1718 985 1744 ex
1007 1713 1117 1743 terra
1138 1711 1297 1753 natum,
1315 1711 1442 1757 atque
1460 1703 1604 1744 fictum
1625 1706 1715 1745 θεεθ

281 1761 484 1803 videatur.
516 1761 619 1801 nihil
660 1775 711 1801 ne
750 1769 823 1800 aut
863 1759 1085 1800 humidum
1125 1758 1311 1814 quidem,
1347 1769 1421 1800 aut
1455 1759 1608 1810 flabile,
1641 1770 1715 1803 aut

282 1819 470 1874 igneum.
502 1818 565 1858 his
587 1817 698 1858 enim
722 1817 764 1857 in
793 1817 951 1857 naturis
981 1815 1083 1857 nihil
1102 1816 1223 1866 inest,
1246 1815 1362 1870 quod
1383 1816 1463 1857 vim
1483 1818 1715 1868 memoriae,

282 1875 448 1925 mentis,
470 1874 742 1930 cogitationis
763 1873 944 1914 habeat:
976 1871 1090 1929 quod
1110 1882 1151 1914 et
1178 1872 1388 1927 praeterita
1406 1882 1560 1924 teneat,
1583 1884 1625 1914 et
1646 1874 1714 1916 fu-

282 1941 376 1973 tura
407 1931 646 1986 praevideat,
676 1939 719 1971 et
748 1930 974 1985 complecti
1006 1930 1138 1985 possit
1156 1929 1390 1984 praesentia.
1412 1945 1505 1985 quae
1538 1930 1625 1971 sola
1653 1931 1718 1972 di-

283 1989 376 2030 vina
397 1998 508 2038 sunt,
529 2003 605 2029 nec
627 1987 859 2028 invenietur
892 2001 1109 2042 umquam,
1130 1985 1241 2026 unde
1261 1986 1313 2026 ad
1337 1986 1551 2027 hominem
1581 1988 1716 2028 venire

283 2045 458 2102 possint,
481 2045 557 2086 nisi
579 2060 604 2085 a
630 2045 742 2085 Deo.
771 2043 995 2099 singularis
1015 2054 1077 2084 est
1105 2043 1232 2098 igitur
1253 2042 1446 2098 quaedam
1470 2053 1630 2094 natura,
1651 2054 1714 2085 at—

282 2118 364 2159 que
386 2102 443 2142 vis
464 2102 606 2152 animi,
628 2100 819 2156 sejuncta
840 2101 893 2140 ab
922 2099 986 2140 his
1006 2100 1184 2149 usitatis,
1206 2100 1399 2154 notisque
1420 2100 1591 2141 naturis.
1653 2102 1718 2142 Ita

283 2158 486 2215 quidquid
511 2167 575 2199 est
595 2157 715 2207 illud,
737 2157 852 2213 quod
873 2157 993 2211 sapit,
1012 2156 1125 2211 quod
1145 2155 1246 2202 vult,
1266 2156 1381 2211 quod
1400 2156 1526 2211 viget,
1544 2156 1715 2198 coeleste

283 2226 327 2257 et
347 2216 532 2257 divinum
555 2224 634 2264 est,
654 2216 710 2255 ob
728 2228 907 2268 eamque
927 2228 1013 2254 rem
1038 2222 1239 2253 aeternum
1268 2212 1335 2261 sit,
1357 2227 1522 2254 necesse
1542 2223 1617 2253 est.
1642 2228 1716 2254 nec

283 2287 379 2314 vero
410 2274 528 2313 Deus
560 2273 661 2327 ipse,
693 2271 763 2326 qui
794 2270 1043 2325 intelligitur
1073 2284 1097 2309 a
1127 2269 1262 2319 nobis,
1283 2269 1364 2309 alio
1388 2269 1515 2310 modo
1538 2269 1718 2325 intelligi

283 2338 440 2385 potest,
476 2329 553 2369 nisi
590 2343 707 2368 mens
743 2327 882 2368 soluta
912 2326 1121 2382 quaedam,
1156 2336 1198 2367 et
1232 2325 1376 2375 libera,
1410 2336 1630 2381 segregata
1666 2327 1718 2367 ab

282 2386 396 2427 omni
419 2386 686 2426 concretione
708 2383 889 2433 mortali,
910 2383 1051 2423 omnia
1069 2383 1263 2430 sentiens,
1284 2392 1326 2422 et
1344 2397 1528 2432 movens,
1546 2383 1719 2439 ipsaque

282 2443 457 2498 praedita
477 2452 597 2482 motu
621 2441 890 2496 sempiterno.
911 2439 1053 2495 itaque
1074 2439 1249 2480 eandem
1273 2439 1544 2479 aeternitatem
1569 2440 1718 2480 animis

281 2513 450 2554 quoque
472 2499 640 2547 nostris,
663 2512 713 2537 ex
733 2512 776 2537 se
797 2496 885 2551 ipsa
917 2496 1086 2545 exortis,
1109 2495 1348 2551 impartivit.
1371 2510 1550 2550 quorum
1572 2511 1622 2536 ex
1643 2511 1716 2537 co-

278 2556 556 2611 gitationibus
577 2563 702 2609 atque
723 2553 920 2607 operibus
942 2552 1044 2592 nihil
1065 2552 1192 2602 aliud,
1214 2551 1290 2592 nisi
1313 2552 1471 2593 divinos
1493 2567 1582 2593 esse
1605 2552 1715 2603 illos,

280 2622 322 2653 et
347 2612 639 2666 sempiternos,
661 2610 860 2665 colligere
892 2624 1129 2664 possumus
1154 2624 1246 2649 nam
1272 2609 1304 2649 si
1334 2609 1603 2649 aedificiorum
1627 2624 1718 2650 ma-

278 2669 562 2724 gnitudinem,
584 2677 711 2723 atque
733 2676 944 2716 ornatum,
965 2666 998 2706 si
1024 2675 1298 2706 monumenta
1318 2664 1567 2715 litterarum,
1589 2665 1622 2706 si
1643 2680 1716 2720 pe-

278 2726 412 2767 cuniae
445 2726 525 2766 vim
557 2724 760 2765 infinitam
794 2723 835 2763 in
866 2738 929 2763 res
961 2723 1142 2763 maxime
1173 2722 1359 2772 stabiles,
1379 2732 1423 2762 et
1452 2721 1717 2763 admirandas

277 2783 468 2832 effusam,
499 2783 532 2823 si
564 2780 856 2836 plurimarum,
886 2779 1249 2834 maximarumque
1280 2793 1419 2819 rerum
1449 2778 1714 2833 adeptionem

277 2839 468 2894 cogitare
507 2837 777 2887 voluerimus,
808 2836 1000 2892 profecto
1034 2835 1332 2892 intelligemus,
1363 2835 1454 2877 haec
1487 2849 1716 2892 numquam
