1844 3202
663 101 1066 148 FRAGMENTA.
1171 110 1176 113 ·
1203 109 1210 113 ·
1496 114 1577 160 937

152 218 272 276 jecit,
299 225 472 275 seseque
502 217 589 273 ipse
619 229 797 266 versanS,
817 214 981 266 divinae,
1003 215 1279 270 sempiternae,
1300 216 1581 273 sapientisque

159 276 253 317 vitae
282 275 443 317 induxit
471 271 702 315 exordium.
761 273 815 313 Et
844 286 996 327 corpus
1026 271 1196 327 quidem
1227 273 1323 313 coeli
1353 275 1580 328 spectabile

159 331 356 373 effectum
377 340 454 380 est,
480 330 643 371 animus
663 336 804 369 autem
826 328 1043 369 oculorum
1066 328 1215 383 effugit
1235 329 1446 370 obtutum.
1504 331 1582 372 Est

158 396 299 428 autem
333 388 496 428 animus
526 399 576 426 ex
597 385 805 434 omnibus,
827 383 1011 435 rationis,
1033 384 1396 439 contentionisque
1419 386 1581 439 (ἁρμονίη

160 444 325 494 Graece)
357 442 698 497 sempiternarum
728 455 882 490 rerum,
904 450 947 481 et
975 440 1054 482 sub
1079 440 1399 495 intelligentiam
1429 441 1582 482 caden-

158 500 265 540 tium
282 513 471 553 compos,
486 506 528 538 et
543 498 772 553 particeps;
794 511 877 552 quo
893 496 995 538 nihil
1011 497 1064 537 ab
1081 497 1255 551 optimo,
1271 506 1313 538 et
1327 497 1585 551 praestantis-

158 555 266 595 simo
285 555 477 609 genitore
507 553 655 595 melius
677 562 963 609 procreatum:
995 553 1148 608 quippe
1169 553 1240 609 qui
1260 567 1310 594 ex
1329 552 1472 593 eadem
1495 553 1584 593 vin-

158 620 265 659 ctus,
287 611 498 666 alteraque
520 619 679 660 natura,
701 609 897 665 adjuncta
922 610 1108 658 materia,
1130 608 1431 665 temperatione
1456 608 1583 650 trium

159 666 355 722 partium,
370 667 638 722 proportione
654 676 886 720 compacta,
904 679 946 706 se
961 665 1048 720 ipse
1063 679 1323 716 conversans,
1338 678 1433 706 cum
1449 674 1586 706 mate-

159 723 264 763 riam
286 723 531 763 mutabilem
557 722 811 777 arripuisset,
831 730 874 761 et
893 736 990 762 cum
1011 735 1152 761 rursus
1172 721 1440 772 individuam,
1459 730 1586 777 atque

159 778 409 833 simplicem,
440 793 514 834 per
542 793 668 834 quam
700 778 835 818 omnis
864 786 1067 827 movetur,
1087 777 1379 833 discernitque,
1401 777 1502 833 quid
1533 778 1587 819 sit

158 834 346 890 ejusdem
373 835 552 890 generis,
572 844 615 875 et
639 834 820 884 alterius,
842 843 883 873 et
908 844 1047 874 cetera
1075 833 1292 890 dijudicat,
1313 833 1414 890 quid
1433 834 1586 889 cuique

159 891 217 932 rei
241 892 292 932 sit
312 892 491 932 maxime
511 901 672 946 aptum,
694 889 796 945 quid
814 904 981 945 quoque
1002 889 1113 939 loco,
1131 898 1202 931 aut
1223 890 1367 941 modo,
1385 898 1458 931 aut
1477 899 1586 931 tem-

158 961 261 1002 pore
291 947 536 1003 contingat:
569 960 746 1002 quaeque
773 946 987 987 distinctio
1011 946 1064 986 sit
1083 946 1189 987 inter
1208 960 1270 997 ea,
1290 962 1383 1002 quae
1404 946 1586 1002 gignan-

160 1012 245 1054 tur,
267 1013 309 1044 et
338 1018 399 1054 ea,
421 1018 514 1058 quae
545 1002 627 1044 sint
657 1017 820 1057 semper
839 1002 1001 1043 eadem.
1060 1003 1182 1044 Ratio
1204 1011 1345 1044 autem
1365 1017 1471 1052 vera,
1491 1018 1586 1059 quae

161 1070 343 1100 versatur
362 1060 402 1099 in
423 1060 486 1110 iis,
508 1074 601 1114 quae
624 1068 720 1099 sunt
739 1073 902 1113 semper
921 1058 1082 1108 eadem,
1103 1067 1144 1099 et
1164 1059 1205 1100 in
1224 1059 1288 1110 iis,
1306 1074 1401 1115 quae
1418 1069 1587 1100 mutan-

160 1123 243 1165 tur,
260 1130 356 1156 cum
378 1116 420 1156 in
438 1115 601 1166 eodem,
618 1123 660 1155 et
682 1115 723 1155 in
739 1115 869 1155 altero
888 1123 1079 1156 movetur
1098 1115 1188 1170 ipsa
1208 1129 1281 1169 per
1301 1130 1344 1157 se
1361 1116 1448 1156 sine
1468 1129 1585 1166 voce,

161 1180 207 1212 et
235 1172 321 1212 sine
353 1172 440 1212 ullo
470 1186 589 1221 sono,
609 1186 706 1211 cum
737 1170 912 1211 eandem
942 1179 1101 1225 partem
1133 1172 1315 1227 attingit,
1337 1186 1419 1228 qua
1439 1186 1586 1213 sensus

159 1227 259 1268 cieri
290 1237 452 1283 potest:
484 1228 596 1268 orbis
626 1227 736 1268 illius
765 1227 930 1282 generis
959 1227 1130 1268 alterius
1159 1228 1420 1279 immutatus,
1451 1237 1494 1269 et
1523 1242 1588 1269 re-

161 1292 254 1326 ctus
275 1285 415 1324 omnia
433 1285 589 1334 animo,
610 1283 824 1339 mentique
845 1283 1086 1324 denuntiat:
1113 1292 1204 1325 tum
1226 1285 1456 1339 opiniones,
1482 1284 1588 1325 ⁹ad-

162 1340 456 1395 sensionesque
478 1340 623 1390 firmae,
645 1354 833 1395 veraeque
853 1340 1102 1395 gignuntur.
1151 1339 1261 1381 Cum
1284 1349 1424 1382 autem
1445 1341 1487 1382 in
1506 1341 1588 1381 illis

162 1397 285 1437 rebus
306 1398 490 1447 vertitur,
512 1411 607 1452 quae
627 1407 841 1437 manentes
873 1410 1036 1450 semper
1057 1395 1232 1445 eaedem,
1254 1411 1336 1437 non
1357 1410 1493 1448 sensu,
1515 1397 1588 1440 sed

162 1452 439 1508 intelligentia
457 1453 745 1505 continentur,
768 1462 858 1494 tum
877 1452 1153 1507 intelligentia
1170 1453 1424 1509 scientiaque
1444 1467 1588 1496 neces-

164 1509 272 1550 sario
293 1509 481 1551 efficitur.

714 1588 875 1629 Desunt
893 1585 1040 1629 multa.

164 1655 340 1708 Ratione
361 1655 492 1711 igitur
516 1663 558 1696 et
585 1663 727 1696 mente
749 1655 898 1705 divina,
919 1654 972 1694 ad
992 1654 1199 1709 originem
1220 1653 1436 1710 temporis,
1457 1653 1586 1696 curri·
1599 1663 1626 1706 9

162 1711 305 1752 culum
338 1712 549 1752 inventum
585 1720 649 1753 est
684 1711 782 1752 solis
815 1720 856 1751 et
890 1711 1016 1761 lunae,
1037 1713 1062 1738 ᾖ·
1084 1713 1108 1738 '¹²
1131 1713 1156 1738 ²*
1179 1713 1202 1737 ᾗ
1228 1710 1416 1766 Corpora
1445 1721 1589 1752 autem

161 1781 309 1808 eorum
339 1768 602 1823 singulorum
632 1782 729 1809 cum
760 1766 963 1808 effecisset
992 1767 1126 1817 Deus,
1157 1781 1207 1807 ea
1236 1767 1288 1808 ad
1318 1781 1387 1807 eas
1417 1782 1590 1808 conver-

163 1824 300 1864 siones
333 1824 569 1875 collocavit,
608 1839 710 1880 quas
749 1822 920 1865 alterius
959 1823 1157 1864 circuitus
1194 1823 1455 1874 conficiebat,
1495 1839 1590 1879 quae

164 1890 263 1921 sunt
292 1889 467 1935 septem,
498 1889 545 1921 ut
573 1890 616 1921 et
644 1880 716 1921 illa
745 1888 932 1934 septem:
964 1879 1023 1920 ita
1051 1879 1131 1920 vim
1164 1894 1281 1920 suam
1311 1890 1460 1921 natura
1488 1894 1590 1921 con-

162 1936 297 1987 vertit,
321 1946 367 1978 ut
395 1945 549 1977 terram
578 1937 689 1978 lunae
719 1951 865 1977 cursus
894 1935 1084 1991 proxime
1111 1936 1303 1985 ambiret,
1325 1936 1446 1991 eique
1467 1951 1592 1992 supra

162 2001 316 2033 terram
337 1993 527 2047 proxima
557 1993 657 2033 solis
682 1992 977 2034 circumvectio
997 2001 1118 2033 esset.
1178 1992 1347 2033 Lucifer
1366 1992 1529 2044 deinde,
1549 2001 1593 2034 et

164 2058 308 2090 sancta
338 2049 542 2090 Mercurii
564 2049 683 2090 stella
701 2063 870 2090 cursum
900 2047 1058 2089 habent
1081 2048 1179 2089 solis
1208 2048 1408 2090 celeritati
1432 2063 1592 2104 parem,

164 2104 239 2145 sed
266 2105 348 2146 vim
375 2105 583 2161 quandam
606 2106 886 2147 contrariam:
917 2119 1047 2160 eaque
1077 2104 1360 2155 conversione,
1380 2119 1507 2160 quam
1528 2105 1594 2146 in-

163 2169 229 2202 ter
258 2175 302 2202 se
327 2161 483 2202 habent
513 2162 696 2213 Lucifer,
718 2161 972 2211 Mercurius,
993 2160 1080 2211 Sol,
1102 2160 1172 2201 alii
1199 2160 1302 2201 alios
1330 2161 1511 2212 vincunt,
1533 2161 1593 2202 vi-

164 2217 390 2273 cissimque
409 2218 642 2258 vincuntur.
700 2219 974 2273 Reliquorum
996 2217 1176 2258 siderum
1200 2232 1293 2272 quae
1313 2232 1439 2258 causa
1459 2217 1593 2258 collo-

166 2273 289 2314 candi
327 2274 465 2322 fuerit,
503 2289 681 2329 quaeque
721 2289 870 2315 eorum
911 2274 964 2314 sit
1000 2273 1240 2324 collocatio,
1275 2274 1318 2314 in
1355 2288 1594 2315 sermonem

165 2329 297 2370 alium
334 2329 609 2371 differendum
645 2339 722 2381 est,
757 2344 808 2371 ne
847 2330 889 2370 in
923 2344 989 2379 eo,
1024 2329 1139 2384 quod
1172 2329 1465 2384 attingendum
1501 2330 1596 2385 fuit,

168 2399 296 2441 quam
318 2385 360 2426 in
380 2400 445 2435 eo,
461 2386 582 2443 cujus
603 2401 729 2428 causa
747 2386 789 2428 id
808 2386 1044 2441 attigimus,
1061 2385 1230 2441 longior
1246 2395 1426 2441 ponatur
1444 2387 1595 2428 oratio.

167 2441 351 2498 Quando
380 2441 510 2496 igitur
539 2443 874 2498 unumquodque
902 2457 1049 2482 eorum
1070 2442 1254 2483 siderum
1274 2457 1443 2483 cursum
1465 2442 1593 2484 deco-

168 2511 264 2540 rum
291 2507 355 2538 est
382 2497 598 2553 adeptum,
619 2514 642 2540 e
662 2499 813 2555 quibus
841 2509 930 2540 erat
957 2507 1098 2539 motus
1119 2498 1320 2554 temporis
1342 2499 1594 2553 consignan-

167 2553 276 2595 dus:
308 2553 599 2609 colligatisque
626 2555 875 2610 corporibus
899 2554 1071 2595 vinculis
1099 2554 1364 2605 animalibus,
1392 2564 1484 2596 turn
1505 2554 1595 2595 ani-

169 2610 327 2651 mantia
345 2620 438 2650 orta
456 2619 554 2650 sunt
571 2627 580 2651 :
609 2626 742 2668 eaque
763 2611 938 2666 imperio
967 2625 1111 2666 parere
1132 2610 1368 2652 didicerunt
1385 2627 1395 2652 ε
1426 2620 1527 2651 tunc
1545 2624 1598 2652 ex

167 2666 338 2708 alterius
353 2674 512 2707 naturae
529 2668 716 2708 motione
729 2677 972 2718 transversa,
990 2667 1032 2708 in
1049 2666 1237 2724 ejusdem
1255 2676 1413 2709 naturae
1430 2676 1597 2707 motum

169 2787 232 2855 ὼε)
253 2778 494 2822 adsensionesque]
522 2777 573 2811 Sic
598 2780 766 2813 Victorius.
793 2782 887 2821 idque
910 2789 1024 2812 verum
1052 2790 1118 2812 esse
1143 2790 1209 2812 non
1234 2779 1434 2817 adsensiones,
1459 2790 1506 2811 res
1533 2781 1601 2820 ipsa

212 2830 272 2855 cet·
