1844 3202
434 98 821 140 FRAGMENTA
858 95 1221 146 POEMATUM.
1458 102 1533 144 955

117 206 201 247 Inde
222 209 459 260 Sagittipotens
477 220 612 260 superas
630 207 795 245 convisere
812 206 899 243 luces

118 263 259 306 Institit,
276 270 306 300 et
326 264 443 312 mergit
466 263 551 300 Nixi
568 270 681 312 caput,
699 269 731 297 et
748 259 851 296 simul
865 258 961 307 ffert

119 315 198 353 Sese
215 316 310 354 clara
328 316 438 360 Fides,
455 325 487 352 et
498 316 621 366 promit
639 325 765 365 corpore
786 311 947 363 Cepheus,
1458 312 1535 349 465

120 369 284 406 Fervidus
302 369 358 406 ille
379 369 480 406 Canis
499 377 563 405 toto
580 381 653 404 cum
672 378 799 417 corpore
815 365 915 410 cedit,

117 421 268 459 Abditur
289 423 403 465 Orion,
421 419 490 458 obit
507 431 537 458 et
558 422 666 472 Lepus
685 419 820 457 abditus
840 418 975 463 umbra,

117 475 281 522 Inferiora
299 475 427 512 cadunt
447 474 593 524 Aurigae
609 474 737 510 lumina
757 473 867 523 lapsu.

118 527 200 564 Inde
218 527 325 565 obiens
345 528 564 578 Capricornus
584 526 628 564 ab
647 527 729 572 alto,
748 525 870 562 lumine
882 524 977 576 pellit

118 582 300 631 Aurigam,
320 582 560 631 instantemque
582 581 740 630 Capram,
755 590 882 630 parvos
900 578 1002 614 simul
1020 575 1160 621 Haedos‚
1461 581 1542 622 470

119 634 168 671 Et
188 647 345 684 magnam
363 635 500 685 antiquo
519 634 649 684 depellit
668 634 794 670 nomine
814 633 962 669 Navem.

123 686 290 724 Obruitur
310 689 466 736 Procyon.
494 696 663 737 emergunt
681 687 762 723 alite
779 685 878 736 lapsu

121 740 155 776 E
173 741 269 777 terris
289 740 451 779 Volueres.
479 741 592 777 existit
610 739 704 776 clara
726 739 878 789 Sagitta.

123 793 222 836 Crus,
240 792 457 845 dextrumque
471 793 582 844 pedem
601 793 749 843 linquens
767 791 835 829 obit
853 791 963 840 irfiera
983 792 1123 829 Perseus

119 847 161 883 In
179 846 262 892 loca,
283 854 354 884 tum
371 847 482 884 cedens
503 861 525 883 a
539 847 644 897 puppi
663 846 828 897 linquitur
847 849 943 895 Argo
958 861 970 881 .·
1466 848 1543 889 475

176 922 308 959 Pmsc.
328 922 390 960 lib.
408 923 461 969 8.)
495 921 568 959 Sub
581 920 721 972 pedibus
733 921 864 971 profert
867 919 979 966 finita
1002 920 1110 964 Booti,

174 975 310 1012 Plusc.
332 976 394 1013 lib.
411 977 466 1022 6.)
501 975 616 1012 Tertia
635 974 696 1011 sub
716 974 858 1011 caudam
879 973 928 1010 ad
938 987 1048 1023 genus
1065 974 1170 1024 ipsum
1189 972 1318 1009 lumina
1331 970 1465 1022 pandit.

175 1029 309 1066 Pmsc.
341 1029 366 1066 l.
392 1030 469 1075 10.)
505 1029 610 1078 Quem
628 1040 730 1079 neque
748 1036 919 1078 tempestas
935 1028 1086 1078 perimet,
1105 1039 1205 1076 neque
1223 1027 1322 1076 longa
1340 1032 1493 1063 vetustas

500 1082 682 1124 Interimet‚
701 1082 872 1130 stinguens
886 1081 1059 1131 praeclara
1074 1080 1219 1129 insignia
1239 1079 1324 1117 coeli.

650 1165 1024 1205 PRoGNos'rmA.

176 1229 308 1266 PRISC.
337 1230 360 1267 l.
386 1232 462 1278 10.)
500 1231 546 1267 Ut
564 1244 637 1267 cum
656 1231 738 1268 luna
758 1244 867 1268 means
888 1229 1084 1282 Hyperionis
1102 1228 1202 1278 officit
1220 1228 1304 1273 orbi,

498 1284 730 1335 Stinguuntur
746 1284 835 1321 radii
854 1297 943 1322 caeca
961 1284 1104 1333 caligine
1122 1283 1209 1319 tecti.

177 1336 311 1373 Pmsc.
343 1336 368 1373 1.
393 1337 471 1383 16.)
501 1341 568 1374 Ast
587 1344 699 1374 autem
720 1338 811 1374 tenui
828 1351 906 1388 quae
923 1337 1063 1374 candent
1081 1336 1203 1373 lumine
1222 1334 1382 1373 Phatnae.

177 1389 270 1427 Csc.
293 1396 326 1427 1.
344 1390 492 1437 Divin.)
519 1393 633 1441 Atque
651 1392 752 1428 etiam
769 1401 884 1428 ventos
896 1398 1134 1441 praemonstrat
1151 1388 1385 1440 saepefuturos

124 1441 289 1490 Inflatum
307 1456 413 1487 mare,
430 1457 504 1480 cum
522 1443 630 1481 subito
641 1444 838 1494 penitusque
856 1444 1020 1489 tumescit,

127 1494 290 1546 Saxaque
309 1509 394 1533 cana
414 1497 496 1534 salis
515 1498 611 1534 niveo
628 1504 787 1547 spumata
806 1497 941 1548 liquore,

128 1547 315 1594 Tristificas
333 1559 462 1586 certant
482 1551 637 1600 Neptuno
656 1549 788 1587 reddere
805 1564 900 1587 voces
914 1566 927 1586 .-

125 1603 199 1640 Aut
216 1601 335 1638 densus
353 1602 476 1640 stridor
492 1617 563 1640 cum
581 1603 663 1640 celso
680 1616 697 1640 e
714 1604 839 1641 vertice
856 1603 973 1640 montis

131 1656 236 1692 Ortus
254 1655 449 1705 adaugescit
468 1657 670 1707 scopulorum
687 1667 774 1707 saepe
791 1657 933 1707 repulsu.

132 1709 230 1746 Cana
236 1708 340 1757 fulix
358 1709 469 1746 itidem
476 1710 620 1759 fugiens
640 1722 656 1746 e
669 1710 809 1759 gurgite
821 1710 916 1761 ponti

129 1762 279 1799 Nuntiat
298 1761 467 1800 horribiles
486 1763 635 1800 clamans
653 1764 778 1800 instare
791 1763 963 1814 procellas,

128 1814 239 1852 Haud
256 1815 392 1852 modicos
410 1816 545 1853 tremulo
547 1815 700 1865 fundens
719 1829 736 1853 e
748 1826 891 1866 gutture
909 1823 1039 1853 cantus.

186 1893 246 1929 Vos
265 1905 390 1943 quoque
407 1892 506 1942 signa
523 1889 643 1929 videtis
662 1892 766 1942 aquai
785 1891 890 1928 dulcis
909 1892 1068 1935 alumnae,

132 1944 218 1983 Cum
237 1945 376 1982 clamore
385 1946 522 1996 paratis
541 1946 656 1982 inanes
661 1943 811 1994 fundere
827 1958 936 1993 voces,

128 1998 348 2050 Absurdoque
363 2012 438 2036 sono
442 1999 558 2048 sontes
576 2008 607 2035 et
625 2007 750 2048 stagna
767 1998 872 2036 cietis.

132 2051 231 2089 Quis
250 2059 317 2095 est,
337 2052 415 2102 qui,
434 2052 654 2089 ranunculos
674 2054 741 2088 hoc
763 2051 895 2097 videre,
916 2051 1092 2102 suspicari
1111 2050 1247 2102 possit?

133 2104 230 2156 Scepe
247 2105 349 2142 etiam
360 2105 515 2156 pertriste
532 2106 623 2143 canit
640 2103 680 2142 de
692 2114 820 2156 pectore
837 2117 983 2150 carmen,

132 2164 147 2194 7
162 2158 211 2194 Et
228 2158 402 2196 matutinis
419 2158 576 2195 acredula
593 2157 729 2196 vocibus
748 2158 868 2203 instat,

138 2211 275 2248 Vocibus
293 2213 413 2257 instat,
431 2221 462 2249 et
481 2211 636 2249 assiduas
643 2211 735 2260 jacit
751 2224 804 2249 ore
822 2211 984 2262 querelas,

137 2264 222 2302 Cum
235 2265 382 2316 primum
394 2265 522 2314 gelidos
541 2279 628 2302 rores
647 2279 771 2302 aurora
791 2265 942 2303 remittit.

132 2317 305 2369 Fuscaque
321 2332 568 2369 nonnumquam
586 2331 726 2355 cursans
740 2329 800 2368 per
818 2318 932 2355 littora
947 2318 1073 2364 cornix,

135 2371 306 2408 Demersit
324 2379 436 2423 caput,
456 2381 488 2410 et
493 2372 644 2419 fluctum
662 2372 788 2408 cer-vice
804 2372 935 2421 recepit.

134 2422 397 2476 Mollipedesque
414 2425 512 2463 boves
527 2433 706 2475 spectantes
723 2424 853 2462 Iumina
869 2424 945 2461 coeli

137 2476 292 2515 Naribus
309 2477 507 2525 humiferum
525 2478 648 2516 duxere
665 2491 706 2516 ex
725 2480 800 2515 ae're
817 2491 963 2515 succum.

155 2578 158 2580 v
189 2554 272 2591 Jam
289 2566 369 2591 vero
385 2565 507 2602 semper
524 2553 648 2591 viridis
664 2565 848 2604 semperque
859 2558 1035 2603 gravata,

141 2607 315 2645 Lentiscus
334 2606 458 2657 triplici
475 2606 573 2644 solita
584 2606 803 2656 grandescere
807 2607 921 2656 foetu,

119 2661 122 2664 ’
141 2660 208 2698 Ter
211 2660 339 2711 fruges
343 2659 512 2709 fundens,
532 2660 600 2697 tria
619 2670 762 2711 tempora
781 2668 943 2697 monstrat
960 2658 1095 2697 arandi.

182 2783 199 2813 7
225 2779 270 2809 Et
288 2777 438 2809 matutinis
454 2775 530 2819 δῖα]
553 2777 689 2810 Isidorus
707 2777 816 2823 origg·
830 2776 907 2815 XII,
923 2783 952 2813 7.
967 2777 1065 2810 habet
1080 2777 1124 2808 Εῑ
1138 2776 1292 2813 matutinos
1308 2783 1419 2807 exercet
1433 2776 1569 2808 «creanti

140 2827 250 2851 cantus.
