1844 3202
616 115 694 153 DE
731 114 1105 154 SENECTUTE.
1497 125 1572 168 79⁵

143 223 187 264 in
224 223 304 266 hoc
344 238 487 266 sumus
526 222 749 278 sapientes,
787 222 904 278 quod
939 231 1133 264 naturam
1168 223 1371 277 optimam
1406 225 1572 277 ducem,

144 289 362 336 tamquam
393 281 533 330 deum,
555 279 783 334 sequimur,
805 279 928 334 eique
948 293 1142 334 paremus
1162 295 1170 319 :
1203 293 1227 319 a
1246 294 1343 334 qua,
1365 295 1449 322 non
1469 284 1575 324 veri-

143 337 279 378 simile
300 347 377 388 est,
397 351 494 378 cum
517 343 665 377 ceterae
687 346 823 391 partes
845 336 978 376 aetatis
1005 335 1113 375 bene
1140 334 1361 391 descriptae
1383 339 1479 388 sint,
1500 355 1573 380 ex—

142 401 325 434 tremum
357 402 514 442 actum,
543 401 760 447 tamquam
791 393 843 432 ab
874 392 996 433 inerti
1026 396 1166 446 poeta,
1197 406 1286 432 esse
1317 394 1574 447 neglectum.
1601 438 1604 442 ,

144 449 217 490 sed
245 459 386 490 tamen
415 462 584 489 necesse
615 448 695 490 fuit
722 463 811 490 esse
838 447 995 504 aliquid
1020 458 1271 499 extremum,
1293 456 1335 489 et
1357 458 1573 505 tamquam

142 505 183 545 in
204 506 401 546 arborum
425 505 580 554 baccis,
602 514 808 561 terraeque
836 505 1045 560 frugibuS‚
1066 505 1306 546 maturitate
1328 507 1575 560 tempestiva

141 561 261 616 quasi
282 561 452 612 vietum,
474 571 517 602 et
542 561 764 603 caducum.
796 561 912 617 quod
938 560 1155 602 ferendum
1176 571 1239 602 est
1261 561 1443 602 molliter
1464 564 1575 617 sapi-

130 617 242 658 enti.
273 617 374 673 quid
401 618 511 659 enim
541 627 606 659 est
634 618 762 669 aliud,
782 619 1008 673 gigantum
1030 617 1161 658 modo
1181 618 1338 659 bellare
1360 632 1457 659 cum
1479 619 1573 670 diis,

140 673 220 714 nisi
240 682 398 715 naturae
418 677 676 730 repugnare?
719 676 942 717 LAELIUS.
962 674 1113 730 Atqui,
1138 673 1262 725 Cato,
1283 674 1568 730 gratissimum
1584 680 1609 713 6

139 730 276 781 nobis,
305 740 352 772 ut
383 731 510 772 etiam
540 746 617 787 pro
648 731 843 787 Scipione
875 730 1088 786 pollicear,
1118 730 1280 781 feceris,
1302 731 1350 781 si,
1371 732 1572 786 quoniam

137 801 371 841 speramus,
391 787 584 829 volumus
612 788 782 843 quidem
811 797 924 828 certe
954 801 1071 828 senes
1094 787 1194 837 fieri,
1212 796 1308 828 ante
1327 787 1465 829 multo
1487 803 1511 829 a
1531 799 1574 830 te

138 842 422 895 didicerimus,
441 845 593 900 quibus
614 844 814 885 facillime
838 843 1070 885 rationibus
1091 844 1448 899 ingravescentem
1473 856 1575 887 aeta-

138 908 224 941 tem
256 900 363 942 ferre
390 901 615 956 possimus.
677 901 773 942 Cat.
806 900 971 942 Faciam
996 914 1105 951 vero,
1126 900 1256 951 Laeli3
1287 901 1518 955 praesertim
1541 903 1576 943 si

139 956 308 1013 utrique
329 961 528 1009 vestrum,
549 967 595 999 ut
616 957 734 1009 dicis,
751 968 923 1013 gratum
945 957 1133 998 futurum
1164 966 1241 998 est.
1302 958 1414 1012 Scip.
1437 959 1574 1000 Volu-

139 1027 234 1054 mus
255 1028 369 1065 sane,
391 1014 468 1055 nisi
493 1014 719 1056 molestum
750 1023 828 1064 est,
853 1014 979 1064 Cato,
1005 1021 1222 1069 tamquam
1253 1013 1436 1069 aliquam
1465 1015 1574 1056 viam

138 1069 314 1125 longam
350 1071 594 1122 confeceris,
631 1086 758 1127 quam
795 1071 915 1112 nobis
953 1084 1123 1126 quoque
1154 1070 1475 1126 ingrediendum
1505 1071 1574 1123 sit,

138 1125 260 1177 istuc,
283 1141 369 1183 quo
389 1128 627 1182 pervenisti,
648 1128 799 1177 videre,
821 1127 943 1183 quale
964 1127 1030 1167 sit.

196 1182 293 1224 Cat.
315 1184 498 1234 Faciam,
520 1192 567 1225 ut
586 1193 748 1239 potero,
770 1184 889 1224 Laeli.
920 1197 1031 1238 saepe
1056 1183 1168 1223 enim
1197 1184 1368 1224 interfui
1392 1184 1618 1240 querelisss

136 1253 328 1280 meorum
361 1240 603 1295 aequalium,
637 1243 773 1296 (pares
804 1249 945 1281 autem
975 1253 1074 1280 cum
1103 1239 1289 1295 paribus,
1319 1243 1448 1282 veteri
1473 1256 1607 1304 pro-7

136 1295 294 1347 verbio,
322 1296 520 1338 facillime
548 1300 880 1353 congregantur)
909 1306 927 1328 4
945 1311 1039 1352 quae
1061 1295 1113 1337 C.
1136 1297 1360 1347 Salinator,
1381 1313 1474 1353 quae
1498 1299 1571 1354 Sp.

135 1352 333 1404 Albinus,
354 1353 546 1395 homines
576 1355 828 1404 consulares,
859 1352 990 1394 nostri
1018 1353 1106 1393 fere
1137 1354 1332 1408 aequales,
1353 1354 1574 1409 deplorare

135 1408 355 1452 solebant:
386 1419 479 1451 tum
500 1410 615 1466 quod
635 1409 921 1466 voluptatibus
941 1418 1144 1459 carerent,
1164 1411 1252 1450 sine
1273 1410 1426 1465 quibus
1445 1411 1572 1452 vitam

136 1465 294 1507 nullam
324 1476 548 1522 putarent:
580 1476 670 1509 tum
707 1467 820 1522 quod
856 1476 1149 1522 spernerentur
1184 1466 1238 1507 ab
1269 1467 1334 1516 iis,
1363 1481 1388 1507 a
1418 1467 1571 1523 quibus
1583 1475 1615 1508 b.

135 1532 274 1564 essent
292 1523 376 1564 coli
394 1523 520 1564 soliti.
551 1524 623 1580 qui
644 1523 749 1564 mihi
772 1538 856 1564 non
882 1523 926 1564 id
958 1521 1206 1564 videbantur
1224 1537 1434 1572 accusare,
1454 1524 1572 1580 quod

133 1587 244 1620 esset
264 1579 561 1621 accusandum.
593 1595 690 1621 nam
721 1580 755 1621 si
785 1579 829 1621 id
858 1580 984 1636 culpa
1008 1579 1236 1620 senectutis
1257 1579 1480 1632 accideret,
1502 1595 1574 1622 ea-

135 1634 233 1676 dem
260 1636 365 1677 mihi
385 1651 464 1678 usu
485 1637 711 1688 evenirent,
731 1636 986 1692 reliquisque
1006 1635 1220 1686 omnibus,
1242 1635 1475 1692 majoribus
1497 1652 1573 1678 na-

136 1700 207 1742 tu3
230 1708 412 1748 quorum
432 1708 516 1749 ego
536 1694 770 1736 multorum
790 1692 970 1749 cognovi
992 1700 1252 1732 senectutem
1273 1693 1360 1734 sine
1382 1694 1572 1750 querela:

135 1749 209 1804 qui
229 1763 272 1790 se
294 1759 336 1791 et
354 1749 578 1792 libidinum
599 1749 774 1791 vinculis
794 1749 955 1790 laxatos
973 1763 1064 1790 esse
1092 1763 1176 1790 non
1202 1749 1381 1791 moleste
1402 1751 1572 1802 ferrent,

133 1818 212 1846 nec
232 1820 257 1847 a
277 1806 362 1848 suis
379 1806 705 1863 despicerentur.
737 1806 810 1847 sed
833 1806 1023 1847 omnium
1045 1805 1286 1847 istiusmodi
1307 1806 1573 1862 querelarum

136 1861 179 1902 in
209 1863 398 1905 moribus
423 1872 488 1905 est
513 1863 653 1919 culpa,
674 1878 759 1904 non
787 1863 829 1903 in
860 1871 997 1904 aetate.
1028 1861 1235 1904 moderati
1265 1864 1391 1914 enim,
1421 1873 1465 1905 et
1495 1878 1573 1905 nec

133 1916 338 1970 difficiles,
361 1935 436 1962 nec
456 1919 675 1962 inhumani
701 1934 832 1970 senes,
852 1918 1115 1960 tolerabilem
1137 1927 1273 1975 agunt
1293 1928 1570 1962 senectutem.

133 1974 431 2031 importunitas
469 1985 626 2027 autem,
662 1986 705 2018 et
737 1976 1021 2018 inhumanitas
1061 1976 1203 2017 ⁵omni
1238 1976 1353 2017 aetati
1392 1977 1573 2018 molesta

135 2040 213 2073 est.
272 2034 376 2074 Lael.
407 2034 504 2084 Est,
518 2042 567 2075 ut
590 2034 709 2085 dicis,
730 2033 856 2075 Cato.
878 2033 952 2074 sed
969 2033 1147 2074 fortasse
1175 2032 1326 2074 dixerit
1345 2034 1570 2089 quispiam,
1584 2045 1607 2077 8

133 2089 228 2143 tibi,
248 2098 421 2146 propter
440 2104 543 2146 opes
571 2099 614 2131 et
645 2089 787 2146 copias
815 2098 858 2130 et
881 2089 1135 2145 dignitatem
1157 2096 1289 2140 tuam,
1311 2090 1572 2131 tolerabilio-

134 2161 226 2188 rem
247 2155 508 2188 senectutem
528 2147 658 2189 videri
673 2163 686 2198 3
717 2146 761 2188 id
793 2156 935 2187 autem
966 2161 1052 2187 non
1081 2160 1206 2202 posse
1230 2145 1376 2187 multis
1405 2147 1572 2188 contin-

135 2215 251 2259 gere.
312 2202 438 2245 Cato.
470 2205 548 2245 Est
576 2204 686 2246 istuc
717 2203 906 2260 quidem,
935 2203 1056 2254 Laeli,
1085 2202 1274 2258 aliquid3
1311 2202 1385 2244 sed
1414 2218 1573 2260 nequa-

135 2275 264 2316 quam
295 2260 335 2302 in
367 2261 450 2302 isto
480 2268 578 2302 sunt
608 2261 779 2302 omnia:
810 2269 858 2301 ut
886 2259 1195 2301 Themistocles
1225 2259 1357 2301 fertur
1377 2260 1573 2316 Seriphio

137 2317 305 2358 cuidam
336 2316 379 2358 in
408 2317 557 2373 jurgio
592 2317 873 2373 respondisse,
903 2331 1002 2357 cum
1031 2316 1101 2357 ille
1131 2316 1317 2366 dixisset,
1349 2331 1434 2358 non
1471 2332 1573 2359 eum

137 2387 228 2424 sua,
247 2372 321 2415 sed
341 2374 487 2429 patriae
511 2374 649 2430 gloria
677 2373 942 2429 splendorem
973 2382 1239 2415 assecutum:
1270 2374 1365 2414 Nec
1386 2373 1574 2424 hercule,

135 2428 289 2486 inquit,
309 2429 343 2471 si
361 2444 444 2486 ego
465 2430 683 2487 Seriphius
704 2445 852 2481 essem,
875 2430 1026 2471 nobilis
1044 2447 1054 2472 :
1094 2444 1170 2471 nec
1199 2438 1261 2481 tu,
1281 2429 1316 2470 si
1341 2431 1574 2471 Athenien-

136 2486 192 2528 sis
209 2500 334 2536 esseS,
355 2487 491 2528 clarus
510 2502 715 2543 umquam
740 2487 904 2530 fuisses.
936 2486 1051 2542 quod
1080 2486 1233 2527 eodem
1265 2486 1396 2527 modo
1427 2487 1480 2527 de
1507 2501 1574 2527 se-

137 2550 307 2584 nectute
327 2551 468 2598 potest
486 2543 584 2586 dici.
642 2545 796 2600 Neque
821 2544 934 2584 enim
954 2544 996 2585 in
1017 2558 1182 2584 summa
1201 2543 1343 2598 inopia
1363 2543 1464 2584 levis
1484 2557 1574 2584 esse

136 2607 330 2652 senectus
350 2608 505 2655 potest,
527 2615 579 2642 ne
606 2601 784 2657 sapienti
803 2599 1000 2656 quidem:
1031 2614 1109 2641 nec
1136 2599 1350 2655 insipienti
1373 2599 1502 2641 etiarn
1529 2600 1574 2640 in

138 2670 304 2698 summa
324 2655 446 2712 copia
467 2671 551 2698 non
568 2658 720 2714 gravis.
777 2657 1013 2713 Aptissima
1037 2656 1211 2698 omnino
1231 2665 1344 2708 sunt,
1366 2655 1509 2711 Scipio
1530 2661 1610 2703 et9

180 2812 199 2835 4
223 2816 288 2846 quae
314 2805 349 2837 C.
369 2803 534 2843 Salinator]
552 2805 601 2836 Ex
621 2805 744 2846 inteffui
764 2817 833 2849 que·
922 2813 938 2836 ⁵
962 2805 1038 2836 anmi
1051 2801 1153 2845 atati]
1169 2802 1236 2838 Alii
1254 2808 1353 2834 aetm.
1375 2802 1458 2834 nihil
1480 2803 1575 2835 intef-

137 2846 204 2879 „lis
221 2848 463 2890 intelligendum
479 2855 525 2880 est
540 2848 713 2891 audivique.
877 2855 932 2880 σεῦ-
