1844 3202
284 132 363 179 966
661 130 718 168 M.
752 130 972 168 TULLII
1006 129 1337 168 CICERONIS

281 253 399 288 num,
416 236 691 289 imbecillum,
708 238 933 288 infirmum,
951 253 1075 294 quam
1098 253 1262 279 cernere
1282 237 1527 279 morientem
1551 237 1702 289 vivum,

281 304 354 335 aut
392 295 592 335 viventem
628 297 874 336 mortuum?
906 297 987 345 Ac,
1024 295 1058 335 si
1097 295 1306 336 nonnullis
1343 295 1478 335 visum
1506 303 1584 344 est,
1614 308 1706 334 ma·-

280 365 411 406 gnam
434 365 522 392 esse
551 351 689 391 senilis
721 351 853 392 aetatis
874 351 1218 401 consolationem,
1240 351 1518 406 prudentiam,
1538 365 1617 391 usu
1638 364 1702 390 re-

278 421 374 447 rum
405 407 639 463 quaesitam,
671 422 764 462 quae
794 407 904 448 illius
935 407 1070 447 aetatis
1101 407 1266 461 propria
1294 417 1381 448 est:
1410 406 1576 447 eosdem
1609 406 1702 446 illos

279 463 399 504 fateri
430 472 610 518 oportet,
635 477 686 504 ex
710 478 761 503 eo
789 464 880 518 ipso
901 464 1015 503 fonte
1037 477 1205 503 manare
1234 464 1357 504 etiam
1389 463 1441 504 ad
1473 477 1589 503 senes
1619 476 1703 502 non

279 520 499 560 minimum
533 519 704 569 doloris,
735 528 860 574 atque
891 519 1109 559 molestiae.
1131 519 1202 582 qui
1231 520 1342 560 enim
1373 535 1415 560 se
1441 519 1704 574 prudentem,

279 590 505 631 rerumque
528 575 784 630 agendarum
811 576 990 639 peritum
1012 575 1216 630 agnoscit,
1237 590 1310 616 cur
1331 590 1413 616 non
1435 576 1587 625 doleat,
1609 589 1703 630 quae

279 633 438 688 optime
458 632 665 686 intelligit,
687 646 771 686 prae
793 632 925 672 aetatis
944 632 1058 681 vitio,
1080 631 1239 686 optime
1259 631 1384 672 etiam
1406 632 1614 687 perficere
1621 646 1704 671 non

279 704 430 744 posse
422 690 435 717 ³
469 697 525 738 et,
549 689 582 728 si
612 687 787 742 patriam
822 687 975 752 diligit,
997 701 1071 728 cur
1099 702 1182 727 non
1211 698 1402 742 angatur,
1424 688 1552 742 quod,
1574 702 1703 749 quam

278 744 454 786 consilio
477 744 609 800 juvat,
631 757 756 798 opera
789 745 915 784 etiam
938 745 1083 807 juvare
1114 759 1195 784 11011
1218 744 1379 799 possit?
1413 758 1547 798 eoque
1567 758 1704 799 major

278 801 545 857 prudentium
568 799 689 840 dolor
709 809 786 851 est,
805 801 918 865 quod
940 801 1199 855 optimorum
1219 801 1490 841 consiliorum
1519 800 1701 840 fructum

279 858 393 899 nulla
422 857 502 897 alia
531 856 689 896 ratione
720 857 877 912 pcicipi
907 871 1044 911 posse,
1067 872 1194 921 quani
1225 857 1257 896 si
1288 857 1448 920 optime
1468 855 1517 896 ad
1545 856 1702 896 exitum

278 914 572 977 perducantur,
596 912 867 967 intelligunt.
899 913 1026 968 quod,
1050 914 1125 953 nisi
1160 913 1219 953 vir
1250 914 1448 967 optimus,
1477 912 1702 975 patiiaeque

276 979 417 1010 amant
421 969 586 1009 issimus
616 968 668 1009 ad
698 969 908 1023 agendum
940 969 1126 1019 accedat,
1157 984 1326 1024 prorsus
1358 969 1495 1009 inania
1523 968 1606 1008 sint
1635 967 1701 1008 fu-

277 1037 381 1067 tura.
434 1026 502 1066 De
525 1025 717 1066 aetatibus
737 1026 835 1066 satis
856 1026 959 1066 mihi
977 1026 1117 1066 videor
1138 1026 1302 1066 dixisse.
1324 1041 1377 1080 qu
1367 1025 1454 1066 id
1440 1039 1528 1080 13111
1551 1024 1604 1064 de
1625 1037 1701 1078 ge-

275 1083 441 1123 neribus
471 1081 692 1122 hominum
718 1081 894 1137 loquar?
927 1092 1001 1123 aut
1026 1082 1231 1136 numquid
1266 1082 1472 1136 principes
1504 1081 1627 1131 viros,
1661 1087 1703 1120 et

275 1139 451 1202 medios,
472 1148 515 1178 et
534 1138 698 1178 infimos
721 1153 838 1193 aeque
858 1139 1029 1179 miseros
1050 1153 1139 1179 esse
1160 1152 1311 1193 negare
1334 1152 1387 1193 p(
1379 1153 1458 1178 3311
1463 1139 1530 1178 m?
1566 1138 1702 1191 Reges

275 1195 350 1249 ipsi
383 1209 507 1250 quam
542 1194 680 1235 miseri
710 1195 806 1244 siut,
826 1205 1068 1250 quantoque
1098 1209 1223 1249 opere
1243 1195 1374 1235 sollici
1379 1194 1526 1245 tudini,
1546 1193 1703 1242 timori,

274 1261 400 1306 atque
420 1250 577 1291 insidiis
600 1251 818 1305 propositi,
840 1253 938 1292 satis
963 1251 1148 1292 ostendit
1173 1252 1319 1307 Diony
1323 1252 1420 1300 sius,
1443 1265 1538 1290 cum
1562 1249 1702 1289 immi-

260 1317 397 1362 ,1101110
418 1322 454 1348 c
438 1307 543 1371 apiti
563 1307 707 1362 gladio
730 1308 982 1348 Damoclem
1003 1308 1144 1348 fortun
1150 1323 1182 1347 te
1203 1323 1286 1348 suae
1310 1307 1553 1347 felicitatem
1573 1305 1703 1346 voluit

273 1364 463 1427 experiri.
486 1378 559 1403 1100
582 1364 760 1404 mirum:
792 1378 887 1404 cum
910 1364 959 1404 iis
980 1364 1187 1405 bellorum
1208 1364 1480 1412 calamitates,
1502 1376 1700 1417 agrorum

272 1420 537 1470 vastationes,
578 1420 833 1483 populorum
873 1420 1023 1470 caedes,
1065 1421 1234 1461 urbium
1279 1420 1403 1460 exitia
1441 1419 1699 1459 immineant.

272 1492 366 1532 quae
397 1491 494 1517 cum
525 1477 731 1527 eveniunt,
760 1492 833 1532 qui
862 1476 1033 1517 iictoria
1060 1478 1234 1531 potitur,
1264 1476 1421 1532 aliquid
1451 1488 1494 1516 et
1524 1475 1575 1516 ad
1606 1474 1703 1530 glo-

271 1534 391 1583 riam,
422 1541 464 1573 et
492 1533 544 1573 ad
575 1533 798 1587 imperium
830 1547 996 1587 semper
1025 1533 1228 1588 acquirit.
1261 1548 1303 1573 se
1307 1533 1334 1573 d
1364 1542 1479 1573 tanta
1499 1542 1703 1587 praeterea

271 1604 408 1630 rerum
431 1589 614 1652 amissio,
634 1599 858 1644 tantusque
880 1599 1041 1629 sumtus
1050 1589 1348 1653 consequitur,
1369 1599 1416 1630 ut
1436 1588 1578 1643 magni
1600 1601 1703 1628 con-

271 1653 353 1686 stet
373 1645 560 1694 victoria,
581 1659 629 1685 30
651 1644 897 1700 plerumque
920 1645 1174 1700 praestiterit,
1198 1659 1427 1699 numquam
1451 1659 1565 1685 arma
1585 1658 1701 1683 sum-

270 1702 385 1742 sisse.
417 1701 479 1741 sin
508 1701 760 1765 profligatio
780 1702 998 1752 exercitus,
1030 1711 1103 1743 aut
1132 1701 1272 1742 clades
1301 1701 1441 1756 aliqua
1475 1699 1700 1754 contingit,

270 1758 373 1799 nihil
403 1772 454 1798 eo
483 1766 595 1798 statu
622 1757 814 1798 miserius
842 1772 894 1798 ne
919 1757 1097 1813 cogitari
1126 1757 1295 1822 (1111ᾰο111
1318 1766 1470 1812 potest.
1493 1755 1700 1811 siquidem

268 1814 511 1869 captivitati,
542 1814 709 1868 inopiae,
740 1814 889 1864 luctui,
918 1816 1151 1855 contemtui
1190 1813 1444 1870 conjunctus
1480 1823 1558 1854 est.
1618 1811 1701 1852 Sed

268 1872 332 1911 fac
365 1872 526 1925 Regem
557 1885 646 1910 esse
676 1885 700 1910 a
729 1870 937 1911 bellorum
969 1872 1142 1925 impetu,
1163 1880 1206 1911 et
1235 1886 1259 1911 a
1279 1879 1510 1911 eistiorum
1534 1868 1700 1923 pulvere

266 1936 493 1976 remotum,
514 1941 589 1967 sua
615 1936 763 1990 pacate
790 1927 1088 1982 possidentem,
1112 1927 1226 1967 nulla
1254 1927 1438 1967 hostium
1465 1925 1701 1966 incursione

267 1992 480 2026 vexatum:
501 1998 603 2023 num
622 1983 775 2023 iccirco
797 1983 940 2034 tutior,
958 1999 982 2024 a
1002 1984 1178 2024 nnseriis
1201 1983 1410 2024 securior?
1435 1982 1535 2038 quin
1552 1983 1700 2031 immo,

265 2049 315 2081 ut
344 2040 479 2081 otium
511 2039 695 2080 humana
727 2048 873 2080 natura
903 2055 986 2080 11011
1016 2040 1109 2089 fert,
1141 2041 1228 2094 ipse
1258 2039 1336 2079 sibi
1367 2039 1620 2087 molestiam,
1651 2050 1699 2077 30

266 2096 594 2137 sollicitudinem
623 2095 853 2136 exhibebit.
884 2111 978 2136 nam
1011 2105 1084 2136 aut
1105 2095 1157 2136 de
1184 2096 1389 2150 augendis
1411 2094 1700 2149 vectigalibUS,

266 2161 338 2193 aut
368 2152 420 2193 de
451 2151 730 2207 producendis
762 2152 928 2203 finibus,
949 2152 1085 2208 deque
1116 2153 1291 2193 urbibus
1313 2152 1395 2192 ad
1385 2151 1607 2215 imperium
1628 2163 1699 2189 ac·

266 2208 492 2264 quirendis,
514 2217 585 2249 aut
611 2208 663 2248 de
678 2208 909 2272 jungendis
929 2224 1028 2249 cum
1049 2208 1355 2272 potentioribus
1376 2205 1700 2270 propinquitati-

264 2265 360 2314 bUS,
391 2273 517 2320 atque
548 2265 741 2305 amicitiis
772 2265 992 2320 cogitabit.
1017 2280 1112 2320 quae
1135 2265 1204 2320 qui
1236 2266 1375 2305 animo
1406 2263 1551 2318 agitat,
1581 2276 1655 2302 nec
1676 2275 1700 2302 a

266 2321 460 2361 molestia
493 2321 598 2361 liber
631 2330 707 2371 est,
740 2336 816 2361 1100
847 2322 952 2362 31103
970 2335 1164 2385 securos,
1195 2336 1243 2361 ac
1275 2321 1439 2375 quietos
1468 2334 1558 2359 esse
1585 2318 1698 2358 sinit.

266 2378 334 2418 De
364 2378 533 2417 avaritia
561 2392 671 2428 vero,
703 2377 885 2417 maxima
913 2378 1150 2418 animorum
1182 2385 1310 2432 peste,
1342 2377 1470 2416 nolim
1499 2375 1698 2416 hocloco

266 2433 458 2489 pluribus
480 2433 717 2496 disputare:
749 2449 845 2489 quae
864 2434 906 2474 in
928 2434 1085 2484 deside,
1106 2443 1232 2497 atque
1253 2433 1389 2473 otiosa
1408 2442 1550 2473 mente
1571 2445 1698 2495 quam

265 2491 447 2531 maxime
477 2490 673 2531 exoritur.
709 2504 841 2545 eaque
866 2491 1087 2531 erectiores
1109 2492 1286 2540 animos,
1308 2498 1351 2529 et
1370 2489 1537 2529 altiores
1558 2486 1697 2542 digni-

265 2546 363 2587 tatis
381 2561 432 2601 g1
435 2546 537 2587 adus
558 2546 740 2586 maxime
760 2546 970 2586 sollicitat.
1030 2546 1144 2587 Huic
1164 2546 1309 2600 generi
1339 2546 1529 2586 infimum
1558 2543 1697 2584 horni-

266 2617 367 2644 num
393 2617 529 2658 genus
558 2602 813 2657 opponitur:
845 2603 974 2657 quod,
995 2611 1042 2644 ut
1071 2603 1239 2643 nomine
1267 2601 1614 2650 abiectissimum,
1636 2600 1696 2640 sic

265 2674 309 2700 re
340 2673 509 2723 quoque
539 2658 735 2699 omnibus
765 2657 1086 2709 calamitatibus,
1108 2668 1235 2714 atque
1265 2674 1341 2698 an*¹
1319 2657 1493 2713 goribus
1515 2665 1577 2697 est
1598 2670 1695 2710 pro-

266 2716 467 2770 positum.
527 2715 644 2755 Huic
673 2715 827 2770 inopia,
859 2716 1005 2766 fames,
1027 2715 1329 2766 contumelia,
1319 2693 1497 2770 injuriae,
1517 2714 1698 2753 tributo-

267 2786 359 2812 rum
383 2771 553 2822 solutio,
577 2771 738 2811 militiae
760 2771 1044 2823 incommoda,
1064 2772 1217 2812 misera
1236 2772 1417 2826 denique
1438 2769 1580 2810 omnia
1601 2782 1695 2822 per-

267 2827 438 2869 ferenda
479 2836 600 2870 sunt:
643 2842 780 2883 eoque
820 2828 1011 2870 miserius
1041 2838 1119 2879 est,
1150 2828 1266 2884 quod
1295 2827 1443 2870 ceteris
1484 2825 1704 2878 omnibus,>
