1844 3202
297 117 375 151 844
882 110 1123 149 LAELIUS

292 228 387 260 est·
433 232 484 260 ex
523 235 608 275 quo
643 233 791 260 eorum
830 220 1061 262 exardescit
1099 221 1182 262 sive
1230 236 1363 273 amor,
1405 221 1488 262 sive
1525 220 1722 262 amicitia.

294 284 522 332 utrumque
551 277 662 316 enim
694 274 855 316 dictum
886 286 949 317 est
979 277 1032 317 ab
1063 277 1256 318 amando.
1288 293 1427 319 amare
1456 287 1599 319 autem
1621 277 1728 319 nihil

295 332 410 373 aliud
442 342 519 383 est,
553 333 629 373 nisi
664 346 758 372 eum
797 332 933 386 ipsum
966 333 1154 388 diligere,
1189 348 1313 389 quem
1351 350 1480 385 ames,
1516 333 1631 375 nulla
1665 334 1728 374 in-

210 388 497 444 loldigentia,
531 389 644 429 nulla
677 388 857 429 utilitate
890 389 1080 452 quaesita.
1139 391 1247 446 Quae
1276 401 1415 432 tamen
1443 391 1533 446 ipsa
1563 389 1726 431 efflore-

294 445 374 487 scit
402 459 453 486 ex
485 445 681 494 amicitia,
718 444 845 485 etiam
879 445 912 485 si
944 455 990 485 tu
1021 460 1114 485 eam
1146 447 1282 488 minus
1314 459 1514 503 sequutus
1547 447 1616 487 sis.
1649 445 1726 486 hac

294 517 371 543 nos
409 502 692 542 adolescentes
731 501 1020 542 benevolentia
1056 516 1173 542 senes
1210 502 1305 543 illos
1335 505 1384 544 L.
1419 504 1624 552 Paullum,
1663 503 1727 543 M.

295 557 521 623 Catonem,
556 557 608 598 C.
642 556 829 607 Gallum,
863 559 906 598 P.
934 558 1150 609 Nasicam,
1179 559 1244 599 Ti.
1275 560 1532 610 Gracchum,
1563 559 1727 614 Scipio-

294 614 356 655 nis
388 615 518 655 nostri
549 628 757 664 socerum,
777 613 1012 655 dileximus.
1034 613 1125 655 haec
1155 615 1280 655 etiam
1310 617 1445 672 magis
1464 617 1601 658 elucet
1623 617 1730 656 inter

294 671 490 727 aequales,
522 680 569 711 ut
600 670 708 711 inter
738 685 822 721 me,
857 680 899 712 et
933 671 1186 726 Scipionem,
1219 673 1270 712 L.
1307 673 1494 722 Furium,
1528 674 1571 713 Ρ.
1598 672 1727 726 Rupi-

293 727 413 778 lium,
434 728 506 782 Sp.
529 727 804 768 Mummium.
827 727 1006 768 vicissim
1028 738 1168 768 autem
1193 741 1310 769 senes
1326 744 1368 769 m
1400 727 1728 770 adolescentium

293 784 467 826 caritate
504 783 837 840 acquiescimus·
827 815 838 834 ,
877 794 926 825 ut
963 785 1004 824 in
1037 794 1185 836 vestra,
1217 795 1265 826 ut
1302 785 1342 825 in
1381 786 1437 841 Q.
1468 785 1729 827 Tuberonis.

293 840 488 904 equidem
510 841 638 881 etiam
659 840 890 881 admodum
911 839 1201 906 adolescentis,
1223 843 1268 882 Ρ.
1291 842 1451 890 Rutilii,
1470 841 1527 882 A.
1548 840 1728 896 virginii

292 896 574 937 familiaritate
603 896 802 938 delector.
861 897 1159 953 Quoniamque
1186 899 1245 940 ita
1272 898 1379 939 ratio
1406 908 1647 953 comparata
1666 906 1730 939 cst

291 952 387 993 vitae
419 961 665 1008 naturaeque
695 961 864 1003 nostrae,
896 963 943 994 ut
972 954 1052 994 alia
1082 963 1182 994 aetas
1212 955 1398 995 oriatur·
1389 985 1400 1004 ,
1431 955 1611 995 maxime
1633 954 1728 1008 qui·

292 1008 388 1049 dem
430 1009 661 1064 optandum
692 1018 771 1059 est,
802 1019 850 1051 ut
879 1024 975 1050 cum
1012 1010 1242 1074 aequalibus
1272 1010 1422 1066 possis,
1452 1011 1627 1066 quibus·
1611 1024 1729 1050 -cum

293 1074 510 1121 tamquam
532 1080 554 1106 e
576 1065 812 1107 carceribus
833 1067 1011 1107 emissus
1040 1067 1110 1118 sis,
1132 1081 1229 1107 cum
1248 1065 1395 1107 iisdem
1417 1066 1469 1107 ad
1488 1067 1661 1117 calcem,
1684 1075 1731 1107 ut

208 1129 281 1161 102
293 1121 462 1172 dicitur,
482 1122 707 1177 perveniie.
767 1123 851 1163 Sed
873 1123 1071 1178 quoniam
1094 1138 1158 1164 res
1179 1122 1374 1164 humana:
1395 1123 1578 1178 fragiles,
1599 1122 1728 1163 cadu-

294 1192 439 1234 caeque
470 1188 582 1228 sunt,
613 1193 778 1234 semper
806 1179 934 1235 aliqui
955 1180 1200 1236 anquirendi
1221 1190 1333 1231 sunt,
1361 1194 1468 1235 quos
1457 1158 1731 1235 Ddiligamus,

293 1244 337 1276 et
356 1250 381 1276 a
401 1235 555 1291 quibus
576 1235 816 1291 diligamur.
834 1236 1008 1277 caritate
1027 1237 1154 1287 enim,
1172 1236 1301 1277 benev
1305 1211 1544 1292 (ilentiaque
1565 1236 1732 1277 sublata

295 1293 432 1332 omnis
462 1301 525 1332 est
553 1306 577 1332 e
606 1293 689 1333 vita
720 1293 924 1334 sublata
907 1309 940 1349 J
936 1293 1086 1334 ..imund
1093 1304 1167 1334 tas.
1227 1293 1339 1334 Mihi
1370 1293 1541 1348 quidem
1574 1292 1730 1348 Scipio,

294 1363 550 1404 quamquam
571 1358 635 1389 est
657 1349 798 1391 subito
819 1359 1004 1414 ereptus,
1032 1350 1107 1390 viu
1114 1359 1129 1391 t
1151 1360 1305 1400 tamen,
1325 1363 1571 1405 semperque
1593 1349 1728 1390 vivet.

293 1405 492 1446 virtutem
522 1405 633 1446 enim
663 1406 798 1447 amavi
827 1406 939 1447 illius
969 1406 1057 1457 viri,
1088 1421 1182 1462 quae
1213 1406 1419 1447 exstincta
1447 1420 1529 1446 non
1556 1414 1633 1446 est.
1655 1419 1730 1446 nec

294 1461 399 1502 mihi
428 1462 507 1503 soli
528 1471 713 1503 versatur
739 1472 835 1503 ante
865 1463 1027 1527 oculos,
1049 1463 1121 1519 qui
1149 1463 1263 1504 illam
1276 1477 1454 1527 semper
1473 1463 1514 1504 in
1535 1462 1729 1503 manibus

248 1525 282 1555 b
294 1518 437 1568 habui,
469 1518 542 1559 scd
572 1519 698 1559 etiam
730 1520 906 1574 posteris
937 1519 1015 1560 erit
1045 1521 1170 1570 clara,
1203 1529 1246 1560 et
1274 1520 1462 1574 insignis.
1485 1533 1610 1560 nemo
1632 1533 1728 1559 um-

292 1590 420 1631 quam
441 1575 596 1625 animo,
611 1585 685 1616 aut
706 1590 778 1630 spe
785 1576 961 1640 'majora
981 1576 1161 1631 suscipio
1165 1585 1195 1626 t,
1213 1576 1285 1631 qui
1305 1576 1383 1616 sibi
1404 1590 1487 1616 non
1507 1575 1616 1616 illius
1638 1589 1728 1616 me-

207 1641 277 1673 103
293 1632 486 1681 moriam,
506 1640 633 1685 atque
666 1631 894 1687 imaginem
917 1632 1237 1687 proponendam
1257 1642 1392 1687 putet.
1450 1632 1657 1687 Equidem
1680 1645 1730 1673 ex

290 1688 490 1729 omnibus
522 1691 662 1738 rebus,
697 1703 798 1743 quas
833 1689 936 1729 mihi
967 1698 1040 1730 aut
1071 1689 1255 1739 fortuna,
1283 1698 1357 1729 aut
1389 1698 1538 1729 natura
1568 1688 1729 1739 tribuit,

292 1745 396 1786 nihil
417 1745 569 1821 habeo,
590 1744 704 1817 quod
726 1760 822 1785 cum
846 1745 1031 1786 amicitia
1057 1745 1263 1800 Scipionis
1285 1744 1442 1800 possim
1473 1759 1731 1809 comparare.

293 1802 343 1842 In
365 1801 443 1842 hac
466 1816 523 1842 m
528 1801 570 1843 hi
590 1802 642 1842 de
662 1801 877 1855 lepublica
893 1816 1136 1852 consenSUS,
1158 1801 1198 1842 in
1219 1801 1298 1842 hac
1319 1816 1457 1842 rerum
1475 1802 1729 1857 privatarum

291 1858 545 1899 consilium·
535 1889 546 1908 ,
578 1858 619 1898 in
649 1857 794 1898 eadem
827 1859 988 1914 requies
1018 1858 1141 1914 plena
1170 1857 1465 1899 oblectationis
1490 1858 1583 1899 fuit.
1606 1872 1729 1898 num-

291 1930 419 1979 quam
442 1914 559 1955 illum
585 1929 636 1955 ne
657 1914 833 1956 minima
851 1915 1021 1969 quidem
1042 1930 1085 1955 re
1117 1915 1286 1966 offendi,
1307 1914 1421 1971 quod
1441 1914 1611 1970 quidem
1633 1929 1728 1956 sen-

291 1972 443 2013 serim:
470 1971 574 2012 nihil
595 1969 734 2012 audivi
754 1986 805 2012 ex
823 1986 875 2012 eo
896 1972 1000 2026 ipse,
1021 1971 1134 2027 quod
1157 1971 1328 2013 nollem.
1349 1985 1433 2012 una
1451 1972 1604 2012 domus
1625 1980 1727 2022 erat,

290 2027 402 2069 idem
442 2028 590 2078 victus,
631 2029 751 2082 isque
789 2028 1060 2069 communis:
1092 2042 1227 2084 nsque
1268 2028 1406 2069 solum
1447 2026 1610 2078 militia,
1652 2027 1727 2068 sed

205 2085 418 2125 104etiam
456 2084 826 2139 peregrinationes,
868 2084 1246 2139 rusticationesque
1281 2098 1545 2125 communes.
1611 2084 1729 2125 Nam

291 2141 394 2196 quid
414 2155 497 2195 ego
516 2140 569 2180 de
590 2140 739 2181 studiis
759 2141 897 2181 dicam
918 2116 1205 2196 cognoscendi
1225 2155 1388 2196 semper
1405 2139 1581 2196 aliquid,
1588 2150 1728 2204 atque

291 2197 510 2238 discendi?
543 2197 583 2237 in
614 2197 770 2252 quibus
795 2198 945 2238 remoti
971 2198 1024 2238 ab
1055 2197 1191 2238 oculis
1210 2212 1277 2253 po
1273 2196 1372 2246 mli,
1394 2212 1520 2238 omne
1540 2196 1726 2237 otiosum

290 2264 462 2309 tempus
483 2254 787 2294 contrivimus?
821 2256 1016 2311 Quarum
1044 2269 1184 2295 rerum
1220 2250 1469 2304 recordatio,
1491 2263 1534 2295 et
1562 2267 1727 2294 memo·

289 2311 364 2361 ria,
385 2311 419 2352 si
441 2324 524 2351 una
544 2325 644 2351 cum
668 2310 741 2375 illo
764 2298 1002 2361 occidisset,
1032 2310 1284 2352 desiderium
1306 2309 1641 2366 conjunctissimi
1665 2319 1728 2351 at-

288 2383 372 2424 que
394 2366 670 2408 amantissimi
701 2367 775 2408 viri
794 2367 901 2408 ferre
923 2368 1039 2408 nullo
1071 2367 1201 2409 modo
1232 2381 1414 2422 possem.
1445 2366 1517 2407 sed
1549 2380 1626 2407 nec
1657 2366 1730 2408 illa

287 2424 493 2465 exstincta
523 2433 635 2474 sunt,
665 2423 922 2503 alunturque
952 2426 1109 2479 potiuS‚
1140 2432 1184 2464 et
1213 2433 1426 2478 au<re1.tur
1453 2422 1728 2477 cogitatione,

287 2490 331 2522 et
350 2480 579 2521 memoria:
610 2489 653 2521 et
673 2480 707 2521 si
727 2479 809 2521 illis
832 2481 952 2535 plane
971 2480 1144 2521 orbatus
1161 2494 1249 2520 esse
1256 2495 1322 2529 13³1
1356 2494 1560 2535 magnum
1582 2490 1724 2521 tamen

287 2537 453 2578 afferret
483 2535 587 2577 mihi
618 2545 718 2577 aetas
748 2537 811 2592 ips
800 2552 838 2578 ,a
867 2551 928 2578 so
922 2537 1093 2577 atium:
1126 2536 1285 2577 diutius
1315 2551 1426 2576 Cnml
1451 2551 1542 2592 Jam
1573 2536 1614 2577 in
1640 2535 1724 2577 hoc

287 2593 497 2635 desiderio
528 2607 618 2634 esse
645 2607 728 2634 non
757 2607 948 2648 pessum.
1007 2593 1194 2635 Omnia
1193 2603 1326 2634 tutem
1349 2594 1501 2644 brevia,
1524 2592 1723 2633 tolerabi-

285 2649 343 2691 lia
362 2664 452 2691 esse
470 2649 639 2700 debent,
661 2649 789 2691 etiam
811 2649 845 2690 si
878 2664 1032 2705 magna
1053 2650 1150 2690 sint.
1209 2649 1263 2690 H
1259 2664 1316 2690 ec
1338 2648 1482 2698 habui,
1502 2648 1554 2689 de
1575 2648 1725 2690 amici-

283 2707 342 2748 tia
361 2722 456 2762 quae
478 2706 677 2748 dicerem.
735 2707 825 2746 Vos
855 2717 998 2747 autem
1030 2706 1191 2756 hortor,
1213 2715 1260 2747 ut
1294 2705 1355 2747 ita
1385 2712 1422 2738 53
1440 2706 1637 2746 virtutem
1656 2706 1722 2747 lo-

328 2802 368 2828 63
393 2797 536 2827 virtutem
555 2796 664 2836 locetis]
691 2797 743 2829 Sic
765 2797 835 2828 libri
857 2807 983 2836 omnes,
1006 2798 1074 2828 sine
1096 2805 1204 2828 sensu·
1249 2797 1394 2828 Graevius
1417 2796 1554 2835 conjecit
1568 2797 1727 2837 corrigen-

286 2841 366 2871 dum
382 2850 449 2872 esse
464 2841 607 2871 virtutem
623 2840 733 2871 colatis.
751 2841 844 2872 bene.
