1844 3202
630 120 1039 161 FRAGMENTA.
1460 131 1550 173 9³⁵*

120 229 226 273 effici
255 230 387 286 possit
411 227 650 280 rotundius,
669 228 773 270 nihil
804 237 851 270 ut
875 229 1108 285 asperitatis
1135 229 1323 281 haberet,
1342 230 1446 273 nihil
1472 232 1539 273 of-

120 287 333 338 fensionis‚
371 287 474 328 nihil
510 285 718 326 inclusum
756 286 937 341 angulis,
974 285 1079 327 nihil
1118 285 1401 338 amfractibus,
1437 287 1542 330 nihil

120 344 321 393 eminens,
354 343 454 384 nihil
481 341 727 383 lacunosum
748 358 757 383 z
788 356 1018 398 omnesque
1044 350 1181 397 partes
1205 342 1426 384 simillimae
1447 359 1542 385 om-

121 400 252 450 nium,
269 399 409 454 quoad
424 399 514 454 ejus
534 398 758 453 praestabat
772 397 934 454 judicio
950 398 1276 439 dissimilitudini
1296 398 1541 442 similitudo.

121 455 252 497 Omni
270 463 412 496 autem
433 463 566 495 totam
590 455 764 510 figuram
788 454 933 496 mundi
954 454 1132 496 laevitate
1152 454 1443 496 circumdedit.
1466 470 1543 497 nec

119 512 229 552 enim
261 510 394 552 oculis
424 511 590 567 egebat,
611 511 711 567 quia
737 510 840 552 nihil
861 521 990 563 extra,
1009 511 1123 567 quod
1141 511 1253 552 cerni
1272 520 1427 566 posset,
1447 511 1544 552 reli-

119 576 236 608 ctum
268 576 384 608 erat:
416 582 492 608 nec
525 568 708 617 auribus,
772 568 841 608 uia
870 582 921 608 ne
953 567 1069 623 quod
1098 567 1311 609 audiretur
1342 567 1513 623 quidem
1532 585 1544 609 ε

120 637 256 679 neque
274 632 392 665 erant
416 623 555 665 anima
575 623 733 665 circum
757 638 830 665 usa
849 634 1035 665 extrema
1055 624 1215 675 mundi,
1235 632 1282 665 ut
1301 624 1545 679 respiratio-

120 694 218 720 nem
247 680 503 736 requireret:
535 694 609 721 nec
635 695 731 721 vero
752 679 1013 721 desiderabat
1033 690 1106 722 aut
1125 681 1323 722 alimenta
1341 680 1546 736 corporis,

121 745 195 777 aut
214 735 517 777 detractionem
537 737 734 787 confecti,
756 745 798 777 et
825 737 1036 778 consumti
1057 737 1154 778 cibi.
1176 751 1309 792 neque
1327 737 1439 778 enim
1460 736 1549 778 ulla

121 791 309 834 decessio
333 793 418 834 fieri
436 802 614 848 poterat,
635 807 770 849 neque
793 793 1001 834 accessio:
1033 808 1168 849 neque
1189 807 1285 834 vero
1305 802 1392 834 erat
1421 792 1549 834 unde.

121 847 182 890 ita
199 863 242 889 se
262 849 351 905 ipse
371 849 679 899 consumtione,
700 859 743 890 et
764 849 878 890 senio
903 849 1041 891 alebat
1061 850 1138 900 sui,
1159 864 1256 891 cum
1288 849 1376 905 ipse
1395 864 1469 905 per
1489 863 1548 900 se,

121 912 165 945 et
183 919 208 945 a
237 919 280 946 se
310 915 354 946 et
382 914 608 961 pateretur,
627 915 669 946 et
689 906 844 947 faceret
863 906 1016 946 omnia.
1037 906 1096 947 sic
1116 907 1227 948 enim
1247 916 1361 947 ratus
1381 915 1446 947 est
1462 905 1549 956 ille,

154 961 195 1002 ui
226 961 304 1002 ista
327 960 481 1017 junxit,
499 971 542 1003 et
571 962 773 1013 condidit,
794 962 932 1017 ipsum
963 977 1005 1003 se
1035 972 1281 1004 contentum
1311 976 1401 1003 esse
1423 977 1550 1003 mun-

156 1032 242 1068 um,
263 1032 398 1073 neque
416 1032 540 1074 egere
561 1017 706 1060 altero.
767 1019 917 1074 ltaque
937 1033 1013 1059 nec
1033 1019 1071 1059 ei
1092 1034 1241 1060 manus
1262 1019 1432 1069 affinxit,
1452 1019 1551 1074 quia

124 1087 201 1114 nec
221 1073 470 1129 capiendum
497 1075 729 1130 quidquam
748 1084 850 1125 erat,
870 1089 945 1115 nec
965 1076 1249 1129 repellendum
1269 1093 1278 1116 :
1311 1089 1388 1116 nec
1407 1075 1550 1130 pedes,

123 1143 200 1170 nec
220 1131 300 1171 alia
318 1131 520 1181 membra,
539 1132 690 1187 quibus
707 1131 917 1186 ingressus
933 1145 1108 1186 corpore
1129 1132 1362 1173 sustineret.
1384 1139 1550 1172 motum

125 1186 236 1226 enim
277 1186 393 1228 dedit
421 1187 531 1228 coelo
564 1202 677 1238 eum,
708 1188 779 1243 qui
811 1187 956 1242 figurae
987 1188 1078 1243 ejus
1110 1189 1162 1229 sit
1193 1188 1448 1243 aptissimus,
1479 1187 1552 1242 qui

123 1256 233 1283 unus
255 1257 303 1283 ex
326 1252 489 1298 septem
509 1243 696 1285 motibus
717 1252 899 1284 mentem
934 1254 1060 1300 atque
1087 1243 1409 1300 intelligentiam
1430 1244 1550 1285 cohi-

124 1298 246 1339 beret
276 1300 470 1340 maxime.
531 1300 679 1356 Itaque
710 1315 794 1341 una
825 1301 1093 1341 conversione
1123 1311 1249 1357 atque
1280 1301 1427 1341 eadem
1460 1300 1551 1356 ipse

124 1355 284 1397 circum
305 1370 348 1396 se
368 1364 600 1411 torquetur,
622 1365 665 1397 et
683 1356 870 1397 vertitur.
930 1357 1011 1397 Sex
1041 1366 1180 1398 autem
1206 1357 1389 1413 reliquos
1410 1366 1554 1397 motus

125 1411 179 1451 ab
199 1426 248 1452 eo
271 1412 486 1467 separavit.
505 1412 648 1468 itaque
668 1427 767 1454 eum
787 1413 841 1453 ab
861 1413 976 1453 omni
996 1414 1200 1455 erratione
1219 1413 1423 1455 liberavit.
1480 1412 1554 1453 Ad

125 1466 235 1509 hanc
256 1468 388 1523 igitur
407 1471 733 1520 conversionem,
755 1484 849 1524 quae
867 1469 1045 1524 pedibus
1065 1480 1108 1510 et
1133 1469 1269 1525 gradu
1289 1484 1372 1510 non
1394 1478 1555 1525 egeret,

125 1523 387 1579 ingrediendi
408 1525 599 1565 membra
626 1540 709 1566 non
736 1525 866 1566 dedit.
925 1526 1032 1566 Haec
1056 1526 1176 1567 Deus
1198 1527 1254 1576 js,
1276 1526 1350 1581 qui
1380 1534 1481 1576 erat,
1499 1525 1554 1565 de

124 1580 351 1636 aliquando
378 1581 474 1621 Deo
501 1581 644 1622 futuro
673 1581 879 1637 cogitans,
899 1580 1044 1623 laevem
1073 1596 1170 1623 eum
1198 1582 1338 1623 effecit
1364 1592 1408 1624 et
1430 1581 1555 1623 undi-

127 1651 209 1692 que
240 1636 504 1692 aequabilem,
533 1645 575 1678 et
607 1652 633 1678 a
659 1638 800 1678 medio
832 1637 886 1678 ad
914 1652 1129 1678 summum
1160 1653 1318 1694 parem,
1350 1650 1392 1680 et
1419 1638 1556 1694 perfe-

127 1703 261 1744 ctum,
282 1703 407 1748 atque
439 1693 683 1734 absolutum
713 1708 764 1734 ex
792 1693 1011 1744 absolutis,
1032 1704 1159 1749 atque
1178 1695 1387 1750 perfectis.
1446 1694 1557 1735 Ani-

127 1763 247 1789 mum
268 1759 408 1790 autem
431 1758 480 1790 ut
503 1757 517 1786 7
537 1749 579 1790 in
597 1763 648 1790 eo
667 1749 808 1790 medio
836 1749 1073 1801 collocavit,
1090 1752 1147 1792 ita
1166 1766 1240 1806 per
1260 1760 1398 1792 totum
1420 1759 1556 1792 teten-

129 1804 212 1846 dit:
241 1805 390 1847 deinde
411 1820 508 1846 eum
526 1805 804 1846 circumdedit
824 1819 1014 1861 corpore,
1033 1815 1075 1847 et
1094 1808 1255 1848 vestivit
1273 1808 1555 1849 extrinsecus:

130 1861 325 1918 coeloque
346 1861 547 1917 solivago,
566 1871 616 1903 et·
628 1861 815 1912 volubili,
833 1871 876 1902 et
894 1863 936 1903 in
957 1863 1102 1903 orbem
1120 1864 1293 1906 incitato
1311 1863 1558 1919 complexus

130 1926 207 1969 est,
230 1918 344 1973 quod
374 1932 518 1959 secum
548 1919 686 1974 ipsum
716 1928 889 1973 propter
916 1918 1109 1960 virtutem
1141 1920 1263 1962 facile
1292 1934 1382 1961 esse
1401 1929 1558 1976 posset,

130 1974 206 2015 ned
228 1974 480 2016 desideraret
505 1974 697 2025 alterum,
720 1974 818 2016 satis
850 1974 930 2015 sibi
949 1975 1087 2030 ipsum
1109 1986 1256 2018 notum
1277 1986 1319 2017 et
1339 1975 1558 2017 familiare.

132 2030 202 2072 Sic
229 2031 348 2072 Deus
374 2030 444 2072 ille
476 2040 654 2072 aeternus
675 2030 788 2072 hunc
804 2031 989 2086 perfecte
1008 2032 1181 2073 beatum
1201 2034 1343 2074 Deum
1363 2047 1558 2088 procrea·-

131 2086 204 2128 vit.
225 2087 298 2129 sed
323 2087 509 2129 animum
540 2087 653 2128 haud
678 2087 750 2138 ita,
770 2096 818 2128 ut
837 2086 967 2128 modo
995 2088 1128 2130 locuti
1148 2104 1307 2141 sumus,
1329 2098 1420 2130 tum
1441 2089 1559 2130 deni-

131 2157 230 2199 que,
261 2158 359 2185 cum
388 2158 540 2199 corpus
570 2144 609 2184 ei
635 2143 854 2195 effecisset,
886 2143 1109 2186 inchoavit.
1141 2160 1277 2202 neque
1307 2147 1419 2187 enim
1449 2154 1560 2187 esset

131 2209 310 2251 rectum,
332 2201 483 2242 minori
515 2214 661 2255 parere
689 2200 908 2256 majorem.
966 2201 1049 2242 Sed
1070 2217 1146 2243 nos
1167 2203 1301 2244 multa
1321 2202 1558 2244 inconside-

132 2264 223 2305 rate
242 2272 290 2298 ac
311 2267 470 2299 temere
490 2257 682 2298 dicimus.
739 2257 859 2298 Deus
879 2264 1018 2299 autem
1039 2268 1084 2299 et
1113 2268 1223 2310 ortu,
1243 2268 1286 2301 et
1312 2260 1462 2301 virtute
1485 2266 1592 2307 an-7

133 2312 358 2368 tiquiorem
375 2314 523 2370 genuit
540 2314 743 2363 animum,
759 2327 940 2369 eumque
962 2323 1009 2355 ut
1028 2314 1264 2365 dominum,
1279 2325 1406 2372 atque
1426 2315 1561 2371 impe-

135 2378 313 2420 rantem,
332 2369 550 2411 obedienti
571 2369 760 2425 praefecit
787 2370 980 2425 corpori:
1011 2371 1138 2426 idque
1158 2371 1330 2414 molitus
1361 2372 1435 2414 tali
1453 2386 1561 2428 quo-

136 2425 235 2466 dam
254 2434 318 2467 est
337 2426 481 2468 modo.
537 2427 601 2467 Ex
621 2426 810 2476 materia,
829 2441 924 2482 quae
945 2426 1158 2470 individua
1176 2437 1252 2480 est,
1272 2438 1315 2470 et
1334 2445 1428 2485 quae
1450 2443 1563 2469 sem-

137 2496 212 2539 per
240 2481 364 2523 unius
390 2482 519 2534 modi,
540 2483 687 2538 suique
714 2482 875 2533 similis,
895 2491 938 2524 et
965 2498 1015 2525 ex
1034 2498 1097 2535 ea,
1117 2501 1212 2541 quae
1232 2485 1478 2541 corporibus
1497 2484 1563 2525 di-

138 2538 263 2580 vidua
290 2538 492 2594 gignitur,
512 2539 684 2580 tertium
713 2539 897 2580 materiae
926 2554 1061 2595 genus
1092 2550 1174 2583 8ex
1203 2542 1371 2584 duobus
1399 2542 1442 2582 in
1471 2554 1562 2582 me-

139 2594 258 2636 dium
286 2594 526 2645 admiscuit,
548 2595 800 2651 quodesset
828 2596 1017 2651 ejusdem
1048 2608 1223 2650 naturae,
1243 2608 1285 2639 et
1315 2597 1427 2654 quod
1458 2597 1564 2640 alte—

141 2651 252 2693 rius:
283 2651 410 2708 idque
441 2651 649 2708 interjecit
677 2651 785 2693 inter
814 2651 1087 2706 individuum,
1109 2664 1236 2711 atque
1255 2655 1313 2706 id,
1330 2653 1442 2710 quod
1460 2653 1565 2694 divi-

185 2771 200 2800 7
226 2765 256 2795 in
272 2777 300 2795 eo
323 2763 424 2803 medio]
451 2764 502 2795 Sic
525 2766 589 2796 Ms.
613 2766 709 2797 Gron.
734 2766 831 2805 vulgo
873 2768 941 2801 cuit
966 2771 1007 2800 ita
1032 2776 1068 2800 ut
1094 2779 1134 2800 ex
1158 2769 1282 2805 duobus
1306 2769 1395 2800 fieret
1421 2768 1567 2799 medium

144 2807 227 2839 male
243 2809 273 2837 in
285 2808 342 2847 <ius
358 2808 457 2838 medio.
875 2814 1035 2854 quoddam
1053 2822 1151 2853 genus
1168 2812 1316 2844 materiae.

187 2858 204 2881 Β
227 2862 264 2881 ex
274 2850 376 2881 duobus
388 2851 418 2880 iu
429 2850 552 2881 medium
564 2849 657 2891 admu]
675 2851 849 2888 Commis-¹⁷
