<?xml version="1.0" encoding="UTF-8"?>
<!DOCTYPE html PUBLIC "-//W3C//DTD XHTML 1.0 Transitional//EN"
    "http://www.w3.org/TR/xhtml1/DTD/xhtml1-transitional.dtd">
<html xmlns="http://www.w3.org/1999/xhtml" xml:lang="en" lang="en">
 <head>
  <title>
</title>
<meta http-equiv="Content-Type" content="text/html;charset=utf-8" />
  <meta name='ocr-system' content='tesseract 3.04.00' />
  <meta name='ocr-capabilities' content='ocr_page ocr_carea ocr_par ocr_line ocrx_word'/>
</head>
<body>
  <div class='ocr_page' id='page_1' title='image "./p2operaomnia04ciceuoft_0364.png"; bbox 0 0 1844 3202; ppageno 0'>
   <div class='ocr_carea' id='block_1_1' title="bbox 274 123 1329 173">
    <p class='ocr_par' dir='ltr' id='par_1_1' title="bbox 274 123 1329 173">
     <span class='ocr_line' id='line_1_1' title="bbox 274 123 1329 173; baseline -0.004 -9"><span class='ocrx_word' id='word_1_1' title='bbox 274 125 350 173; x_wconf 76' lang='lat'><strong>963</strong></span> <span class='ocrx_word' id='word_1_2' title='bbox 642 123 702 162; x_wconf 88' lang='lat' dir='ltr'><strong>M.</strong></span> <span class='ocrx_word' id='word_1_3' title='bbox 733 123 953 162; x_wconf 89' lang='lat' dir='ltr'>TULLII</span> <span class='ocrx_word' id='word_1_4' title='bbox 990 123 1329 162; x_wconf 84' lang='lat' dir='ltr'>CICERONIS</span> 
     </span>
    </p>
   </div>
   <div class='ocr_carea' id='block_1_2' title="bbox 262 230 1702 2879">
    <p class='ocr_par' dir='ltr' id='par_1_2' title="bbox 262 230 1702 2879">
     <span class='ocr_line' id='line_1_2' title="bbox 272 230 1700 288; baseline 0.001 -16"><span class='ocrx_word' id='word_1_5' title='bbox 272 242 350 273; x_wconf 89' lang='lat' dir='ltr'><strong>est.</strong></span> <span class='ocrx_word' id='word_1_6' title='bbox 410 232 558 287; x_wconf 82' lang='lat' dir='ltr'><strong>Itaque</strong></span> <span class='ocrx_word' id='word_1_7' title='bbox 577 239 641 272; x_wconf 87' lang='lat' dir='ltr'><strong>tot</strong></span> <span class='ocrx_word' id='word_1_8' title='bbox 659 240 828 272; x_wconf 85' lang='lat' dir='ltr'><strong>vexatus</strong></span> <span class='ocrx_word' id='word_1_9' title='bbox 850 231 1174 283; x_wconf 83' lang='lat' dir='ltr'>calamitatibus,</span> <span class='ocrx_word' id='word_1_10' title='bbox 1194 232 1402 288; x_wconf 90' lang='lat' dir='ltr'><strong>tantisque</strong></span> <span class='ocrx_word' id='word_1_11' title='bbox 1421 230 1597 275; x_wconf 85' lang='lat' dir='ltr'><strong>miseriis</strong></span> <span class='ocrx_word' id='word_1_12' title='bbox 1619 233 1700 274; x_wconf 88' lang='lat' dir='ltr'><strong>cir-</strong></span> 
     </span>
     <span class='ocr_line' id='line_1_3' title="bbox 272 287 1699 374; baseline 0.001 -46"><span class='ocrx_word' id='word_1_13' title='bbox 272 288 514 330; x_wconf 84' lang='lat' dir='ltr'><strong>eumelusus</strong></span> <span class='ocrx_word' id='word_1_14' title='bbox 535 287 716 329; x_wconf 90' lang='lat' dir='ltr'><strong>hominis</strong></span> <span class='ocrx_word' id='word_1_15' title='bbox 737 288 915 337; x_wconf 86' lang='lat' dir='ltr'><strong>animus,</strong></span> <span class='ocrx_word' id='word_1_16' title='bbox 924 288 1040 374; x_wconf 83' lang='lat' dir='ltr'><strong>quid</strong></span> <span class='ocrx_word' id='word_1_17' title='bbox 1058 289 1294 343; x_wconf 85' lang='lat' dir='ltr'><strong>egregium,</strong></span> <span class='ocrx_word' id='word_1_18' title='bbox 1315 297 1387 329; x_wconf 90' lang='lat' dir='ltr'><strong>aut</strong></span> <span class='ocrx_word' id='word_1_19' title='bbox 1407 288 1607 331; x_wconf 88' lang='lat' dir='ltr'><strong>eximium</strong></span> <span class='ocrx_word' id='word_1_20' title='bbox 1628 304 1699 330; x_wconf 87' lang='lat' dir='ltr'><strong>su-</strong></span> 
     </span>
     <span class='ocr_line' id='line_1_4' title="bbox 270 344 1698 409; baseline 0.002 -25"><span class='ocrx_word' id='word_1_21' title='bbox 270 345 450 399; x_wconf 88' lang='lat' dir='ltr'><strong>scipere‚</strong></span> <span class='ocrx_word' id='word_1_22' title='bbox 465 352 538 385; x_wconf 86' lang='lat' dir='ltr'><strong>aut</strong></span> <span class='ocrx_word' id='word_1_23' title='bbox 557 345 743 399; x_wconf 84' lang='lat' dir='ltr'><strong>cogitare</strong></span> <span class='ocrx_word' id='word_1_24' title='bbox 764 345 936 399; x_wconf 87' lang='lat' dir='ltr'><strong>potest?</strong></span> <span class='ocrx_word' id='word_1_25' title='bbox 970 359 1140 394; x_wconf 78' lang='lat' dir='ltr'><strong>mirum,</strong></span> <span class='ocrx_word' id='word_1_26' title='bbox 1162 345 1204 386; x_wconf 92' lang='lat' dir='ltr'><strong>ni</strong></span> <span class='ocrx_word' id='word_1_27' title='bbox 1234 360 1322 386; x_wconf 88' lang='lat' dir='ltr'><strong>sese</strong></span> <span class='ocrx_word' id='word_1_28' title='bbox 1342 344 1526 409; x_wconf 77' lang='lat' dir='ltr'><strong>abjiciat,</strong></span> <span class='ocrx_word' id='word_1_29' title='bbox 1546 360 1594 387; x_wconf 89' lang='lat' dir='ltr'><strong>ac</strong></span> <span class='ocrx_word' id='word_1_30' title='bbox 1613 345 1698 387; x_wconf 89' lang='lat' dir='ltr'><strong>vel-</strong></span> 
     </span>
     <span class='ocr_line' id='line_1_5' title="bbox 270 399 1699 465; baseline 0.001 -24"><span class='ocrx_word' id='word_1_31' title='bbox 270 400 332 441; x_wconf 88' lang='lat' dir='ltr'><strong>uti</strong></span> <span class='ocrx_word' id='word_1_32' title='bbox 353 400 642 465; x_wconf 79' lang='lat' dir='ltr'><strong>desperatione</strong></span> <span class='ocrx_word' id='word_1_33' title='bbox 662 401 876 455; x_wconf 86' lang='lat' dir='ltr'><strong>pe1culsus</strong></span> <span class='ocrx_word' id='word_1_34' title='bbox 897 399 1016 440; x_wconf 89' lang='lat' dir='ltr'><strong>humi</strong></span> <span class='ocrx_word' id='word_1_35' title='bbox 1039 399 1194 455; x_wconf 91' lang='lat' dir='ltr'><strong>jaceat.</strong></span> <span class='ocrx_word' id='word_1_36' title='bbox 1253 402 1394 442; x_wconf 87' lang='lat' dir='ltr'><strong>Redeo</strong></span> <span class='ocrx_word' id='word_1_37' title='bbox 1424 401 1554 457; x_wconf 85' lang='lat' dir='ltr'><strong>igitur</strong></span> <span class='ocrx_word' id='word_1_38' title='bbox 1575 401 1628 443; x_wconf 87' lang='lat' dir='ltr'><strong>ad</strong></span> <span class='ocrx_word' id='word_1_39' title='bbox 1649 401 1699 443; x_wconf 89' lang='lat' dir='ltr'><strong>il-</strong></span> 
     </span>
     <span class='ocr_line' id='line_1_6' title="bbox 269 456 1699 513; baseline 0.001 -16"><span class='ocrx_word' id='word_1_40' title='bbox 269 456 358 506; x_wconf 88' lang='lat' dir='ltr'><strong>lud,</strong></span> <span class='ocrx_word' id='word_1_41' title='bbox 379 457 521 513; x_wconf 88' lang='lat' dir='ltr'><strong>quod&#39;</strong></span> <span class='ocrx_word' id='word_1_42' title='bbox 514 457 633 498; x_wconf 84' lang='lat' dir='ltr'><strong>mitio</strong></span> <span class='ocrx_word' id='word_1_43' title='bbox 657 457 756 507; x_wconf 83' lang='lat' dir='ltr'>dixi,</span> <span class='ocrx_word' id='word_1_44' title='bbox 777 456 986 496; x_wconf 88' lang='lat' dir='ltr'><strong>neminem</strong></span> <span class='ocrx_word' id='word_1_45' title='bbox 1008 470 1114 506; x_wconf 91' lang='lat' dir='ltr'><strong>esse,</strong></span> <span class='ocrx_word' id='word_1_46' title='bbox 1135 457 1206 512; x_wconf 88' lang='lat' dir='ltr'><strong>qui</strong></span> <span class='ocrx_word' id='word_1_47' title='bbox 1237 457 1429 512; x_wconf 88' lang='lat' dir='ltr'><strong>spiritum</strong></span> <span class='ocrx_word' id='word_1_48' title='bbox 1451 457 1592 508; x_wconf 84' lang='lat' dir='ltr'><strong>ducat,</strong></span> <span class='ocrx_word' id='word_1_49' title='bbox 1616 472 1699 499; x_wconf 89' lang='lat' dir='ltr'><strong>non</strong></span> 
     </span>
     <span class='ocr_line' id='line_1_7' title="bbox 270 512 1700 570; baseline 0.001 -17"><span class='ocrx_word' id='word_1_50' title='bbox 270 513 485 564; x_wconf 86' lang='lat' dir='ltr'><strong>miserum,</strong></span> <span class='ocrx_word' id='word_1_51' title='bbox 516 513 728 553; x_wconf 87' lang='lat' dir='ltr'><strong>neminem</strong></span> <span class='ocrx_word' id='word_1_52' title='bbox 759 526 851 553; x_wconf 88' lang='lat' dir='ltr'><strong>vere</strong></span> <span class='ocrx_word' id='word_1_53' title='bbox 881 512 1064 553; x_wconf 82' lang='lat' dir='ltr'><strong>felicem.</strong></span> <span class='ocrx_word' id='word_1_54' title='bbox 1095 527 1329 569; x_wconf 89' lang='lat' dir='ltr'><strong>parumque</strong></span> <span class='ocrx_word' id='word_1_55' title='bbox 1359 514 1525 569; x_wconf 82' lang='lat' dir='ltr'><strong>sapiunt</strong></span> <span class='ocrx_word' id='word_1_56' title='bbox 1555 514 1598 564; x_wconf 92' lang='lat' dir='ltr'><strong>ii,</strong></span> <span class='ocrx_word' id='word_1_57' title='bbox 1628 515 1700 570; x_wconf 89' lang='lat' dir='ltr'><strong>qui</strong></span> 
     </span>
     <span class='ocr_line' id='line_1_8' title="bbox 268 568 1700 622; baseline 0.001 -12"><span class='ocrx_word' id='word_1_58' title='bbox 268 569 486 611; x_wconf 88' lang='lat' dir='ltr'><strong>hominem</strong></span> <span class='ocrx_word' id='word_1_59' title='bbox 525 568 775 610; x_wconf 90' lang='lat' dir='ltr'><strong>luendorum</strong></span> <span class='ocrx_word' id='word_1_60' title='bbox 814 568 1020 609; x_wconf 89' lang='lat' dir='ltr'><strong>scelerum</strong></span> <span class='ocrx_word' id='word_1_61' title='bbox 1055 583 1182 610; x_wconf 89' lang='lat' dir='ltr'><strong>causa</strong></span> <span class='ocrx_word' id='word_1_62' title='bbox 1215 578 1375 620; x_wconf 85' lang='lat' dir='ltr'><strong>natum,</strong></span> <span class='ocrx_word' id='word_1_63' title='bbox 1412 571 1593 622; x_wconf 81' lang='lat' dir='ltr'><strong>felicem,</strong></span> <span class='ocrx_word' id='word_1_64' title='bbox 1626 579 1700 611; x_wconf 88' lang='lat' dir='ltr'><strong>aut</strong></span> 
     </span>
     <span class='ocr_line' id='line_1_9' title="bbox 269 625 1699 681; baseline 0.001 -15"><span class='ocrx_word' id='word_1_65' title='bbox 269 625 441 666; x_wconf 89' lang='lat' dir='ltr'><strong>beatum</strong></span> <span class='ocrx_word' id='word_1_66' title='bbox 478 625 634 667; x_wconf 85' lang='lat' dir='ltr'><strong>audent</strong></span> <span class='ocrx_word' id='word_1_67' title='bbox 674 625 903 665; x_wconf 85' lang='lat' dir='ltr'><strong>nominare.</strong></span> <span class='ocrx_word' id='word_1_68' title='bbox 945 632 1085 665; x_wconf 85' lang='lat' dir='ltr'><strong>nostra</strong></span> <span class='ocrx_word' id='word_1_69' title='bbox 1121 626 1247 675; x_wconf 88' lang='lat' dir='ltr'><strong>enim,</strong></span> <span class='ocrx_word' id='word_1_70' title='bbox 1284 641 1378 681; x_wconf 86' lang='lat' dir='ltr'><strong>quae</strong></span> <span class='ocrx_word' id='word_1_71' title='bbox 1414 626 1566 668; x_wconf 87' lang='lat' dir='ltr'><strong>dieitur</strong></span> <span class='ocrx_word' id='word_1_72' title='bbox 1602 627 1699 677; x_wconf 84' lang='lat' dir='ltr'><strong>vita,</strong></span> 
     </span>
     <span class='ocr_line' id='line_1_10' title="bbox 270 681 1699 746; baseline 0.001 -24"><span class='ocrx_word' id='word_1_73' title='bbox 270 696 384 722; x_wconf 88' lang='lat' dir='ltr'><strong>mors</strong></span> <span class='ocrx_word' id='word_1_74' title='bbox 414 691 504 722; x_wconf 89' lang='lat' dir='ltr'><strong>est:</strong></span> <span class='ocrx_word' id='word_1_75' title='bbox 536 695 610 721; x_wconf 90' lang='lat' dir='ltr'><strong>nec</strong></span> <span class='ocrx_word' id='word_1_76' title='bbox 641 696 845 744; x_wconf 89' lang='lat' dir='ltr'><strong>umquam</strong></span> <span class='ocrx_word' id='word_1_77' title='bbox 874 681 970 722; x_wconf 84' lang='lat' dir='ltr'><strong>vivit</strong></span> <span class='ocrx_word' id='word_1_78' title='bbox 1001 681 1179 746; x_wconf 82' lang='lat' dir='ltr'><strong>animus,</strong></span> <span class='ocrx_word' id='word_1_79' title='bbox 1203 682 1279 722; x_wconf 91' lang='lat' dir='ltr'><strong>nisi</strong></span> <span class='ocrx_word' id='word_1_80' title='bbox 1309 696 1515 745; x_wconf 85' lang='lat' dir='ltr'><strong>compage</strong></span> <span class='ocrx_word' id='word_1_81' title='bbox 1536 683 1699 724; x_wconf 88' lang='lat' dir='ltr'><strong>solutus</strong></span> 
     </span>
     <span class='ocr_line' id='line_1_11' title="bbox 269 738 1701 801; baseline 0.002 -24"><span class='ocrx_word' id='word_1_82' title='bbox 269 738 471 793; x_wconf 89' lang='lat' dir='ltr'><strong>corporis,</strong></span> <span class='ocrx_word' id='word_1_83' title='bbox 491 738 595 778; x_wconf 90' lang='lat' dir='ltr'><strong>liber</strong></span> <span class='ocrx_word' id='word_1_84' title='bbox 615 746 715 778; x_wconf 80' lang='lat' dir='ltr'><strong>aetei</strong></span> <span class='ocrx_word' id='word_1_85' title='bbox 720 746 847 778; x_wconf 81' lang='lat' dir='ltr'><strong>nitate</strong></span> <span class='ocrx_word' id='word_1_86' title='bbox 869 738 1067 792; x_wconf 81' lang='lat' dir='ltr'><strong>potiatur.</strong></span> <span class='ocrx_word' id='word_1_87' title='bbox 1089 738 1229 801; x_wconf 76' lang='lat' dir='ltr'><strong>itaque</strong></span> <span class='ocrx_word' id='word_1_88' title='bbox 1247 748 1426 779; x_wconf 89' lang='lat' dir='ltr'><strong>mortem</strong></span> <span class='ocrx_word' id='word_1_89' title='bbox 1450 753 1491 779; x_wconf 88' lang='lat' dir='ltr'><strong>m</strong></span> <span class='ocrx_word' id='word_1_90' title='bbox 1512 739 1701 781; x_wconf 87' lang='lat' dir='ltr'><strong>beneficii</strong></span> 
     </span>
     <span class='ocr_line' id='line_1_12' title="bbox 269 793 1700 849; baseline 0.001 -14"><span class='ocrx_word' id='word_1_91' title='bbox 269 794 365 835; x_wconf 90' lang='lat' dir='ltr'><strong>loco</strong></span> <span class='ocrx_word' id='word_1_92' title='bbox 397 794 596 835; x_wconf 90' lang='lat' dir='ltr'><strong>tributam</strong></span> <span class='ocrx_word' id='word_1_93' title='bbox 629 808 653 834; x_wconf 90' lang='lat' dir='ltr'><strong>a</strong></span> <span class='ocrx_word' id='word_1_94' title='bbox 673 793 767 834; x_wconf 87' lang='lat' dir='ltr'><strong>Diis</strong></span> <span class='ocrx_word' id='word_1_95' title='bbox 797 793 1139 834; x_wconf 84' lang='lat' dir='ltr'><strong>immor&#39;talibus</strong></span> <span class='ocrx_word' id='word_1_96' title='bbox 1131 809 1194 844; x_wconf 84' lang='lat' dir='ltr'><strong>ns,</strong></span> <span class='ocrx_word' id='word_1_97' title='bbox 1215 809 1320 849; x_wconf 90' lang='lat' dir='ltr'><strong>quos</strong></span> <span class='ocrx_word' id='word_1_98' title='bbox 1342 794 1523 835; x_wconf 81' lang='lat' dir='ltr'><strong>maxime</strong></span> <span class='ocrx_word' id='word_1_99' title='bbox 1542 795 1700 836; x_wconf 83' lang='lat' dir='ltr'><strong>dilexe-</strong></span> 
     </span>
     <span class='ocr_line' id='line_1_13' title="bbox 269 850 1699 905; baseline 0.001 -14"><span class='ocrx_word' id='word_1_100' title='bbox 269 859 379 900; x_wconf 85' lang='lat' dir='ltr'><strong>runt,</strong></span> <span class='ocrx_word' id='word_1_101' title='bbox 402 850 601 892; x_wconf 84' lang='lat' dir='ltr'><strong>traditum</strong></span> <span class='ocrx_word' id='word_1_102' title='bbox 620 859 709 890; x_wconf 86' lang='lat' dir='ltr'><strong>est.</strong></span> <span class='ocrx_word' id='word_1_103' title='bbox 742 860 802 899; x_wconf 90' lang='lat' dir='ltr'><strong>ut,</strong></span> <span class='ocrx_word' id='word_1_104' title='bbox 823 865 920 890; x_wconf 88' lang='lat' dir='ltr'><strong>cum</strong></span> <span class='ocrx_word' id='word_1_105' title='bbox 950 850 1172 891; x_wconf 83' lang='lat' dir='ltr'><strong>Herodoto</strong></span> <span class='ocrx_word' id='word_1_106' title='bbox 1201 860 1387 899; x_wconf 87' lang='lat' dir='ltr'><strong>auctore,</strong></span> <span class='ocrx_word' id='word_1_107' title='bbox 1406 850 1542 905; x_wconf 80' lang='lat' dir='ltr'><strong>Argia</strong></span> <span class='ocrx_word' id='word_1_108' title='bbox 1563 866 1699 892; x_wconf 88' lang='lat' dir='ltr'><strong>sacer-</strong></span> 
     </span>
     <span class='ocr_line' id='line_1_14' title="bbox 268 906 1702 962; baseline 0.002 -16"><span class='ocrx_word' id='word_1_109' title='bbox 268 906 359 956; x_wconf 90' lang='lat' dir='ltr'><strong>dos,</strong></span> <span class='ocrx_word' id='word_1_110' title='bbox 392 906 508 961; x_wconf 90' lang='lat' dir='ltr'><strong>quod</strong></span> <span class='ocrx_word' id='word_1_111' title='bbox 537 906 747 961; x_wconf 88' lang='lat' dir='ltr'><strong>optimum</strong></span> <span class='ocrx_word' id='word_1_112' title='bbox 780 906 873 946; x_wconf 87' lang='lat' dir='ltr'><strong>filiis</strong></span> <span class='ocrx_word' id='word_1_113' title='bbox 903 916 1027 956; x_wconf 84' lang='lat' dir='ltr'><strong>esset,</strong></span> <span class='ocrx_word' id='word_1_114' title='bbox 1057 922 1081 947; x_wconf 87' lang='lat' dir='ltr'><strong>a</strong></span> <span class='ocrx_word' id='word_1_115' title='bbox 1109 907 1204 947; x_wconf 89' lang='lat' dir='ltr'><strong>Dea</strong></span> <span class='ocrx_word' id='word_1_116' title='bbox 1234 916 1416 961; x_wconf 89' lang='lat' dir='ltr'><strong>precata,</strong></span> <span class='ocrx_word' id='word_1_117' title='bbox 1444 921 1517 948; x_wconf 92' lang='lat' dir='ltr'><strong>eos</strong></span> <span class='ocrx_word' id='word_1_118' title='bbox 1548 918 1702 962; x_wconf 77' lang='lat' dir='ltr'><strong>repent</strong></span> 
     </span>
     <span class='ocr_line' id='line_1_15' title="bbox 270 963 1701 1018; baseline 0.002 -16"><span class='ocrx_word' id='word_1_119' title='bbox 270 973 489 1012; x_wconf 86' lang='lat' dir='ltr'><strong>mortuos·</strong></span> <span class='ocrx_word' id='word_1_120' title='bbox 522 972 702 1002; x_wconf 88' lang='lat' dir='ltr'><strong>mortem</strong></span> <span class='ocrx_word' id='word_1_121' title='bbox 731 972 887 1011; x_wconf 85' lang='lat' dir='ltr'><strong>autem,</strong></span> <span class='ocrx_word' id='word_1_122' title='bbox 909 973 1124 1018; x_wconf 88' lang='lat' dir='ltr'><strong>tamquam</strong></span> <span class='ocrx_word' id='word_1_123' title='bbox 1145 964 1366 1018; x_wconf 81' lang='lat' dir='ltr'><strong>optimam,</strong></span> <span class='ocrx_word' id='word_1_124' title='bbox 1387 963 1466 1003; x_wconf 82' lang='lat' dir='ltr'><strong>illis</strong></span> <span class='ocrx_word' id='word_1_125' title='bbox 1488 977 1577 1004; x_wconf 85' lang='lat' dir='ltr'><strong>esse</strong></span> <span class='ocrx_word' id='word_1_126' title='bbox 1598 978 1701 1005; x_wconf 89' lang='lat' dir='ltr'><strong>con-</strong></span> 
     </span>
     <span class='ocr_line' id='line_1_16' title="bbox 269 993 1702 1076; baseline 0.001 -18"><span class='ocrx_word' id='word_1_127' title='bbox 269 1033 445 1059; x_wconf 83' lang='lat' dir='ltr'><strong>cessam.</strong></span> <span class='ocrx_word' id='word_1_128' title='bbox 480 1018 700 1059; x_wconf 85' lang='lat' dir='ltr'><strong>credamus</strong></span> <span class='ocrx_word' id='word_1_129' title='bbox 736 1033 834 1059; x_wconf 88' lang='lat' dir='ltr'><strong>sane</strong></span> <span class='ocrx_word' id='word_1_130' title='bbox 865 993 1056 1075; x_wconf 83' lang='lat' dir='ltr'><strong>Apollini</strong></span> <span class='ocrx_word' id='word_1_131' title='bbox 1087 1019 1315 1076; x_wconf 85' lang='lat' dir='ltr'><strong>Delphico,</strong></span> <span class='ocrx_word' id='word_1_132' title='bbox 1348 1020 1419 1075; x_wconf 89' lang='lat' dir='ltr'><strong>qui</strong></span> <span class='ocrx_word' id='word_1_133' title='bbox 1452 1028 1645 1060; x_wconf 83' lang='lat' dir='ltr'><strong>exoratus</strong></span> <span class='ocrx_word' id='word_1_134' title='bbox 1677 1034 1702 1061; x_wconf 86' lang='lat' dir='ltr'><strong>a</strong></span> 
     </span>
     <span class='ocr_line' id='line_1_17' title="bbox 269 1075 1699 1131; baseline 0.001 -16"><span class='ocrx_word' id='word_1_135' title='bbox 269 1075 530 1130; x_wconf 79' lang='lat' dir='ltr'><strong>Trophonio,</strong></span> <span class='ocrx_word' id='word_1_136' title='bbox 552 1084 595 1116; x_wconf 88' lang='lat' dir='ltr'><strong>et</strong></span> <span class='ocrx_word' id='word_1_137' title='bbox 616 1075 852 1130; x_wconf 84' lang='lat' dir='ltr'><strong>Agamede,</strong></span> <span class='ocrx_word' id='word_1_138' title='bbox 873 1089 897 1115; x_wconf 91' lang='lat' dir='ltr'><strong>a</strong></span> <span class='ocrx_word' id='word_1_139' title='bbox 917 1076 1069 1130; x_wconf 87' lang='lat' dir='ltr'><strong>quibus</strong></span> <span class='ocrx_word' id='word_1_140' title='bbox 1090 1076 1295 1131; x_wconf 88' lang='lat' dir='ltr'><strong>templum</strong></span> <span class='ocrx_word' id='word_1_141' title='bbox 1319 1091 1358 1116; x_wconf 89' lang='lat' dir='ltr'><strong>m</strong></span> <span class='ocrx_word' id='word_1_142' title='bbox 1365 1075 1541 1130; x_wconf 82' lang='lat' dir='ltr'><strong>agnifice</strong></span> <span class='ocrx_word' id='word_1_143' title='bbox 1564 1076 1699 1130; x_wconf 87' lang='lat' dir='ltr'><strong>Apol-</strong></span> 
     </span>
     <span class='ocr_line' id='line_1_18' title="bbox 269 1131 1701 1188; baseline 0.001 -17"><span class='ocrx_word' id='word_1_144' title='bbox 269 1131 342 1171; x_wconf 89' lang='lat' dir='ltr'><strong>lini</strong></span> <span class='ocrx_word' id='word_1_145' title='bbox 370 1131 676 1172; x_wconf 79' lang='lat' dir='ltr'><strong>exaedificatum</strong></span> <span class='ocrx_word' id='word_1_146' title='bbox 710 1131 890 1188; x_wconf 85' lang='lat' dir='ltr'><strong>Delphis</strong></span> <span class='ocrx_word' id='word_1_147' title='bbox 918 1140 1020 1181; x_wconf 87' lang='lat' dir='ltr'><strong>erat,</strong></span> <span class='ocrx_word' id='word_1_148' title='bbox 1042 1143 1104 1181; x_wconf 91' lang='lat' dir='ltr'><strong>ut,</strong></span> <span class='ocrx_word' id='word_1_149' title='bbox 1127 1132 1239 1187; x_wconf 83' lang='lat' dir='ltr'><strong>quod</strong></span> <span class='ocrx_word' id='word_1_150' title='bbox 1261 1142 1372 1172; x_wconf 89' lang='lat' dir='ltr'><strong>esset</strong></span> <span class='ocrx_word' id='word_1_151' title='bbox 1393 1131 1600 1186; x_wconf 87' lang='lat' dir='ltr'><strong>optimum</strong></span> <span class='ocrx_word' id='word_1_152' title='bbox 1622 1132 1701 1173; x_wconf 89' lang='lat' dir='ltr'><strong>ho-</strong></span> 
     </span>
     <span class='ocr_line' id='line_1_19' title="bbox 269 1187 1701 1243; baseline 0.001 -16"><span class='ocrx_word' id='word_1_153' title='bbox 269 1187 386 1238; x_wconf 85' lang='lat' dir='ltr'><strong>miui,</strong></span> <span class='ocrx_word' id='word_1_154' title='bbox 417 1188 646 1228; x_wconf 71' lang='lat' dir='ltr'><strong>tribueret:</strong></span> <span class='ocrx_word' id='word_1_155' title='bbox 686 1196 781 1243; x_wconf 89' lang='lat' dir='ltr'><strong>post</strong></span> <span class='ocrx_word' id='word_1_156' title='bbox 810 1188 920 1228; x_wconf 83' lang='lat' dir='ltr'><strong>diem</strong></span> <span class='ocrx_word' id='word_1_157' title='bbox 953 1188 1122 1228; x_wconf 88' lang='lat' dir='ltr'><strong>tertium</strong></span> <span class='ocrx_word' id='word_1_158' title='bbox 1164 1190 1375 1229; x_wconf 82' lang='lat' dir='ltr'><strong>exanimes</strong></span> <span class='ocrx_word' id='word_1_159' title='bbox 1406 1199 1505 1228; x_wconf 88' lang='lat' dir='ltr'><strong>sunt</strong></span> <span class='ocrx_word' id='word_1_160' title='bbox 1534 1188 1701 1230; x_wconf 57' lang='grc' dir='ltr'><strong>ἱηιεηῖί.</strong></span> 
     </span>
     <span class='ocr_line' id='line_1_20' title="bbox 269 1244 1700 1299; baseline 0.001 -16"><span class='ocrx_word' id='word_1_161' title='bbox 269 1258 355 1299; x_wconf 91' lang='lat' dir='ltr'><strong>quo</strong></span> <span class='ocrx_word' id='word_1_162' title='bbox 376 1258 548 1285; x_wconf 87' lang='lat' dir='ltr'><strong>munere</strong></span> <span class='ocrx_word' id='word_1_163' title='bbox 563 1244 767 1299; x_wconf 84' lang='lat' dir='ltr'><strong>judicavit</strong></span> <span class='ocrx_word' id='word_1_164' title='bbox 787 1245 921 1293; x_wconf 88' lang='lat' dir='ltr'><strong>Deus,</strong></span> <span class='ocrx_word' id='word_1_165' title='bbox 943 1254 985 1284; x_wconf 90' lang='lat' dir='ltr'><strong>et</strong></span> <span class='ocrx_word' id='word_1_166' title='bbox 1013 1245 1164 1284; x_wconf 90' lang='lat' dir='ltr'><strong>Deus</strong></span> <span class='ocrx_word' id='word_1_167' title='bbox 1156 1259 1203 1294; x_wconf 91' lang='lat' dir='ltr'><strong>1s,</strong></span> <span class='ocrx_word' id='word_1_168' title='bbox 1225 1245 1291 1285; x_wconf 92' lang='lat' dir='ltr'><strong>cui</strong></span> <span class='ocrx_word' id='word_1_169' title='bbox 1320 1244 1583 1285; x_wconf 84' lang='lat' dir='ltr'><strong>divinationis</strong></span> <span class='ocrx_word' id='word_1_170' title='bbox 1605 1258 1700 1299; x_wconf 85' lang='lat' dir='ltr'><strong>par-</strong></span> 
     </span>
     <span class='ocr_line' id='line_1_21' title="bbox 269 1300 1701 1364; baseline 0.001 -24"><span class='ocrx_word' id='word_1_171' title='bbox 269 1308 330 1340; x_wconf 90' lang='lat' dir='ltr'><strong>tes</strong></span> <span class='ocrx_word' id='word_1_172' title='bbox 361 1315 385 1340; x_wconf 91' lang='lat' dir='ltr'><strong>a</strong></span> <span class='ocrx_word' id='word_1_173' title='bbox 415 1300 583 1364; x_wconf 80' lang='lat' dir='ltr'><strong>reliquis</strong></span> <span class='ocrx_word' id='word_1_174' title='bbox 614 1301 692 1342; x_wconf 89' lang='lat' dir='ltr'><strong>diis</strong></span> <span class='ocrx_word' id='word_1_175' title='bbox 723 1310 819 1342; x_wconf 89' lang='lat' dir='ltr'><strong>sunt</strong></span> <span class='ocrx_word' id='word_1_176' title='bbox 841 1300 1012 1351; x_wconf 85' lang='lat' dir='ltr'><strong>relictae,</strong></span> <span class='ocrx_word' id='word_1_177' title='bbox 1034 1311 1214 1341; x_wconf 88' lang='lat' dir='ltr'><strong>mortem</strong></span> <span class='ocrx_word' id='word_1_178' title='bbox 1239 1300 1402 1342; x_wconf 89' lang='lat' dir='ltr'><strong>homini</strong></span> <span class='ocrx_word' id='word_1_179' title='bbox 1422 1300 1613 1342; x_wconf 90' lang='lat' dir='ltr'><strong>omnium</strong></span> <span class='ocrx_word' id='word_1_180' title='bbox 1636 1315 1701 1341; x_wconf 90' lang='lat' dir='ltr'><strong>re-</strong></span> 
     </span>
     <span class='ocr_line' id='line_1_22' title="bbox 269 1355 1699 1412; baseline 0.001 -16"><span class='ocrx_word' id='word_1_181' title='bbox 269 1371 362 1396; x_wconf 74' lang='lat' dir='ltr'><strong>ium</strong></span> <span class='ocrx_word' id='word_1_182' title='bbox 383 1371 472 1397; x_wconf 89' lang='lat' dir='ltr'><strong>esse</strong></span> <span class='ocrx_word' id='word_1_183' title='bbox 493 1358 726 1412; x_wconf 84' lang='lat' dir='ltr'><strong>optimam:</strong></span> <span class='ocrx_word' id='word_1_184' title='bbox 758 1357 899 1412; x_wconf 86' lang='lat' dir='ltr'><strong>itaque</strong></span> <span class='ocrx_word' id='word_1_185' title='bbox 924 1357 1160 1398; x_wconf 80' lang='lat' dir='ltr'><strong>excutiatur</strong></span> <span class='ocrx_word' id='word_1_186' title='bbox 1181 1355 1286 1412; x_wconf 89' lang='lat' dir='ltr'><strong>jam,</strong></span> <span class='ocrx_word' id='word_1_187' title='bbox 1308 1367 1349 1398; x_wconf 86' lang='lat' dir='ltr'><strong>et</strong></span> <span class='ocrx_word' id='word_1_188' title='bbox 1378 1357 1579 1398; x_wconf 86' lang='lat' dir='ltr'><strong>evellatur</strong></span> <span class='ocrx_word' id='word_1_189' title='bbox 1603 1357 1699 1398; x_wconf 84' lang='lat' dir='ltr'><strong>fun-</strong></span> 
     </span>
     <span class='ocr_line' id='line_1_23' title="bbox 268 1412 1699 1469; baseline 0.001 -17"><span class='ocrx_word' id='word_1_190' title='bbox 268 1412 380 1453; x_wconf 90' lang='lat' dir='ltr'><strong>ditus</strong></span> <span class='ocrx_word' id='word_1_191' title='bbox 401 1413 506 1453; x_wconf 72' lang='lat' dir='ltr'><strong>falsa</strong></span> <span class='ocrx_word' id='word_1_192' title='bbox 525 1413 596 1454; x_wconf 91' lang='lat' dir='ltr'><strong>illa</strong></span> <span class='ocrx_word' id='word_1_193' title='bbox 616 1414 847 1454; x_wconf 89' lang='lat' dir='ltr'><strong>multorum</strong></span> <span class='ocrx_word' id='word_1_194' title='bbox 871 1414 1029 1468; x_wconf 89' lang='lat' dir='ltr'><strong>opinio,</strong></span> <span class='ocrx_word' id='word_1_195' title='bbox 1051 1413 1202 1454; x_wconf 87' lang='lat' dir='ltr'><strong>malam</strong></span> <span class='ocrx_word' id='word_1_196' title='bbox 1225 1428 1315 1454; x_wconf 89' lang='lat' dir='ltr'><strong>esse</strong></span> <span class='ocrx_word' id='word_1_197' title='bbox 1334 1423 1543 1454; x_wconf 87' lang='lat' dir='ltr'><strong>mortcm:</strong></span> <span class='ocrx_word' id='word_1_198' title='bbox 1567 1428 1699 1469; x_wconf 88' lang='lat' dir='ltr'><strong>quan-</strong></span> 
     </span>
     <span class='ocr_line' id='line_1_24' title="bbox 268 1468 1702 1532; baseline 0.002 -24"><span class='ocrx_word' id='word_1_199' title='bbox 268 1468 514 1532; x_wconf 82' lang='lat' dir='ltr'><strong>doquidem,</strong></span> <span class='ocrx_word' id='word_1_200' title='bbox 537 1469 599 1510; x_wconf 90' lang='lat' dir='ltr'><strong>vel</strong></span> <span class='ocrx_word' id='word_1_201' title='bbox 623 1470 798 1511; x_wconf 88' lang='lat' dir='ltr'><strong>deorum</strong></span> <span class='ocrx_word' id='word_1_202' title='bbox 821 1470 1001 1525; x_wconf 88' lang='lat' dir='ltr'><strong>judicio,</strong></span> <span class='ocrx_word' id='word_1_203' title='bbox 1021 1485 1104 1511; x_wconf 88' lang='lat' dir='ltr'><strong>non</strong></span> <span class='ocrx_word' id='word_1_204' title='bbox 1133 1469 1262 1510; x_wconf 90' lang='lat' dir='ltr'><strong>modo</strong></span> <span class='ocrx_word' id='word_1_205' title='bbox 1293 1470 1404 1510; x_wconf 89' lang='lat' dir='ltr'><strong>mala</strong></span> <span class='ocrx_word' id='word_1_206' title='bbox 1426 1484 1509 1510; x_wconf 88' lang='lat' dir='ltr'><strong>non</strong></span> <span class='ocrx_word' id='word_1_207' title='bbox 1530 1480 1608 1520; x_wconf 85' lang='lat' dir='ltr'><strong>est,</strong></span> <span class='ocrx_word' id='word_1_208' title='bbox 1628 1469 1702 1511; x_wconf 85' lang='lat' dir='ltr'><strong>sed</strong></span> 
     </span>
     <span class='ocr_line' id='line_1_25' title="bbox 268 1525 1701 1590; baseline 0.001 -25"><span class='ocrx_word' id='word_1_209' title='bbox 268 1525 457 1565; x_wconf 89' lang='lat' dir='ltr'><strong>omnium</strong></span> <span class='ocrx_word' id='word_1_210' title='bbox 485 1540 622 1567; x_wconf 90' lang='lat' dir='ltr'><strong>rerum</strong></span> <span class='ocrx_word' id='word_1_211' title='bbox 645 1526 819 1580; x_wconf 87' lang='lat' dir='ltr'><strong>optima,</strong></span> <span class='ocrx_word' id='word_1_212' title='bbox 841 1537 883 1566; x_wconf 91' lang='lat' dir='ltr'><strong>et</strong></span> <span class='ocrx_word' id='word_1_213' title='bbox 915 1526 1107 1566; x_wconf 89' lang='lat' dir='ltr'><strong>omnium</strong></span> <span class='ocrx_word' id='word_1_214' title='bbox 1136 1540 1375 1576; x_wconf 88' lang='lat' dir='ltr'><strong>munerum,</strong></span> <span class='ocrx_word' id='word_1_215' title='bbox 1398 1541 1493 1581; x_wconf 89' lang='lat' dir='ltr'><strong>quae</strong></span> <span class='ocrx_word' id='word_1_216' title='bbox 1515 1526 1701 1590; x_wconf 80' lang='lat' dir='ltr'><strong>humano</strong></span> 
     </span>
     <span class='ocr_line' id='line_1_26' title="bbox 265 1581 1701 1645; baseline 0.001 -24"><span class='ocrx_word' id='word_1_217' title='bbox 265 1582 412 1635; x_wconf 84' lang='lat' dir='ltr'><strong>generi</strong></span> <span class='ocrx_word' id='word_1_218' title='bbox 432 1581 520 1622; x_wconf 87' lang='lat' dir='ltr'><strong>dari</strong></span> <span class='ocrx_word' id='word_1_219' title='bbox 542 1591 732 1645; x_wconf 84' lang='lat' dir='ltr'><strong>possunt,</strong></span> <span class='ocrx_word' id='word_1_220' title='bbox 751 1582 1106 1636; x_wconf 86' lang='lat' dir='ltr'><strong>praestantissima.</strong></span> <span class='ocrx_word' id='word_1_221' title='bbox 1130 1582 1352 1637; x_wconf 78' lang='lat' dir='ltr'><strong>praeclare·</strong></span> <span class='ocrx_word' id='word_1_222' title='bbox 1386 1597 1482 1622; x_wconf 86' lang='lat' dir='ltr'><strong>nam</strong></span> <span class='ocrx_word' id='word_1_223' title='bbox 1514 1591 1556 1623; x_wconf 92' lang='lat' dir='ltr'><strong>et</strong></span> <span class='ocrx_word' id='word_1_224' title='bbox 1576 1582 1701 1623; x_wconf 87' lang='lat' dir='ltr'><strong>mise-</strong></span> 
     </span>
     <span class='ocr_line' id='line_1_27' title="bbox 267 1634 1701 1693; baseline 0.001 -15"><span class='ocrx_word' id='word_1_225' title='bbox 267 1638 421 1678; x_wconf 86' lang='lat' dir='ltr'><strong>riarum</strong></span> <span class='ocrx_word' id='word_1_226' title='bbox 441 1638 647 1687; x_wconf 82' lang='lat' dir='ltr'><strong>omnium,</strong></span> <span class='ocrx_word' id='word_1_227' title='bbox 670 1653 772 1693; x_wconf 88' lang='lat' dir='ltr'><strong>quas</strong></span> <span class='ocrx_word' id='word_1_228' title='bbox 801 1639 982 1679; x_wconf 77' lang='lat' dir='ltr'><strong>viventes</strong></span> <span class='ocrx_word' id='word_1_229' title='bbox 1003 1634 1268 1693; x_wconf 82' lang='lat' dir='ltr'><strong>pertulimus,</strong></span> <span class='ocrx_word' id='word_1_230' title='bbox 1289 1638 1379 1678; x_wconf 83' lang='lat' dir='ltr'><strong>finis</strong></span> <span class='ocrx_word' id='word_1_231' title='bbox 1399 1648 1462 1679; x_wconf 89' lang='lat' dir='ltr'><strong>est</strong></span> <span class='ocrx_word' id='word_1_232' title='bbox 1483 1638 1526 1679; x_wconf 88' lang='lat' dir='ltr'><strong>in</strong></span> <span class='ocrx_word' id='word_1_233' title='bbox 1549 1648 1701 1689; x_wconf 87' lang='lat' dir='ltr'><strong>morte,</strong></span> 
     </span>
     <span class='ocr_line' id='line_1_28' title="bbox 267 1694 1698 1750; baseline 0.001 -16"><span class='ocrx_word' id='word_1_234' title='bbox 267 1703 310 1734; x_wconf 88' lang='lat' dir='ltr'><strong>et</strong></span> <span class='ocrx_word' id='word_1_235' title='bbox 328 1694 473 1734; x_wconf 85' lang='lat' dir='ltr'><strong>vitatio</strong></span> <span class='ocrx_word' id='word_1_236' title='bbox 501 1694 784 1744; x_wconf 83' lang='lat' dir='ltr'><strong>futurarum,</strong></span> <span class='ocrx_word' id='word_1_237' title='bbox 776 1710 816 1735; x_wconf 79' lang='lat'><strong>111</strong></span> <span class='ocrx_word' id='word_1_238' title='bbox 838 1709 939 1750; x_wconf 85' lang='lat' dir='ltr'><strong>quas</strong></span> <span class='ocrx_word' id='word_1_239' title='bbox 961 1694 1276 1750; x_wconf 81' lang='lat' dir='ltr'><strong>progredientes</strong></span> <span class='ocrx_word' id='word_1_240' title='bbox 1304 1695 1346 1735; x_wconf 84' lang='lat' dir='ltr'><strong>in</strong></span> <span class='ocrx_word' id='word_1_241' title='bbox 1367 1694 1449 1736; x_wconf 85' lang='lat' dir='ltr'><strong>vita</strong></span> <span class='ocrx_word' id='word_1_242' title='bbox 1468 1694 1698 1736; x_wconf 83' lang='lat' dir='ltr'><strong>incurrunt.</strong></span> 
     </span>
     <span class='ocr_line' id='line_1_29' title="bbox 266 1750 1697 1815; baseline 0.001 -24"><span class='ocrx_word' id='word_1_243' title='bbox 266 1750 471 1791; x_wconf 87' lang='lat' dir='ltr'><strong>docemur</strong></span> <span class='ocrx_word' id='word_1_244' title='bbox 500 1750 611 1791; x_wconf 87' lang='lat' dir='ltr'><strong>enim</strong></span> <span class='ocrx_word' id='word_1_245' title='bbox 633 1751 847 1815; x_wconf 80' lang='lat' dir='ltr'><strong>exemplis,</strong></span> <span class='ocrx_word' id='word_1_246' title='bbox 868 1766 893 1791; x_wconf 89' lang='lat' dir='ltr'><strong>a</strong></span> <span class='ocrx_word' id='word_1_247' title='bbox 914 1751 1216 1806; x_wconf 85' lang='lat' dir='ltr'><strong>propagatione</strong></span> <span class='ocrx_word' id='word_1_248' title='bbox 1235 1751 1344 1801; x_wconf 85' lang='lat' dir='ltr'><strong>vitae,</strong></span> <span class='ocrx_word' id='word_1_249' title='bbox 1367 1751 1600 1805; x_wconf 87' lang='lat' dir='ltr'><strong>permultos</strong></span> <span class='ocrx_word' id='word_1_250' title='bbox 1621 1765 1697 1806; x_wconf 92' lang='lat' dir='ltr'><strong>op-</strong></span> 
     </span>
     <span class='ocr_line' id='line_1_30' title="bbox 266 1806 1699 1857; baseline 0.001 -10"><span class='ocrx_word' id='word_1_251' title='bbox 266 1806 408 1857; x_wconf 88' lang='lat' dir='ltr'><strong>timos,</strong></span> <span class='ocrx_word' id='word_1_252' title='bbox 429 1816 471 1847; x_wconf 90' lang='lat' dir='ltr'><strong>et</strong></span> <span class='ocrx_word' id='word_1_253' title='bbox 501 1807 753 1848; x_wconf 87' lang='lat' dir='ltr'><strong>fortissimos</strong></span> <span class='ocrx_word' id='word_1_254' title='bbox 775 1822 883 1848; x_wconf 81' lang='lat' dir='ltr'><strong>clves</strong></span> <span class='ocrx_word' id='word_1_255' title='bbox 914 1807 1177 1848; x_wconf 86' lang='lat' dir='ltr'><strong>incredibiles</strong></span> <span class='ocrx_word' id='word_1_256' title='bbox 1208 1807 1395 1848; x_wconf 87' lang='lat' dir='ltr'><strong>hausisse</strong></span> <span class='ocrx_word' id='word_1_257' title='bbox 1424 1807 1699 1849; x_wconf 84' lang='lat' dir='ltr'><strong>calamitates</strong></span> 
     </span>
     <span class='ocr_line' id='line_1_31' title="bbox 265 1862 1701 1919; baseline 0.001 -16"><span class='ocrx_word' id='word_1_258' title='bbox 265 1862 534 1904; x_wconf 86' lang='lat' dir='ltr'><strong>immerentes</strong></span> <span class='ocrx_word' id='word_1_259' title='bbox 555 1863 706 1904; x_wconf 86' lang='lat' dir='ltr'><strong>dixerit</strong></span> <span class='ocrx_word' id='word_1_260' title='bbox 725 1864 903 1919; x_wconf 87' lang='lat' dir='ltr'><strong>aliquis·</strong></span> <span class='ocrx_word' id='word_1_261' title='bbox 893 1894 904 1914; x_wconf 89' lang='lat'><strong>,</strong></span> <span class='ocrx_word' id='word_1_262' title='bbox 937 1878 1042 1919; x_wconf 85' lang='lat' dir='ltr'><strong>ergo</strong></span> <span class='ocrx_word' id='word_1_263' title='bbox 1064 1879 1148 1905; x_wconf 91' lang='lat' dir='ltr'><strong>non</strong></span> <span class='ocrx_word' id='word_1_264' title='bbox 1170 1873 1268 1905; x_wconf 92' lang='lat' dir='ltr'><strong>sunt</strong></span> <span class='ocrx_word' id='word_1_265' title='bbox 1288 1864 1330 1905; x_wconf 91' lang='lat' dir='ltr'><strong>in</strong></span> <span class='ocrx_word' id='word_1_266' title='bbox 1350 1863 1524 1904; x_wconf 88' lang='lat' dir='ltr'><strong>miseriis</strong></span> <span class='ocrx_word' id='word_1_267' title='bbox 1542 1878 1701 1918; x_wconf 88' lang='lat' dir='ltr'><strong>ponen-</strong></span> 
     </span>
     <span class='ocr_line' id='line_1_32' title="bbox 265 1918 1700 1975; baseline 0.002 -16"><span class='ocrx_word' id='word_1_268' title='bbox 265 1918 345 1960; x_wconf 88' lang='lat' dir='ltr'><strong>dae.</strong></span> <span class='ocrx_word' id='word_1_269' title='bbox 368 1919 471 1960; x_wconf 87' lang='lat' dir='ltr'><strong>nihil</strong></span> <span class='ocrx_word' id='word_1_270' title='bbox 491 1920 603 1961; x_wconf 88' lang='lat' dir='ltr'><strong>enim</strong></span> <span class='ocrx_word' id='word_1_271' title='bbox 625 1919 841 1970; x_wconf 89' lang='lat' dir='ltr'><strong>miserum,</strong></span> <span class='ocrx_word' id='word_1_272' title='bbox 861 1920 977 1975; x_wconf 87' lang='lat' dir='ltr'><strong>quod</strong></span> <span class='ocrx_word' id='word_1_273' title='bbox 997 1935 1080 1961; x_wconf 86' lang='lat' dir='ltr'><strong>non</strong></span> <span class='ocrx_word' id='word_1_274' title='bbox 1100 1920 1226 1975; x_wconf 88' lang='lat' dir='ltr'><strong>culpa</strong></span> <span class='ocrx_word' id='word_1_275' title='bbox 1245 1930 1524 1962; x_wconf 87' lang='lat' dir='ltr'><strong>contractum.</strong></span> <span class='ocrx_word' id='word_1_276' title='bbox 1545 1920 1598 1962; x_wconf 92' lang='lat' dir='ltr'><strong>de</strong></span> <span class='ocrx_word' id='word_1_277' title='bbox 1618 1920 1700 1962; x_wconf 91' lang='lat' dir='ltr'><strong>hoc</strong></span> 
     </span>
     <span class='ocr_line' id='line_1_33' title="bbox 265 1975 1698 2032; baseline 0.002 -16"><span class='ocrx_word' id='word_1_278' title='bbox 265 1975 366 2016; x_wconf 90' lang='lat' dir='ltr'><strong>alias</strong></span> <span class='ocrx_word' id='word_1_279' title='bbox 388 1975 632 2017; x_wconf 81' lang='lat' dir='ltr'><strong>viderimus:</strong></span> <span class='ocrx_word' id='word_1_280' title='bbox 656 1976 729 2017; x_wconf 87' lang='lat' dir='ltr'><strong>sed</strong></span> <span class='ocrx_word' id='word_1_281' title='bbox 748 1976 1007 2017; x_wconf 87' lang='lat' dir='ltr'><strong>calamitates</strong></span> <span class='ocrx_word' id='word_1_282' title='bbox 1027 1991 1096 2017; x_wconf 75' lang='lat' dir='ltr'><strong>cei</strong></span> <span class='ocrx_word' id='word_1_283' title='bbox 1099 1986 1140 2018; x_wconf 92' lang='lat' dir='ltr'><strong>te</strong></span> <span class='ocrx_word' id='word_1_284' title='bbox 1162 1977 1348 2018; x_wconf 86' lang='lat' dir='ltr'><strong>fuerunt:</strong></span> <span class='ocrx_word' id='word_1_285' title='bbox 1373 1991 1549 2032; x_wconf 87' lang='lat' dir='ltr'><strong>quarum</strong></span> <span class='ocrx_word' id='word_1_286' title='bbox 1571 1976 1698 2019; x_wconf 88' lang='lat' dir='ltr'><strong>etiam</strong></span> 
     </span>
     <span class='ocr_line' id='line_1_34' title="bbox 264 2032 1700 2088; baseline 0.001 -16"><span class='ocrx_word' id='word_1_287' title='bbox 264 2032 389 2073; x_wconf 88' lang='lat' dir='ltr'><strong>unica</strong></span> <span class='ocrx_word' id='word_1_288' title='bbox 403 2033 624 2087; x_wconf 83' lang='lat' dir='ltr'><strong>cogitatio,</strong></span> <span class='ocrx_word' id='word_1_289' title='bbox 641 2047 735 2087; x_wconf 85' lang='lat' dir='ltr'><strong>quoe</strong></span> <span class='ocrx_word' id='word_1_290' title='bbox 753 2033 1031 2088; x_wconf 78' lang='lat' dir='ltr'><strong>praetervolat,</strong></span> <span class='ocrx_word' id='word_1_291' title='bbox 1048 2044 1091 2074; x_wconf 92' lang='lat' dir='ltr'><strong>et</strong></span> <span class='ocrx_word' id='word_1_292' title='bbox 1109 2033 1271 2088; x_wconf 86' lang='lat' dir='ltr'><strong>effugit,</strong></span> <span class='ocrx_word' id='word_1_293' title='bbox 1290 2048 1372 2074; x_wconf 88' lang='lat' dir='ltr'><strong>non</strong></span> <span class='ocrx_word' id='word_1_294' title='bbox 1393 2032 1523 2074; x_wconf 86' lang='lat' dir='ltr'><strong>modo</strong></span> <span class='ocrx_word' id='word_1_295' title='bbox 1540 2047 1700 2084; x_wconf 87' lang='lat' dir='ltr'><strong>sensus,</strong></span> 
     </span>
     <span class='ocr_line' id='line_1_35' title="bbox 266 2088 1701 2153; baseline 0.001 -25"><span class='ocrx_word' id='word_1_296' title='bbox 266 2088 338 2143; x_wconf 91' lang='lat' dir='ltr'><strong>qui</strong></span> <span class='ocrx_word' id='word_1_297' title='bbox 360 2089 527 2143; x_wconf 88' lang='lat' dir='ltr'><strong>corpori</strong></span> <span class='ocrx_word' id='word_1_298' title='bbox 549 2088 706 2129; x_wconf 87' lang='lat' dir='ltr'><strong>firmius</strong></span> <span class='ocrx_word' id='word_1_299' title='bbox 736 2089 927 2153; x_wconf 75' lang='lat' dir='ltr'><strong>inhaeret,</strong></span> <span class='ocrx_word' id='word_1_300' title='bbox 957 2089 1195 2130; x_wconf 87' lang='lat' dir='ltr'><strong>acerbitatis</strong></span> <span class='ocrx_word' id='word_1_301' title='bbox 1227 2089 1354 2130; x_wconf 88' lang='lat' dir='ltr'><strong>habet</strong></span> <span class='ocrx_word' id='word_1_302' title='bbox 1384 2089 1627 2144; x_wconf 89' lang='lat' dir='ltr'><strong>plurimum.</strong></span> <span class='ocrx_word' id='word_1_303' title='bbox 1649 2103 1701 2131; x_wconf 85' lang='lat' dir='ltr'><strong>ex</strong></span> 
     </span>
     <span class='ocr_line' id='line_1_36' title="bbox 265 2145 1700 2210; baseline 0.001 -26"><span class='ocrx_word' id='word_1_304' title='bbox 265 2159 351 2199; x_wconf 90' lang='lat' dir='ltr'><strong>quo</strong></span> <span class='ocrx_word' id='word_1_305' title='bbox 373 2159 465 2185; x_wconf 88' lang='lat' dir='ltr'><strong>vere</strong></span> <span class='ocrx_word' id='word_1_306' title='bbox 484 2145 629 2200; x_wconf 85' lang='lat' dir='ltr'><strong>colligi</strong></span> <span class='ocrx_word' id='word_1_307' title='bbox 650 2154 804 2199; x_wconf 85' lang='lat' dir='ltr'><strong>potest,</strong></span> <span class='ocrx_word' id='word_1_308' title='bbox 822 2146 1029 2201; x_wconf 86' lang='lat' dir='ltr'><strong>sapienter</strong></span> <span class='ocrx_word' id='word_1_309' title='bbox 1048 2146 1195 2186; x_wconf 65' lang='lat' dir='ltr'><strong>iecisse</strong></span> <span class='ocrx_word' id='word_1_310' title='bbox 1216 2146 1412 2195; x_wconf 88' lang='lat' dir='ltr'><strong>Thraces,</strong></span> <span class='ocrx_word' id='word_1_311' title='bbox 1434 2145 1521 2210; x_wconf 71' lang='lat' dir='ltr'><strong>qui,</strong></span> <span class='ocrx_word' id='word_1_312' title='bbox 1540 2146 1574 2186; x_wconf 90' lang='lat' dir='ltr'><strong>si</strong></span> <span class='ocrx_word' id='word_1_313' title='bbox 1607 2147 1700 2186; x_wconf 91' lang='lat' dir='ltr'><strong>He-</strong></span> 
     </span>
     <span class='ocr_line' id='line_1_37' title="bbox 264 2200 1700 2256; baseline 0.001 -16"><span class='ocrx_word' id='word_1_314' title='bbox 264 2200 418 2242; x_wconf 88' lang='lat' dir='ltr'><strong>rodoto</strong></span> <span class='ocrx_word' id='word_1_315' title='bbox 439 2201 664 2249; x_wconf 89' lang='lat' dir='ltr'><strong>credimus,</strong></span> <span class='ocrx_word' id='word_1_316' title='bbox 684 2202 951 2243; x_wconf 89' lang='lat' dir='ltr'><strong>nascentibus</strong></span> <span class='ocrx_word' id='word_1_317' title='bbox 978 2202 1120 2243; x_wconf 89' lang='lat' dir='ltr'><strong>liberis</strong></span> <span class='ocrx_word' id='word_1_318' title='bbox 1149 2202 1308 2256; x_wconf 84' lang='lat' dir='ltr'><strong>lugere,</strong></span> <span class='ocrx_word' id='word_1_319' title='bbox 1331 2201 1606 2243; x_wconf 89' lang='lat' dir='ltr'><strong>morientibus</strong></span> <span class='ocrx_word' id='word_1_320' title='bbox 1625 2201 1700 2242; x_wconf 88' lang='lat' dir='ltr'><strong>lae-</strong></span> 
     </span>
     <span class='ocr_line' id='line_1_38' title="bbox 264 2256 1701 2309; baseline 0.002 -12"><span class='ocrx_word' id='word_1_321' title='bbox 264 2257 342 2297; x_wconf 87' lang='lat' dir='ltr'><strong>tari</strong></span> <span class='ocrx_word' id='word_1_322' title='bbox 363 2256 569 2298; x_wconf 89' lang='lat' dir='ltr'><strong>solebant</strong></span> <span class='ocrx_word' id='word_1_323' title='bbox 592 2258 750 2299; x_wconf 86' lang='lat' dir='ltr'><strong>exitum</strong></span> <span class='ocrx_word' id='word_1_324' title='bbox 773 2259 965 2300; x_wconf 85' lang='lat' dir='ltr'><strong>videlicet</strong></span> <span class='ocrx_word' id='word_1_325' title='bbox 996 2258 1103 2309; x_wconf 86' lang='lat' dir='ltr'><strong>vitae,</strong></span> <span class='ocrx_word' id='word_1_326' title='bbox 1125 2268 1175 2299; x_wconf 90' lang='lat' dir='ltr'><strong>ut</strong></span> <span class='ocrx_word' id='word_1_327' title='bbox 1205 2258 1465 2299; x_wconf 88' lang='lat' dir='ltr'><strong>miseriarum</strong></span> <span class='ocrx_word' id='word_1_328' title='bbox 1496 2257 1635 2308; x_wconf 89' lang='lat' dir='ltr'><strong>finem,</strong></span> <span class='ocrx_word' id='word_1_329' title='bbox 1657 2266 1701 2300; x_wconf 86' lang='lat' dir='ltr'><strong>et</strong></span> 
     </span>
     <span class='ocr_line' id='line_1_39' title="bbox 265 2313 1699 2380; baseline 0.002 -27"><span class='ocrx_word' id='word_1_330' title='bbox 265 2313 416 2368; x_wconf 90' lang='lat' dir='ltr'><strong>quietis</strong></span> <span class='ocrx_word' id='word_1_331' title='bbox 448 2323 634 2368; x_wconf 88' lang='lat' dir='ltr'><strong>portum,</strong></span> <span class='ocrx_word' id='word_1_332' title='bbox 666 2315 925 2380; x_wconf 87' lang='lat' dir='ltr'><strong>probabant:</strong></span> <span class='ocrx_word' id='word_1_333' title='bbox 963 2314 1056 2355; x_wconf 87' lang='lat' dir='ltr'><strong>vitae</strong></span> <span class='ocrx_word' id='word_1_334' title='bbox 1087 2314 1268 2365; x_wconf 83' lang='lat' dir='ltr'><strong>initium,</strong></span> <span class='ocrx_word' id='word_1_335' title='bbox 1300 2323 1347 2355; x_wconf 88' lang='lat' dir='ltr'><strong>ut</strong></span> <span class='ocrx_word' id='word_1_336' title='bbox 1375 2314 1614 2377; x_wconf 80' lang='lat' dir='ltr'><strong>ingressum</strong></span> <span class='ocrx_word' id='word_1_337' title='bbox 1645 2314 1699 2356; x_wconf 91' lang='lat' dir='ltr'><strong>ad</strong></span> 
     </span>
     <span class='ocr_line' id='line_1_40' title="bbox 263 2369 1699 2425; baseline 0.001 -16"><span class='ocrx_word' id='word_1_338' title='bbox 263 2369 479 2411; x_wconf 86' lang='lat' dir='ltr'><strong>molestias</strong></span> <span class='ocrx_word' id='word_1_339' title='bbox 498 2380 540 2410; x_wconf 90' lang='lat' dir='ltr'><strong>et</strong></span> <span class='ocrx_word' id='word_1_340' title='bbox 564 2370 778 2421; x_wconf 86' lang='lat' dir='ltr'><strong>dolores,</strong></span> <span class='ocrx_word' id='word_1_341' title='bbox 768 2382 884 2412; x_wconf 70' lang='lat' dir='ltr'><strong>1nx1t1</strong></span> <span class='ocrx_word' id='word_1_342' title='bbox 918 2370 1127 2412; x_wconf 86' lang='lat' dir='ltr'><strong>videbant.</strong></span> <span class='ocrx_word' id='word_1_343' title='bbox 1189 2371 1233 2411; x_wconf 91' lang='lat' dir='ltr'><strong>Si</strong></span> <span class='ocrx_word' id='word_1_344' title='bbox 1252 2385 1356 2425; x_wconf 84' lang='lat' dir='ltr'><strong>ergo</strong></span> <span class='ocrx_word' id='word_1_345' title='bbox 1375 2385 1585 2412; x_wconf 75' lang='lat' dir='ltr'><strong>nascimur</strong></span> <span class='ocrx_word' id='word_1_346' title='bbox 1617 2371 1699 2411; x_wconf 76' lang='lat' dir='ltr'><strong>mi-</strong></span> 
     </span>
     <span class='ocr_line' id='line_1_41' title="bbox 264 2426 1697 2483; baseline 0.001 -17"><span class='ocrx_word' id='word_1_347' title='bbox 264 2426 359 2477; x_wconf 87' lang='lat' dir='ltr'><strong>seri,</strong></span> <span class='ocrx_word' id='word_1_348' title='bbox 381 2426 586 2467; x_wconf 90' lang='lat' dir='ltr'><strong>morimur</strong></span> <span class='ocrx_word' id='word_1_349' title='bbox 606 2427 746 2468; x_wconf 90' lang='lat' dir='ltr'><strong>beati:</strong></span> <span class='ocrx_word' id='word_1_350' title='bbox 778 2427 871 2483; x_wconf 87' lang='lat' dir='ltr'><strong>quis</strong></span> <span class='ocrx_word' id='word_1_351' title='bbox 902 2427 943 2468; x_wconf 91' lang='lat' dir='ltr'><strong>in</strong></span> <span class='ocrx_word' id='word_1_352' title='bbox 966 2428 1072 2468; x_wconf 88' lang='lat' dir='ltr'><strong>hanc</strong></span> <span class='ocrx_word' id='word_1_353' title='bbox 1102 2427 1240 2468; x_wconf 89' lang='lat' dir='ltr'><strong>lucem</strong></span> <span class='ocrx_word' id='word_1_354' title='bbox 1273 2426 1341 2467; x_wconf 89' lang='lat' dir='ltr'><strong>edi</strong></span> <span class='ocrx_word' id='word_1_355' title='bbox 1368 2426 1480 2477; x_wconf 86' lang='lat' dir='ltr'><strong>velit,</strong></span> <span class='ocrx_word' id='word_1_356' title='bbox 1502 2437 1549 2468; x_wconf 90' lang='lat' dir='ltr'><strong>ut</strong></span> <span class='ocrx_word' id='word_1_357' title='bbox 1569 2427 1697 2468; x_wconf 89' lang='lat' dir='ltr'><strong>mise-</strong></span> 
     </span>
     <span class='ocr_line' id='line_1_42' title="bbox 263 2481 1696 2548; baseline 0.001 -26"><span class='ocrx_word' id='word_1_358' title='bbox 263 2481 333 2522; x_wconf 85' lang='lat' dir='ltr'><strong>riis</strong></span> <span class='ocrx_word' id='word_1_359' title='bbox 355 2483 616 2537; x_wconf 88' lang='lat' dir='ltr'><strong>opprimatur</strong></span> <span class='ocrx_word' id='word_1_360' title='bbox 636 2485 650 2523; x_wconf 88' lang='lat'>?</span> <span class='ocrx_word' id='word_1_361' title='bbox 683 2483 776 2538; x_wconf 88' lang='lat' dir='ltr'><strong>quis</strong></span> <span class='ocrx_word' id='word_1_362' title='bbox 807 2499 890 2524; x_wconf 87' lang='lat' dir='ltr'><strong>non</strong></span> <span class='ocrx_word' id='word_1_363' title='bbox 918 2484 1058 2548; x_wconf 86' lang='lat' dir='ltr'><strong>potius</strong></span> <span class='ocrx_word' id='word_1_364' title='bbox 1079 2483 1201 2534; x_wconf 89' lang='lat' dir='ltr'><strong>mori,</strong></span> <span class='ocrx_word' id='word_1_365' title='bbox 1223 2493 1271 2524; x_wconf 89' lang='lat' dir='ltr'><strong>ut</strong></span> <span class='ocrx_word' id='word_1_366' title='bbox 1291 2483 1456 2523; x_wconf 88' lang='lat' dir='ltr'><strong>beatam</strong></span> <span class='ocrx_word' id='word_1_367' title='bbox 1480 2483 1607 2524; x_wconf 88' lang='lat' dir='ltr'><strong>vitam</strong></span> <span class='ocrx_word' id='word_1_368' title='bbox 1627 2497 1696 2524; x_wconf 84' lang='lat' dir='ltr'><strong>ac—</strong></span> 
     </span>
     <span class='ocr_line' id='line_1_43' title="bbox 262 2538 1699 2595; baseline 0.001 -16"><span class='ocrx_word' id='word_1_369' title='bbox 262 2538 431 2593; x_wconf 84' lang='lat' dir='ltr'><strong>quirat?</strong></span> <span class='ocrx_word' id='word_1_370' title='bbox 464 2547 521 2589; x_wconf 86' lang='lat' dir='ltr'><strong>et,</strong></span> <span class='ocrx_word' id='word_1_371' title='bbox 541 2539 574 2580; x_wconf 92' lang='lat' dir='ltr'><strong>si</strong></span> <span class='ocrx_word' id='word_1_372' title='bbox 595 2539 676 2580; x_wconf 87' lang='lat' dir='ltr'><strong>hoc</strong></span> <span class='ocrx_word' id='word_1_373' title='bbox 697 2539 1039 2594; x_wconf 85' lang='lat' dir='ltr'><strong>nobismetipsis,</strong></span> <span class='ocrx_word' id='word_1_374' title='bbox 1063 2549 1110 2581; x_wconf 92' lang='lat' dir='ltr'><strong>ut</strong></span> <span class='ocrx_word' id='word_1_375' title='bbox 1127 2540 1352 2595; x_wconf 86' lang='lat' dir='ltr'><strong>optimum,</strong></span> <span class='ocrx_word' id='word_1_376' title='bbox 1374 2539 1599 2580; x_wconf 87' lang='lat' dir='ltr'><strong>vellemus:</strong></span> <span class='ocrx_word' id='word_1_377' title='bbox 1622 2541 1699 2581; x_wconf 81' lang='lat' dir='ltr'><strong>cur</strong></span> 
     </span>
     <span class='ocr_line' id='line_1_44' title="bbox 262 2594 1698 2651; baseline 0.001 -16"><span class='ocrx_word' id='word_1_378' title='bbox 262 2594 419 2644; x_wconf 81' lang='lat' dir='ltr'><strong>liberis,</strong></span> <span class='ocrx_word' id='word_1_379' title='bbox 449 2604 491 2636; x_wconf 90' lang='lat' dir='ltr'><strong>et</strong></span> <span class='ocrx_word' id='word_1_380' title='bbox 520 2595 727 2646; x_wconf 85' lang='lat' dir='ltr'><strong>affinibus,</strong></span> <span class='ocrx_word' id='word_1_381' title='bbox 758 2596 999 2637; x_wconf 88' lang='lat' dir='ltr'><strong>diversum?</strong></span> <span class='ocrx_word' id='word_1_382' title='bbox 1043 2611 1096 2637; x_wconf 91' lang='lat' dir='ltr'><strong>an</strong></span> <span class='ocrx_word' id='word_1_383' title='bbox 1126 2595 1275 2637; x_wconf 90' lang='lat' dir='ltr'><strong>melius</strong></span> <span class='ocrx_word' id='word_1_384' title='bbox 1306 2595 1442 2646; x_wconf 89' lang='lat' dir='ltr'><strong>nobis,</strong></span> <span class='ocrx_word' id='word_1_385' title='bbox 1474 2611 1602 2651; x_wconf 88' lang='lat' dir='ltr'><strong>quam</strong></span> <span class='ocrx_word' id='word_1_386' title='bbox 1632 2596 1698 2648; x_wconf 91' lang='lat' dir='ltr'><strong>iis,</strong></span> 
     </span>
     <span class='ocr_line' id='line_1_45' title="bbox 263 2652 1696 2707; baseline 0.001 -16"><span class='ocrx_word' id='word_1_387' title='bbox 263 2666 370 2706; x_wconf 89' lang='lat' dir='ltr'><strong>quos</strong></span> <span class='ocrx_word' id='word_1_388' title='bbox 390 2666 557 2694; x_wconf 88' lang='lat' dir='ltr'><strong>summe</strong></span> <span class='ocrx_word' id='word_1_389' title='bbox 585 2652 817 2707; x_wconf 86' lang='lat' dir='ltr'><strong>diligimus,</strong></span> <span class='ocrx_word' id='word_1_390' title='bbox 838 2667 929 2693; x_wconf 87' lang='lat' dir='ltr'><strong>esse</strong></span> <span class='ocrx_word' id='word_1_391' title='bbox 950 2652 1140 2703; x_wconf 88' lang='lat' dir='ltr'><strong>velimus,</strong></span> <span class='ocrx_word' id='word_1_392' title='bbox 1160 2661 1234 2693; x_wconf 87' lang='lat' dir='ltr'><strong>aut</strong></span> <span class='ocrx_word' id='word_1_393' title='bbox 1253 2653 1393 2707; x_wconf 90' lang='lat' dir='ltr'><strong>potius</strong></span> <span class='ocrx_word' id='word_1_394' title='bbox 1415 2652 1537 2693; x_wconf 89' lang='lat' dir='ltr'><strong>beate</strong></span> <span class='ocrx_word' id='word_1_395' title='bbox 1559 2652 1696 2702; x_wconf 81' lang='lat' dir='ltr'><strong>nobis,</strong></span> 
     </span>
     <span class='ocr_line' id='line_1_46' title="bbox 263 2707 1694 2765; baseline 0.001 -18"><span class='ocrx_word' id='word_1_396' title='bbox 263 2707 414 2749; x_wconf 88' lang='lat' dir='ltr'><strong>misere</strong></span> <span class='ocrx_word' id='word_1_397' title='bbox 442 2708 558 2763; x_wconf 86' lang='lat' dir='ltr'><strong>ipsis,</strong></span> <span class='ocrx_word' id='word_1_398' title='bbox 588 2718 632 2750; x_wconf 90' lang='lat' dir='ltr'><strong>et</strong></span> <span class='ocrx_word' id='word_1_399' title='bbox 659 2708 912 2750; x_wconf 83' lang='lat' dir='ltr'><strong>infeliciter?</strong></span> <span class='ocrx_word' id='word_1_400' title='bbox 946 2709 1028 2750; x_wconf 90' lang='lat' dir='ltr'><strong>hoc</strong></span> <span class='ocrx_word' id='word_1_401' title='bbox 1059 2718 1170 2749; x_wconf 89' lang='lat' dir='ltr'><strong>certe</strong></span> <span class='ocrx_word' id='word_1_402' title='bbox 1200 2709 1318 2750; x_wconf 89' lang='lat' dir='ltr'><strong>nullo</strong></span> <span class='ocrx_word' id='word_1_403' title='bbox 1349 2708 1493 2750; x_wconf 89' lang='lat' dir='ltr'><strong>modo.</strong></span> <span class='ocrx_word' id='word_1_404' title='bbox 1515 2723 1694 2765; x_wconf 91' lang='lat' dir='ltr'><strong>quamo-</strong></span> 
     </span>
     <span class='ocr_line' id='line_1_47' title="bbox 263 2763 1694 2829; baseline 0.001 -25"><span class='ocrx_word' id='word_1_405' title='bbox 263 2763 380 2805; x_wconf 89' lang='lat' dir='ltr'><strong>brem</strong></span> <span class='ocrx_word' id='word_1_406' title='bbox 400 2765 580 2806; x_wconf 87' lang='lat' dir='ltr'><strong>amanda</strong></span> <span class='ocrx_word' id='word_1_407' title='bbox 600 2780 716 2807; x_wconf 79' lang='lat' dir='ltr'><strong>mors</strong></span> <span class='ocrx_word' id='word_1_408' title='bbox 733 2779 900 2829; x_wconf 87' lang='lat' dir='ltr'><strong>semper</strong></span> <span class='ocrx_word' id='word_1_409' title='bbox 921 2766 1131 2815; x_wconf 82' lang='lat' dir='ltr'><strong>omnibus,</strong></span> <span class='ocrx_word' id='word_1_410' title='bbox 1152 2765 1376 2806; x_wconf 88' lang='lat' dir='ltr'><strong>carissimis</strong></span> <span class='ocrx_word' id='word_1_411' title='bbox 1395 2765 1521 2806; x_wconf 84' lang='lat' dir='ltr'><strong>etiam</strong></span> <span class='ocrx_word' id='word_1_412' title='bbox 1542 2774 1694 2829; x_wconf 86' lang='lat' dir='ltr'><strong>optan—</strong></span> 
     </span>
     <span class='ocr_line' id='line_1_48' title="bbox 263 2818 1693 2879; baseline 0.002 -20"><span class='ocrx_word' id='word_1_413' title='bbox 263 2818 328 2860; x_wconf 88' lang='lat' dir='ltr'><strong>da.</strong></span> <span class='ocrx_word' id='word_1_414' title='bbox 388 2821 470 2872; x_wconf 87' lang='lat' dir='ltr'><strong>Ac,</strong></span> <span class='ocrx_word' id='word_1_415' title='bbox 492 2821 527 2864; x_wconf 91' lang='lat' dir='ltr'><strong>si</strong></span> <span class='ocrx_word' id='word_1_416' title='bbox 548 2822 701 2878; x_wconf 89' lang='lat' dir='ltr'><strong>quibus</strong></span> <span class='ocrx_word' id='word_1_417' title='bbox 727 2837 838 2864; x_wconf 79' lang='lat' dir='ltr'><strong>mori</strong></span> <span class='ocrx_word' id='word_1_418' title='bbox 869 2830 1056 2877; x_wconf 74' lang='lat' dir='ltr'><strong>praestat,</strong></span> <span class='ocrx_word' id='word_1_419' title='bbox 1078 2836 1204 2878; x_wconf 87' lang='lat' dir='ltr'><strong>quam</strong></span> <span class='ocrx_word' id='word_1_420' title='bbox 1237 2822 1382 2873; x_wconf 87' lang='lat' dir='ltr'><strong>vivere,</strong></span> <span class='ocrx_word' id='word_1_421' title='bbox 1402 2821 1450 2863; x_wconf 85' lang='lat' dir='ltr'><strong>iis</strong></span> <span class='ocrx_word' id='word_1_422' title='bbox 1469 2821 1693 2879; x_wconf 79' lang='lat' dir='ltr'><strong>praecipue,</strong></span> 
     </span>
    </p>
   </div>
  </div>
 </body>
</html>
