1844 3202
250 87 328 133 768
441 69 443 72 ’
785 90 862 128 DE
899 90 1157 128 osricus

250 196 496 252 philosophi
525 196 713 254 quidam,
744 198 918 240 minime
949 201 1049 242 mali
1081 202 1141 243 illi
1171 200 1359 258 quidem,
1382 199 1455 242 sed
1485 214 1570 243 non
1593 201 1696 244 satis

251 253 380 304 acuti,
410 254 549 295 fictam
580 265 622 296 et
656 257 996 298 commenticiam
1038 259 1225 300 fabulam
1255 258 1402 299 dicunt
1433 259 1640 314 prolatam
1673 273 1700 299 a.

255 308 427 351 Platone
447 328 455 352 :
478 312 597 367 quasi
616 326 712 353 vero
733 312 819 363 ille,
840 324 914 354 aut
934 315 1094 356 factum
1115 315 1157 355 id
1179 330 1285 364 esse,
1306 324 1380 356 aut
1399 314 1486 355 fieri
1507 316 1700 371 potuisse

252 365 468 408 defendat.
529 369 637 409 Haec
667 378 732 410 est
760 369 818 410 vis
849 370 976 425 hujus
1007 371 1163 422 annuli,
1194 380 1236 411 et
1267 372 1393 428 hujus
1424 371 1634 427 exempli:
1665 371 1701 412 si

255 437 381 464 nemo
412 425 608 476 sciturus,
641 440 766 465 nemo
798 440 849 466 ne
881 427 1169 482 suspicaturus
1199 428 1369 483 quidem
1405 428 1472 478 sit,
1503 443 1602 469 cum
1623 427 1698 468 ali-

255 480 372 535 quid,
407 481 660 531 divitiarum,
683 483 899 537 potentiae,
921 483 1236 533 dominationis,
1262 484 1448 525 libidinis
1477 499 1616 534 causa,
1637 484 1701 525 fe-

258 538 379 588 ceris,
401 538 434 578 si
464 538 505 578 id
532 538 609 578 (liis
639 538 966 595 hominibusque
999 540 1187 581 futurum
1217 540 1269 581 sit
1290 555 1453 596 semper
1475 541 1700 597 ignotum3

150 594 371 634 noo-sisne
402 595 603 635 facturus.
637 604 807 650 negant,
837 595 878 636 id
910 596 996 636 fieri
1027 611 1177 652 posse:
1209 606 1531 653 44nequaquam
1562 606 1702 652 potest

219 646 303 691 ²²·id
326 650 513 706 quidem.
535 651 607 691 sed
630 664 788 707 quaero,
810 652 927 708 quod
946 663 1101 708 negant
1125 668 1262 708 posse,
1283 654 1325 694 id
1345 654 1379 695 si
1400 663 1556 709 posset,
1576 653 1701 709 quid-

261 723 360 748 nam
392 708 606 748 facerent?
645 709 811 763 Urgent
840 709 995 750 rustice
1026 725 1138 751 sanc.
1169 719 1325 765 negant
1354 711 1464 751 enim
1498 725 1633 765 posse,
1660 718 1705 751 et

260 765 302 805 in
333 779 384 805 eo
416 774 631 819 perstant-2
664 764 744 805 hoc
776 765 945 805 verbum
973 767 1075 822 quid
1103 766 1251 816 valeat,
1272 783 1354 809 non
1375 767 1528 807 vident.
1589 766 1703 808 Cum

259 821 372 862 enim
394 821 637 877 quaerimus,
656 821 689 862 si
711 822 873 876 possint
893 822 1044 872 celare,
1062 823 1164 879 quid
1186 824 1336 865 facturi
1357 824 1459 865 sint:
1484 838 1568 864 non
1585 839 1703 879 quae-

261 878 409 929 rimus,
449 878 667 932 possintne
706 878 865 919 celare:
897 878 970 919 sed
1006 889 1224 934 tamquam
1265 888 1477 921 tormenta
1508 881 1704 936 quaedam

261 934 528 983 adhibemus,
565 942 626 983 ut,
669 933 701 974 si
744 934 1050 988 responderint,
1092 951 1150 986 sc,
1187 936 1437 990 impunitate
1472 937 1706 991 proposita,

260 991 463 1043 facturos3
483 989 598 1045 quod
620 989 829 1044 expediat,
847 990 1107 1032 facinorosos
1128 1006 1172 1032 se
1195 1007 1283 1032 esse
1305 994 1513 1033 fateantur
1533 1009 1542 1032 :
1575 993 1608 1032 si
1632 1008 1705 1032 nc·-

261 1056 382 1102 gcnt,
403 1047 546 1087 omnia
568 1047 707 1101 turpia
726 1061 800 1102 per
820 1046 956 1102 seipsa
975 1047 1177 1103 fugienda
1203 1062 1293 1089 esse
1315 1048 1561 1090 concedant.
1622 1048 1707 1089 Sed

257 1105 348 1161 jam
370 1103 423 1144 ad
445 1103 708 1160 propositum
734 1113 1002 1145 revertamur.

184 1166 253 1214 10
323 1160 523 1201 Incidunt
558 1174 669 1216 saepe
698 1161 844 1202 multae
873 1175 1026 1212 eausae,
1048 1176 1143 1218 quae
1169 1162 1420 1204 conturbent
1440 1162 1602 1204 animos
1623 1161 1710 1204 uti«.

200 1217 395 1272 401itatis
426 1217 595 1273 specie3
627 1232 727 1268 non,
758 1233 854 1259 cum
886 1218 969 1260 hoc
999 1219 1280 1269 deliberetur,
1300 1219 1626 1275 relinquendane
1653 1222 1710 1260 sit

266 1275 464 1316 honestas
492 1284 666 1330 propter
695 1274 890 1316 utilitatis
918 1276 1282 1331 magnitudinemz
1317 1279 1430 1329 (narn
1460 1276 1502 1317 id
1535 1275 1708 1332 quidem

264 1332 510 1387 improbum
541 1333 621 1382 est)
659 1331 733 1372 sed
764 1331 882 1382 illud,
915 1333 1101 1387 possitne
1132 1333 1188 1383 id,
1219 1334 1334 1389 quod
1366 1332 1469 1374 utile
1506 1332 1709 1383 videatur,

267 1389 354 1430 fieri
375 1403 460 1429 non
482 1389 675 1444 turpiter.
736 1388 848 1429 Cum
873 1388 1087 1430 Collatino
1108 1390 1288 1446 collegae
1308 1390 1463 1431 Brutus
1485 1390 1709 1445 imperium

265 1445 516 1500 abrogabat,
538 1454 704 1501 poterat
724 1445 849 1486 videri
873 1455 912 1477 4⁵
931 1445 1065 1500 facere
1086 1446 1128 1488 id
1156 1446 1325 1502 injuste.
1359 1447 1496 1488 fuerat
1524 1446 1636 1487 enirn
1666 1446 1714 1486 in

266 1502 440 1558 regibus
465 1501 722 1557 expellendis
755 1502 895 1543 socius
922 1503 1058 1553 Bruti,
1085 1504 1356 1544 consiliorum
1378 1503 1504 1544 etiam
1525 1501 1708 1558 adjutor.

266 1574 365 1600 enm
397 1568 538 1599 autem
568 1558 792 1599 consilium
822 1559 903 1600 hoe
925 1559 1133 1615 principes
1166 1560 1389 1616 cepissent,
1409 1560 1717 1615 cognationem.

267 1615 463 1671 Superbi,
484 1629 724 1670 nomenque
743 1615 1084 1671 Tarquiniorum,
1105 1625 1148 1657 et
1178 1617 1426 1657 memoriam
1456 1617 1589 1671 regni,
1621 1630 1714 1657 esse

266 1671 533 1714 tollendam:
565 1671 680 1728 quod
717 1680 807 1712 erat
839 1671 958 1727 utile,
990 1672 1135 1726 patriae
1175 1672 1394 1714 consulere
1412 1688 1425 1723 3
1455 1672 1499 1713 id
1535 1680 1624 1713 erat
1655 1673 1714 1713 ita

266 1730 511 1780 honestum,
540 1738 588 1769 ut
612 1729 736 1768 etiam
765 1728 845 1783 ipsi
876 1727 1094 1769 Collatino
1126 1728 1291 1785 placere
1316 1729 1504 1771 deberet.
1564 1730 1716 1785 Itaque

268 1786 430 1829 utilitas
462 1785 590 1826 valuit
624 1793 797 1840 propter
828 1784 1093 1826 honestatem
1112 1802 1122 1827 ε
1155 1786 1243 1826 sine
1263 1800 1347 1841 qua
1364 1800 1417 1826 ne
1435 1785 1596 1827 utilitas
1617 1785 1713 1841 qui-

269 1843 369 1884 dem
390 1857 483 1883 esse
504 1842 727 1898 potuisset.
785 1841 849 1883 At
868 1842 909 1882 in
928 1855 981 1882 eo
999 1856 1118 1897 rege,
1140 1842 1214 1898 qui
1234 1843 1382 1884 urbem
1403 1842 1608 1892 condidit,
1629 1857 1714 1883 non

207 1900 345 1942 41ita.
404 1900 575 1955 Species
600 1898 715 1940 enim
745 1898 940 1939 utilitatis
964 1899 1154 1942 animum
1182 1899 1344 1956 pepulit
1372 1898 1494 1955 ejus:
1524 1898 1714 1940 cuicum

271 1958 408 1999 visum
438 1965 550 1997 esset
579 1955 739 2005 utilius,
770 1954 924 2006 solum,
955 1969 1084 2011 quam
1116 1970 1216 1997 cum
1246 1955 1379 1997 altero
1409 1969 1600 2011 regnare,
1630 1954 1714 1996 fra—

271 2023 382 2055 trem
403 2012 629 2055 interemit.
692 2011 850 2053 Omisit
869 2011 938 2053 hic
958 2020 999 2053 et
1020 2011 1236 2067 pietatem,
1261 2022 1305 2053 et
1325 2012 1647 2063 humanitatem,
1668 2019 1718 2053 ut

230 2071 333 2122 aid,
363 2070 481 2127 quod
511 2070 613 2111 utile
640 2068 874 2119 videbatur,
901 2081 1036 2124 neque
1064 2078 1168 2119 erat,
1196 2067 1363 2123 assequi
1386 2077 1556 2124 posset:
1588 2078 1632 2110 et
1651 2076 1716 2109 ta-

274 2142 374 2169 men
404 2126 515 2168 muri
544 2139 715 2167 eausam
747 2124 962 2181 opposuit,
984 2125 1168 2180 speeiem
1198 2124 1429 2167 honestatis
1459 2139 1595 2182 neque
1615 2139 1715 2182 pro-

208 2184 475 2235 42babilem,
515 2196 651 2238 neque
687 2181 789 2223 satis
826 2181 1037 2223 idoneam.
1097 2181 1288 2223 Peecarit
1324 2181 1481 2237 igitur3
1513 2196 1616 2237 pace
1652 2180 1718 2238 vel

251 2281 254 2284 ,
275 2240 459 2298 Quirini,
486 2240 551 2281 vel
576 2238 748 2281 Romuli
776 2237 966 2280 dixerim.
1026 2238 1120 2280 Nec
1151 2247 1294 2280 tamen
1315 2247 1468 2280 nostrae
1491 2239 1613 2280 nobis
1632 2238 1718 2279 uti·

274 2299 416 2340 litates
449 2295 694 2337 omittendae
734 2304 845 2347 sunt,
877 2294 1052 2350 aliisque
1085 2293 1316 2346 tradendae,
1349 2300 1389 2327 46
1405 2310 1504 2336 cum
1539 2295 1604 2336 his
1639 2294 1720 2350 ipsi

275 2369 480 2411 egemus:
513 2353 585 2394 sed
612 2367 697 2393 suae
726 2352 880 2407 cuique
908 2350 1095 2403 utilitati,
1117 2351 1234 2408 quod
1267 2351 1356 2393 sine
1376 2351 1548 2392 alterius
1568 2351 1721 2408 injuria

278 2413 366 2462 fiat,
386 2409 649 2452 serviendum
671 2417 747 2450 est.
809 2408 922 2449 Scite
953 2407 1235 2465 Chrysippus,
1255 2418 1304 2449 ut
1333 2409 1494 2450 multa:
1526 2409 1614 2450 Qui
1633 2417 1719 2449 sta·.

279 2469 415 2521 dium,
446 2464 595 2524 inquit,
626 2466 769 2517 currit,
799 2464 902 2507 eniti
932 2474 975 2506 et
1004 2464 1258 2507 contendere
1288 2464 1429 2516 debet,
1461 2479 1588 2520 quarn
1627 2479 1718 2505 ma-

276 2525 390 2569 xime
413 2524 570 2581 possit,-
590 2532 638 2564 ut
664 2522 826 2564 vineat:
858 2520 1129 2578 supplantare
1150 2536 1264 2575 eum,
1285 2521 1458 2578 quicum
1479 2529 1625 2573 certet,
1647 2529 1721 2562 aut

321 2671 363 2696 44
387 2673 564 2706 quamquam
582 2666 673 2700 potest
691 2658 724 2689 id
741 2657 868 2700 quidem]
888 2658 979 2689 Pear-
1065 2666 1103 2690 45
1118 2659 1225 2699 facere
1249 2658 1283 2687 id
1304 2658 1421 2700 injuste]
1449 2658 1483 2689 id
1505 2658 1586 2690 mihi
1613 2657 1722 2690 delen'-

277 2709 347 2748 eius
371 2708 481 2747 probat
503 2706 721 2744 conjecturam
750 2703 900 2738 Manutii,
930 2714 977 2731 ne·
1021 2702 1100 2732 dum
1119 2703 1251 2733 videtur,

278 2762 427 2794 quaquam
444 2756 478 2789 p.
496 2750 516 2778 ἱ.
531 2760 561 2790 q.
585 2754 676 2777 l'CCtC.
700 2755 775 2776 nam
801 2752 864 2775 tota
887 2755 978 2784 argu·
1072 2750 1112 2776 »10
1136 2756 1199 2776 sum
1229 2744 1272 2777 hig
1301 2745 1357 2787 ipsi
1382 2742 1527 2789 eggamus]
1561 2744 1625 2782 Ser·
1656 2754 1720 2784 egen

280 2794 433 2824 mentatio
457 2794 487 2824 id
509 2791 658 2833 postulat,
675 2795 704 2820 et
720 2790 804 2829 quod
824 2790 978 2829 sequitur,
1023 2798 1094 2819 mm.

279 2837 304 2866 si
322 2837 465 2877 iilpcrxtt.
