1844 3202
563 109 748 150 LIBER
783 110 1124 150 SECUNDUS.
1478 117 1563 159 733·

120 228 203 262 tur.
238 235 334 277 quae
368 219 482 262 enim
515 227 626 260 esset
658 218 738 259 ista
767 232 900 268 mens,
931 217 994 258 vel
1033 233 1127 273 quae
1157 218 1238 259 vita
1276 221 1431 273 potius,
1467 237 1554 264 non

119 277 250 319 modo
281 275 535 332 disputandi,
564 274 638 316 sed
658 275 820 316 vivendi
850 274 1012 316 ratione
1041 274 1238 315 sublata?
1271 277 1364 316 Nos
1395 287 1552 330 autem,

119 342 166 374 ut
187 334 326 385 ceteri,
346 334 426 375 alia
443 342 572 382 certa,
591 331 672 372 alia
693 331 852 372 incerta
871 346 962 372 esse
990 331 1136 371 dicunt
1152 347 1165 381 3
1197 331 1254 371 sic
1286 332 1338 372 ab
1370 332 1434 374 his
1465 336 1551 375 dis-

116 391 360 440 sentientes,
393 389 474 430 alia
502 387 748 444 probabilia,
778 398 940 438 contra,
971 388 1051 428 alia
1081 402 1165 428 non
1196 388 1430 442 probabilia
1459 405 1548 432 esse

115 446 308 487 dicimus.
367 444 484 502 Quid
513 455 577 486 est
604 445 748 500 igitur,
770 445 886 500 quod
913 458 981 484 me
1006 443 1223 500 impediat,
1244 458 1306 495 ea,
1327 459 1421 500 quae
1442 447 1584 492 mihis

115 501 351 557 probabilia
372 501 600 551 videantur,
625 501 771 557 sequi:
803 516 896 556 quae
928 511 1091 550 eontra,
1122 501 1388 555 improbare:
1421 513 1548 557 atque

116 558 350 599 affirmandi
380 558 664 613 arrogantiam
696 558 909 608 vitantem,
941 557 1090 612 fugere
1122 557 1418 607 temeritatem,
1452 574 1547 614 quae

112 628 138 655 a
157 614 362 670 sapientia
380 614 554 656 dissidet
573 614 802 670 plurimum
823 615 835 654 ?
871 613 1034 655 Contra
1060 622 1199 654 autem
1231 615 1373 655 omnia
1402 614 1547 670 dispu-

111 679 226 712 tatur
254 686 279 712 a
314 672 482 722 nostris,
511 671 626 727 quod
666 671 748 712 hoc
787 671 926 726 ipsum
962 671 1178 725 probabile
1211 679 1246 702 ³2
1264 671 1426 712 elucere
1461 687 1546 713 non

112 728 261 782 possit,
284 728 362 769 nisi
381 743 431 769 ex
451 736 630 784 utraque
658 737 790 783 parte,
813 741 1033 768 causarum
1053 737 1163 768 esset
1185 727 1294 768 faeta
1314 729 1544 769 contentio.
1557 743 1588 774 b,

113 784 196 825 Sed
226 784 316 825 hacc
344 785 565 840 explanata
589 794 686 825 sunt
712 785 753 825 in
773 783 1042 824 Academicis
1063 784 1213 825 nostris
1233 785 1347 835 satis,
1367 793 1414 826 ut
1434 785 1546 826 arbi-

110 850 213 891 tror,
244 841 480 896 diligenter.
539 841 635 882 Tibi
665 850 822 890 autem,
847 841 906 882 mi
928 840 1094 891 Cicero,
1114 855 1371 896 quamquam
1401 842 1443 881 in
1472 856 1548 882 an-

108 897 346 953 tiquissima
365 897 708 953 nobilissimaque
728 897 1010 953 philosophia,
1030 896 1234 953 Cratippo
1251 908 1438 947 auctore,
1455 913 1546 939 ver-

109 954 224 1003 saris,
246 954 294 995 iis
316 955 546 1005 simillimo,
566 955 639 1010 qui
658 955 737 995 ista
757 954 957 1009 praeclara
975 963 1225 1008 pepererunt
1247 971 1256 995 z
1288 964 1429 995 tamen
1452 955 1544 997 haec

112 1020 268 1062 nostra,
300 1011 476 1052 finitima
495 1012 654 1062 vestris,
674 1011 822 1066 ignota
851 1025 943 1051 esse
975 1010 1106 1051 nolui.
1165 1010 1248 1051 Sed
1262 1011 1361 1067 ¹jam
1391 1011 1445 1052 ad
1479 1013 1544 1054 in-

108 1067 257 1108 stituta
275 1081 518 1123 pergamus.

165 1124 366 1180 Quinque
395 1124 526 1179 igitur
554 1123 786 1165 rationibus
824 1124 1052 1179 propositis
1083 1123 1210 1164 officii
1249 1124 1588 1179 persequendi,3

107 1194 286 1235 quarum
323 1180 416 1221 duae
447 1181 499 1221 ad
535 1181 679 1230 decus,
710 1180 1062 1235 honestatemque
1091 1179 1329 1235 pertinent:
1361 1181 1456 1221 duae
1488 1181 1580 1243 ad9

106 1236 334 1277 commoda
353 1237 461 1287 vitae,
482 1237 641 1291 copias,
669 1250 788 1291 opes,
814 1236 1065 1277 facultates:
1096 1236 1243 1291 quinta
1271 1236 1324 1277 ad
1354 1237 1542 1292 eligendi

98 1293 326 1348 judicium,
350 1294 383 1334 si
408 1294 578 1349 quando
605 1307 667 1343 ea,
688 1308 783 1348 quae
812 1292 911 1344 dixi,
930 1307 1119 1348 pugnare
1148 1293 1258 1334 inter
1287 1308 1330 1333 se
1349 1294 1540 1335 videren-

104 1359 202 1390 tur:
234 1350 463 1391 honestatis
492 1364 588 1405 pars
618 1351 814 1390 contecta
843 1359 922 1400 est,
944 1364 1070 1405 quam
1102 1349 1274 1405 quidem
1306 1350 1384 1391 tibi
1413 1351 1540 1407 cupio

105 1419 197 1447 esse
219 1406 495 1447 notissimam.
528 1407 626 1447 Hoc
646 1415 804 1456 autem,
825 1405 878 1446 de
898 1421 984 1461 quo
1003 1420 1114 1446 nunc
1136 1406 1319 1461 agimus,
1338 1407 1380 1448 id
1401 1408 1541 1462 ipsum

103 1471 182 1514 est,
213 1462 329 1519 quod
357 1463 459 1504 utile
488 1463 736 1518 appellatur.
769 1470 804 1494 13
823 1463 865 1503 in
895 1478 980 1518 quo
1009 1462 1128 1518 lapsa
1161 1463 1426 1504 consuetudo
1466 1464 1542 1505 de-

102 1519 217 1560 flexit
249 1520 301 1560 de
332 1520 409 1570 via,
439 1519 676 1575 sensimque
705 1533 756 1560 eo
786 1519 970 1560 deducta
998 1528 1076 1569 est,
1106 1529 1155 1559 ut
1188 1519 1454 1561 honestatem
1487 1522 1541 1562 ab

103 1576 284 1617 utilitate
314 1590 548 1625 secernens,
577 1586 621 1617 et
649 1576 940 1626 constitueret,
981 1576 1208 1616 honestum
1241 1590 1332 1617 esse
1364 1577 1540 1633 aliquid,

102 1632 217 1688 quod
239 1633 341 1674 utile
360 1647 446 1674 non
465 1642 589 1683 esset,
609 1641 653 1673 et
669 1633 787 1684 utile,
809 1632 926 1688 quod
948 1647 1033 1673 non
1052 1633 1279 1673 honestum
1300 1649 1310 1674 t
1343 1648 1426 1688 qua
1446 1635 1541 1676 nul-

101 1689 143 1730 la
161 1690 363 1744 pernicies
383 1689 519 1746 major
538 1689 762 1730 hominum
783 1690 877 1730 vitae
899 1690 1040 1745 potuit
1055 1689 1205 1729 afferri.
1251 1689 1427 1730 Summa
1446 1692 1539 1746 qui·
1555 1700 1605 1732 10

102 1745 201 1786 dem
221 1747 470 1788 auctoritate
490 1745 746 1802 philosophi,
767 1760 908 1787 severe
928 1760 1026 1786 sane
1040 1755 1169 1801 atque
1186 1745 1378 1797 honeste,
1400 1756 1435 1778 14
1449 1748 1540 1790 haee

101 1802 184 1843 tria
201 1817 357 1858 genera
377 1803 566 1853 confusa,
587 1803 848 1858 cogitatione
877 1802 1161 1858 distinguunt.
1192 1802 1398 1858 quidquid
1426 1805 1541 1846 enim
1602 1815 1604 1817 ’

92 1858 263 1914 justum
292 1860 359 1911 sit,
385 1860 428 1900 id
457 1860 584 1900 etiam
610 1858 714 1900 utile
745 1873 836 1900 esse
863 1869 1065 1900 censent:
1093 1860 1281 1914 itemque
1311 1860 1429 1916 quod
1459 1860 1539 1903 ho-

100 1924 283 1965 nestum,
311 1916 425 1957 idem
453 1917 635 1972 justum.
655 1929 706 1956 ex
740 1930 826 1972 quo
859 1915 1051 1966 efficitur,
1083 1926 1146 1965 ut,
1168 1916 1376 1972 quidquid
1404 1917 1540 1959 hone-

100 1980 215 2013 stum
246 1973 313 2024 sit,
343 1973 456 2013 idem
488 1973 543 2014 sit
570 1972 688 2013 utile.
747 1972 878 2029 Quod
906 1972 980 2029 qui
1009 1987 1160 2028 parum
1188 1973 1462 2028 perspiciunt,
1493 1975 1539 2017 hi

99 2042 226 2084 saepe,
247 2039 436 2070 versutos
465 2029 660 2070 homines
679 2037 721 2070 et
740 2029 914 2070 callidos
935 2029 1208 2081 admirantes,
1228 2030 1449 2082 malitiam,
1470 2046 1538 2072 sa-

96 2085 301 2140 pientiam
327 2086 537 2142 judicant.
568 2100 751 2142 quorum
785 2100 901 2127 error
930 2085 1168 2141 eripiendus
1201 2095 1278 2137 est,
1308 2087 1539 2143 opinioque

98 2141 237 2182 omnis
256 2142 309 2183 ad
337 2157 431 2184 eam
463 2157 583 2198 spem
603 2142 876 2194 traducenda,
895 2152 945 2183 ut
963 2142 1153 2184 honestis
1171 2143 1372 2194 consiliis,
1386 2144 1537 2200 justis·-

99 2211 182 2253 que
208 2199 344 2251 faetiS,
371 2214 457 2240 non
484 2199 633 2241 fraude
657 2207 700 2240 et
728 2199 890 2240 malitia
917 2213 960 2240 se
991 2199 1232 2255 intelligant
1258 2214 1322 2250 ea,
1349 2215 1444 2256 quae
1464 2216 1536 2242 ve-

97 2253 191 2306 lint,
219 2257 423 2312 consequi
452 2271 591 2312 posse.
650 2256 761 2298 Quae
792 2270 897 2311 ergo
923 2255 978 2297 ad
998 2256 1127 2297 vitam
1159 2256 1385 2298 hominum
1412 2263 1593 2299 tuen-11

98 2309 197 2352 d'am
219 2313 443 2368 pertinent,
461 2313 615 2369 partim
635 2322 735 2355 sunt
752 2313 952 2364 inanima,
972 2321 1022 2355 ut
1041 2327 1207 2365 aurum,
1225 2322 1466 2370 argentum,
1486 2325 1535 2357 ut
1543 2320 1576 2384 ξ·
1589 2316 1643 2344 ³⁵·

97 2459 171 2501 quid
186 2470 208 2488 s·
227 2460 372 2491 dedimus
390 2461 475 2503 quod,
493 2461 587 2492 etiam
611 2461 791 2502 postulante
834 2462 904 2492 edd.
919 2460 1007 2492 venit
1022 2462 1054 2493 in
1080 2462 1170 2501 Mog.
1186 2461 1255 2492 Col.
1273 2463 1354 2494 Ven.
1372 2468 1462 2498 1470.
1480 2464 1535 2494 sed

95 2502 262 2539 latinitate,
280 2509 314 2533 ut
335 2503 406 2533 alibi
431 2505 611 2535 docuimus.
656 2505 791 2536 Utrum·
835 2505 950 2534 melius
973 2505 1070 2534 abest.
1093 2515 1159 2535 non
1185 2506 1273 2535 ensstn
1296 2513 1362 2536 tam
1386 2507 1424 2536 de
1446 2507 1535 2537 verbi

97 2555 171 2584 que,
189 2545 292 2575 habeat
307 2552 337 2576 et
353 2546 428 2588 quod
441 2555 486 2577 cst
501 2548 532 2577 in
549 2548 619 2578 edd.
636 2557 682 2586 pr.
834 2555 958 2578 mutata
971 2548 1216 2586 significatione,
1233 2558 1332 2587 quam
1355 2549 1393 2580 de
1417 2549 1534 2580 utilita-

142 2596 178 2619 12
203 2588 310 2618 elucere
329 2600 382 2618 non
394 2588 500 2629 posset]
526 2591 588 2620 Ms.
615 2591 712 2621 Goth.
734 2591 792 2621 ha·
834 2591 872 2621 tis
889 2592 1018 2622 notione
1035 2598 1274 2621 mutata-sermo
1291 2598 1346 2621 est.

96 2630 149 2661 bet
175 2632 286 2670 βοῒ-τὺ.-
325 2633 465 2671 itemque
493 2633 564 2663 edd.
603 2634 691 2672 Mog.
722 2634 791 2664 Col.
883 2641 920 2665 14
943 2634 1004 2663 haec
1020 2634 1079 2662 tria
1092 2645 1198 2673 genera
1214 2634 1330 2674 cotfiaesa
1347 2646 1370 2663 c,
1395 2632 1436 2672 ὦ]
1460 2632 1535 2663 Con·

99 2674 194 2704 Rom.
211 2674 340 2705 Mediol.
353 2675 434 2705 Ven.
451 2675 720 2710 1470.Ald.Vict.
733 2677 792 2706 &c.
825 2676 903 2717 fusa
921 2677 1082 2712 dicuntur,
1100 2677 1175 2715 quia
1197 2678 1317 2715 proprie
1342 2686 1441 2706 unam
1466 2685 1533 2706 rem

97 2717 192 2755 idque
210 2719 416 2748 restituimus.
439 2719 554 2757 pendet
575 2719 663 2750 enim
686 2729 725 2750 ex
747 2719 794 2748 di·
836 2720 982 2749 efficiunt
1004 2719 1232 2757 conjunctione
1254 2720 1400 2749 naturali.
1423 2719 1467 2749 sic
1488 2724 1552 2748 est-

96 2766 242 2801 tputatyr.
837 2769 868 2792 et
883 2763 948 2793 Off.
964 2762 992 2799 1,
1009 2768 1062 2799 27.
1073 2769 1105 2793 et
1118 2762 1205 2793 alibi.
1216 2772 1247 2792 v.
1263 2762 1352 2793 Clav.
1366 2762 1399 2792 in
1415 2761 1535 2803 confun-

140 2808 176 2832 13
201 2802 232 2830 in
253 2814 306 2843 quo
329 2802 411 2843 lapsa
433 2802 521 2841 cons.]
551 2803 634 2834 Libri
656 2804 788 2843 quidam
834 2805 912 2835 dere.

90 2854 150 2875 scr.
167 2852 203 2874 ut
219 2845 316 2876 Goth.
331 2847 454 2876 addunt
467 2845 574 2876 verbo:
597 2847 683 2878 unde
702 2854 734 2879 et
755 2848 790 2878 in

156 2900 269 2928 VOL.
294 2900 363 2930 lv.
386 2901 426 2930 P.
447 2901 503 2929 11.
886 2901 911 2944 3
936 2901 964 2929 B
