1844 3202
419 111 669 153 FRAGME
679 110 807 152 NTA
844 109 1209 149 POEMATUM.

105 223 154 261 Et
171 222 293 261 dextra
311 223 452 260 retinens
470 235 532 259 non
551 233 683 259 cassum
700 218 833 257 luminis
849 230 968 257 ensem.

109 276 180 314 Sed
194 290 296 327 quum
315 276 355 313 de
373 277 468 313 terris
485 274 542 312 vis
560 282 608 311 est
621 273 797 324 patefacta
817 272 950 317 Leonis,

111 329 246 372 Omnia,
266 343 344 380 quae
365 329 492 367 Cancer
503 327 668 378 praeclaro
685 325 804 363 detulit
820 334 909 367 ortu,

110 382 239 420 Cedunt
256 382 446 426 obscurata,
464 381 566 417 simul
581 381 637 418 vis
658 393 782 430 magna
801 377 946 430 Aquilai

104 436 263 480 Pellitur,
283 449 324 472 ac
331 435 426 482 flexo
443 433 609 470 considens
627 444 752 483 corpore
772 433 887 470 Nixus

109 489 190 525 Jam
209 499 324 538 supero
328 489 442 536 ferme
457 486 611 537 depulsus
631 486 754 523 lumine
771 484 855 523 cedit
871 500 883 522 .·

110 540 181 579 Sed
197 541 323 578 Iaevum
337 554 446 591 genus
463 547 565 592 atque
582 540 744 576 illustrem
763 538 885 590 linquit
902 538 938 575 in
953 537 1062 575 altum

110 594 289 632 Plantam.
315 603 387 631 tum
405 603 518 630 contra
537 594 684 630 exoritur
700 593 829 630 clarum
849 600 948 642 caput
967 590 1112 641 Hydrae,

111 647 160 684 Et
180 648 302 698 Lepus,
320 654 352 684 et
371 648 530 696 Procyon,
549 647 606 697 qui
624 659 690 683 sese
696 644 864 695 jer-vidus
879 645 981 693 infert

110 702 203 740 Ante
223 700 348 738 Canem
358 717 371 736 .·
400 700 475 737 inde
498 700 601 737 Canis
620 699 769 749 vestigia
782 699 896 750 prima
910 697 1084 737 videntur.

111 754 190 791 Non
202 763 316 803 pauca
333 767 350 790 e
369 754 448 790 coelo
464 753 623 804 depellens
642 753 741 802 signa
761 758 889 803 repente

113 807 278 844 Exoritur
295 806 438 844 candens
463 814 478 837 ⁵
495 806 620 843 illustri
640 806 759 842 lumine
781 805 905 855 Virgo.

118 858 215 897 Cedit
231 860 326 897 clara
346 859 443 897 Fides
466 859 628 908 Cyllenia,
647 859 808 909 mergitur
824 857 919 896 unda

115 912 317 964 Delphinus,
335 913 439 950 simul
453 912 619 962 obtegitur
635 911 774 963 depulsa
796 911 950 961 Sagitta,

110 968 230 1016 Atque
248 968 338 1004 Avis
355 965 405 1003 ad
419 978 583 1002 summam
600 965 758 1008 caudam,
770 965 965 1016 primasque
981 964 1102 1009 recedit

115 1020 261 1061 Pinnas,
278 1027 311 1057 et
329 1033 472 1069 magnus
484 1019 615 1070 pariter
632 1018 802 1055 delabitur
818 1019 952 1055 Amnis.

116 1073 187 1110 Hic
205 1073 323 1123 Equus
341 1086 363 1109 a
381 1073 488 1123 capite
504 1082 535 1109 et
553 1072 654 1122 longa
672 1073 798 1109 cervice
814 1072 944 1109 latescit
955 1088 968 1108 .-

117 1126 269 1175 Longius
287 1126 433 1163 exoritur
439 1126 516 1173 jam
534 1125 624 1163 claro
641 1135 768 1175 corpore
789 1124 942 1175 Serpens,

121 1179 328 1229 Crateraque
346 1188 439 1215 tenus
458 1179 543 1215 lucet
563 1178 757 1216 mortalibus
776 1177 911 1226 Hydra.

115 1230 202 1271 Jnde
213 1231 313 1282 pedes
335 1232 437 1269 Canis
455 1231 592 1268 ostendit
599 1233 679 1279 jam
693 1232 897 1282 posteriores,

120 1285 169 1322 Et
183 1291 258 1335 post
275 1286 342 1335 ipse
361 1284 467 1322 trahit
483 1284 574 1322 claro
592 1298 665 1320 cum
684 1285 805 1322 lumine
822 1285 967 1336 Puppim
979 1301 996 1322 .-

120 1339 312 1389 Insequitur
330 1338 444 1375 labens
456 1348 518 1389 per
536 1338 611 1374 coeli
629 1337 758 1375 lumina
777 1338 907 1382 Navis,

121 1392 170 1428 Et
177 1391 325 1439 jamjam
343 1399 406 1429 toto
420 1391 575 1442 processit
593 1402 720 1441 corpore
742 1391 847 1441 Virgo
860 1406 872 1426 .-

121 1445 212 1482 Haec
229 1444 370 1482 medium
385 1444 523 1481 ostendit
540 1444 675 1481 radiato
691 1444 802 1494 stipite
820 1443 974 1482 Malum.

117 1500 173 1537 At
189 1512 290 1549 quum
301 1497 483 1549 procedunt
498 1498 630 1535 obscuro
646 1508 772 1548 corpore
791 1496 919 1542 Chelae,

123 1551 269 1588 Exsistit
284 1552 413 1602 pariter
430 1551 533 1601 larga
552 1564 625 1587 cum
645 1551 715 1587 luce
735 1551 866 1595 Bootes,

126 1604 233 1652 Cujus
252 1604 287 1641 in
305 1603 486 1642 adversum
503 1612 552 1640 est
569 1606 739 1640 Arcturus
757 1615 883 1654 corpore
887 1602 1004 1650 fixus,

126 1657 277 1708 Totaque
283 1657 362 1705 jam
382 1668 484 1708 supra
489 1657 636 1707 fulgens
649 1656 839 1707 prolabitur
856 1660 952 1707 Argo
965 1672 978 1693 .-

126 1709 313 1761 Hydraque
330 1710 419 1761 quod
431 1710 499 1747 late
516 1710 596 1747 coelo
614 1710 760 1760 dispersa
779 1717 920 1754 tenetur,

128 1763 289 1801 Nondum
307 1770 378 1800 tota
389 1772 500 1814 patet,
520 1776 583 1799 non
601 1762 746 1800 caudam
766 1764 908 1813 contegit
927 1762 1062 1800 umbra.

127 1817 209 1855 Jam
226 1815 382 1853 dextrum
395 1830 516 1867 genus,
535 1823 567 1853 ct
585 1816 774 1854 decoratam
791 1817 913 1853 lumine
928 1829 1046 1854 suram

127 1870 246 1920 Erigit
265 1870 319 1906 ille
336 1883 476 1920 vagans
495 1869 638 1919 vulgato
657 1870 782 1907 nomine
803 1870 930 1914 Nixus,

134 1924 240 1973 Quem
257 1930 348 1960 nocte
365 1923 575 1965 exstinctum,
594 1930 697 1973 atque
714 1932 862 1960 exortum
881 1922 1031 1961 vidimus
1048 1936 1134 1970 una,

127 1977 284 2027 Persaepe
302 1985 340 2013 ut
353 1988 508 2027 par-vum
525 1986 666 2013 tranans
679 1977 909 2027 gemina-verit
925 1975 1045 2014 orbem.

121 2029 201 2068 ,Hic
211 2043 318 2080 genus
335 2039 367 2067 et
385 2043 500 2066 suram
516 2043 591 2067 cum
612 2029 722 2067 Chelis
732 2030 839 2080 erigit
854 2030 925 2067 alte
939 2045 952 2066 .·

128 2083 205 2133 Ipse
221 2089 334 2120 autem
346 2093 496 2134 praeceps
513 2082 652 2120 obscura
670 2092 761 2121 nocte
778 2089 918 2126 tenetur,

129 2136 229 2175 Dum
250 2136 349 2187 Nepa
366 2143 399 2173 et
417 2136 611 2174 Arcitenens
626 2136 777 2174 invisunt
795 2136 926 2174 Iumina
942 2136 1031 2183 coeli,

131 2189 213 2227 Non
230 2202 265 2226 se
281 2203 354 2226 cum
373 2188 514 2226 medium
528 2189 657 2240 pandet
677 2190 789 2240 Nepa,
809 2190 920 2228 tollere
935 2204 1017 2231 vero

133 2242 177 2283 In
192 2241 311 2279 coelum
330 2249 435 2279 totum
452 2244 597 2280 exoriens
616 2242 793 2280 conabitur
810 2247 936 2282 Arcus.

133 2295 205 2333 Hic
222 2294 328 2332 tribus
346 2296 471 2333 elatum
491 2310 564 2333 cum
583 2296 687 2346 signis
706 2307 834 2347 corpore
851 2305 916 2334 toto

135 2348 244 2386 Lucet
259 2364 270 2394 3
299 2357 338 2386 at
353 2350 502 2387 exoritur
520 2349 629 2387 media
646 2348 688 2387 de
700 2356 801 2401 parte
822 2349 964 2394 Corona,

137 2399 326 2452 Caudaque
348 2402 509 2440 Centauri
525 2412 666 2440 extremo
683 2403 822 2440 candore
837 2404 993 2454 refulget.

137 2454 208 2494 Hic
224 2455 343 2503 sejam
362 2464 464 2493 totum
488 2469 593 2494 caecas
613 2457 732 2507 Equus
750 2455 848 2494 abdit
866 2457 902 2494 in
917 2456 1072 2502 umbras,

145 2508 251 2559 Quem
269 2508 375 2545 rutila
381 2508 527 2559 fitlgens
537 2510 657 2560 pluma
669 2510 892 2560 praetewolat
912 2509 1004 2547 Ales.

127 2560 275 2604 [Gecidit
294 2560 517 2600 Andromedae
533 2563 662 2600 clarum
681 2573 795 2614 caput,
812 2573 844 2601 et
852 2564 941 2613 ftra
959 2562 1096 2602 Pistrix

140 2613 305 2659 Labitur,
325 2614 496 2652 horribiles
513 2617 628 2666 epulas
633 2615 782 2664 funesta
799 2617 981 2667 requirens.

142 2667 246 2707 Hanc
263 2677 379 2705 contra
400 2668 546 2719 Cepheus
564 2682 628 2706 non
645 2680 750 2708 cessat
763 2670 899 2717 tendere
908 2670 1058 2722 palmas.

1444 117 1524 158 9⁵3

1450 277 1529 318 370

1458 808 1540 841 380

1463 1076 1540 1109 385

1471 1343 1551 1385 ³90

1472 1610 1548 1652 395

1486 2409 1570 2447 410

1487 2675 1569 2707 4125

174 2797 209 2822 1³
221 2790 333 2822 illum-¹·
344 2788 543 2829 &mind-Sic
549 2790 814 2832 &senatumne-
824 2791 1107 2827 mmemiuntaeffi.
1116 2791 1215 2824 doce.
1234 2790 1320 2825 male
1331 2791 1432 2832 vulgo
1445 2790 1575 2822 illumin

147 2831 270 2873 lumina.
285 2833 377 2868 nullo
391 2842 498 2867 sensu.
