1844 3202
189 231 242 268 68
257 219 313 270 id,
335 217 450 276 quod
469 225 640 272 emerat,
661 233 746 276 quo
760 235 859 318 ¹jure
878 229 1002 271 esset,
1023 229 1197 263 teneret.

253 112 333 159 776
786 107 863 151 DE
899 109 1158 152 OFFICIIS

1255 222 1472 279 Quorsum
1492 222 1583 264 haec
1598 223 1612 264 ἓ
1638 230 1688 265 ut

174 290 241 344 17
256 276 362 318 illud
382 277 605 333 intelligaS,
628 292 711 318 non
730 292 756 333 p
775 278 936 319 acuisse
956 277 1187 334 majoribus
1207 280 1358 321 nostris
1380 288 1555 321 astutos.
1601 279 1687 321 Sed

255 333 375 375 aliter
394 333 527 390 leges,
547 334 667 375 aliter
691 333 934 390 philosophi
966 335 1122 376 tollunt
1150 336 1350 377 astutias:
1382 337 1514 393 leges,
1540 345 1687 392 quate-

254 404 332 431 nus
361 405 490 432 manu
519 399 661 432 tenere
689 400 894 445 possunt:
931 390 1189 447 philosophi,
1219 402 1425 448 quatenus
1454 393 1616 434 ratione
1645 401 1690 433 et

251 445 546 503 intelligentia.
611 448 735 488 Ratio
769 447 900 502 igitur
931 447 1133 502 postulat,
1165 464 1217 489 ne
1250 449 1351 504 quid
1385 449 1600 499 insidiose,
1635 463 1689 489 ne

251 503 355 558 quid
385 503 594 554 simulate,
616 518 669 544 ne
699 504 801 559 quid
830 503 1047 545 fallaciter.
1109 513 1146 537 8⁵
1165 505 1327 546 Suntne
1353 506 1483 561 igitur
1510 505 1688 556 insidiae,

250 559 422 601 tendere
447 559 610 616 plagas,
633 566 672 591 86
693 559 820 601 etiam
848 560 883 600 si
913 561 1169 602 excitaturus
1191 577 1274 602 non
1296 561 1350 602 sis
1371 564 1478 603 feras
1498 578 1574 615 nec
1595 562 1688 618 agi-

251 618 445 658 taturus?
475 617 579 671 ipsae
607 617 734 666 enim,
756 616 874 657 nullo
902 617 1161 673 insequente,
1183 632 1294 673 saepe
1326 618 1529 661 incidunt.
1561 619 1619 660 sie
1640 627 1690 660 tu

252 672 363 715 aedes
393 674 646 729 proscribas,
678 680 714 709 87
731 673 936 724 tabulam,
967 682 1185 730 tamquam
1218 675 1402 730 plagam,
1432 690 1579 732 ponas,
1609 674 1688 716 do-

252 744 372 771 mum
402 740 576 786 propter
605 730 703 772 vitia
731 729 909 780 vendas3
940 730 982 771 in
1012 745 1105 772 eam
1136 731 1285 786 aliquis
1316 732 1500 773 incurrat
1526 733 1688 788 impru-

187 795 240 843 69
254 786 370 828 dens.
431 787 532 828 Hoc
557 801 814 843 quamquam
834 787 952 828 video
979 797 1152 844 propter
1171 787 1511 843 depravationem
1532 804 1689 830 consu-

250 843 449 895 etudinis‚
478 858 613 899 neque
642 858 761 885 more
791 853 913 899 turpe
942 843 1103 895 haberi,
1133 859 1270 900 neque
1299 854 1373 886 aut
1401 845 1495 901 lege
1524 845 1690 896 sanciri,

250 907 326 941 aut
354 899 453 956 jure
484 900 623 940 civili:
671 910 813 940 tamen
846 909 1006 941 naturae
1037 901 1132 956 lege
1154 901 1361 942 sancitum
1396 911 1474 943 est.
1511 902 1690 943 societas

249 957 362 997 enim
387 965 464 1006 est,
489 956 622 1011 (quod
651 956 729 996 etsi
760 971 871 1011 saepe
900 957 1059 998 dictum
1092 965 1169 1008 est,
1200 957 1425 998 dicendum
1455 967 1596 999 tamen
1626 967 1692 999 est

250 1013 420 1068 saepius)
446 1012 646 1053 latissime
675 1011 844 1068 quidem
875 1028 970 1068 quae
1000 1022 1156 1069 pateat,
1179 1012 1399 1054 hominum
1423 1014 1530 1055 inter
1549 1014 1690 1055 homi-

251 1083 354 1110 nes:
385 1069 559 1110 interior
587 1083 750 1119 eorum,
778 1069 851 1125 qui
879 1069 1070 1126 ejusdem
1098 1070 1238 1125 gentis
1267 1079 1393 1119 sunt3
1425 1071 1596 1126 propior
1615 1084 1690 1112 eo-

249 1141 360 1177 rum,
381 1126 453 1182 qui
479 1125 670 1182 ejusdem
701 1126 893 1168 civitatis.
954 1127 1103 1183 Itaque
1133 1126 1313 1183 majores
1343 1127 1459 1168 aliud
1481 1126 1554 1182 jus
1583 1141 1691 1182 gen-

249 1182 372 1233 tium,
393 1183 509 1224 aliud
530 1183 602 1239 jus
630 1183 749 1224 civile
780 1197 870 1224 esse
898 1183 1135 1225 voluerunt.
1168 1183 1285 1239 quod
1313 1183 1446 1236 civile,
1468 1198 1551 1225 non
1573 1184 1687 1225 idem

248 1239 452 1281 continuo
481 1239 699 1295 gentium3
732 1240 849 1296 quod
882 1248 1022 1281 autem
1057 1240 1268 1296 gentium,
1302 1240 1415 1281 idem
1447 1240 1567 1281 civile
1596 1255 1690 1282 esse

249 1295 389 1337 debet.
450 1296 533 1337 Sed
560 1311 635 1337 nos
660 1295 743 1337 veri
767 1295 891 1352 juris,
917 1311 1215 1353 germanaeque
1238 1297 1417 1353 justitiae
1444 1297 1623 1338 solidam
1648 1307 1693 1339 et

248 1367 490 1408 expressam
520 1353 702 1408 effigiem
735 1353 894 1394 nuliam
926 1363 1144 1395 tenemus:
1186 1355 1337 1395 umbra
1363 1363 1406 1395 et
1434 1353 1692 1410 imaginibus

249 1410 438 1451 utimur:
469 1424 539 1451 eas
567 1410 676 1466 ipsas
703 1410 864 1451 utinam
897 1410 1193 1466 sequeremur!
1217 1419 1255 1442 88
1273 1412 1464 1452 feruntur
1495 1411 1608 1452 enim
1639 1425 1691 1453 ex

185 1482 239 1522 70
251 1465 423 1522 optimis
443 1475 603 1508 naturae
624 1476 667 1508 ct
686 1467 869 1509 veritatis
889 1468 1107 1523 exemplis.
1157 1469 1269 1508 Nam
1295 1467 1439 1523 quanti
1461 1467 1584 1509 verba
1604 1467 1691 1518 illa,

167 1716 237 1744 ,ὀᾶ
1634 1740 1640 1748 .

141 1723 163 1754 P
233 1749 424 1806 -quidem
446 1750 648 1801 Scaevola,
668 1750 859 1805 pontifex
883 1750 1107 1801 maximus,
1128 1757 1168 1785 89
1186 1764 1396 1792 summam
1417 1751 1497 1791 vim
1521 1750 1690 1791 dicebat

253 1536 341 1564 UTI
378 1537 442 1564 NE
478 1537 706 1565 PROPTER
740 1538 821 1575 TE,
855 1538 1088 1566 rmnmvss
1123 1537 1267 1564 TUAM
1304 1538 1511 1576 CAPTUS,
1536 1537 1691 1565 FRAU-

253 1593 489 1621 DATUSVE
537 1582 699 1621 susm?
749 1595 876 1636 quam
915 1580 987 1621 illa
1025 1580 1177 1622 aurea!
1223 1590 1271 1621 ut
1314 1594 1472 1622 1N‘r1-:n
1518 1594 1685 1622 BONOS

252 1649 389 1678 BENE
419 1649 579 1678 AGIER
613 1650 863 1687 OPORTET,
892 1651 954 1677 ET
991 1651 1107 1678 s1NE
1143 1638 1545 1678 FRAUDATIONE?
1590 1636 1689 1688 Sed,

251 1693 325 1749 qui
356 1693 440 1735 sint
472 1693 578 1744 boni,
596 1702 640 1734 et
670 1693 771 1749 quid
804 1692 859 1734 sit
889 1692 984 1734 hene
1011 1693 1096 1749 agi,
1115 1708 1273 1749 magna
1293 1694 1472 1749 quaestio
1492 1702 1571 1735 est.

251 1822 345 1850 esse
363 1807 407 1848 in
427 1807 624 1849 omnibus
645 1806 745 1848 90iis
765 1806 961 1857 arbitriis,
978 1806 1020 1847 in
1041 1807 1195 1862 quibus
1216 1806 1454 1857 adderetur,
1477 1821 1541 1848 Ex
1568 1820 1690 1848 FIDE

253 1878 390 1906 BONA
412 1881 422 1905 ε
454 1863 634 1920 fideique
661 1864 787 1905 bonae
818 1878 972 1904 nomen
999 1864 1266 1905 existimabat
1285 1877 1453 1905 manare
1473 1863 1690 1914 latissime,

249 1921 379 1977 idque
398 1921 549 1962 versari
574 1921 617 1962 in
636 1921 792 1971 tutelis,
815 1920 1100 1972 societatibus,
1121 1920 1297 1971 fiduciis,
1316 1920 1540 1970 mandatis,
1562 1920 1690 1960 rebus

250 1978 390 2031 emtis,
428 1978 621 2030 venditis,
657 1976 894 2029 conductis,
929 1976 1092 2029 locatis,
1133 1986 1170 2013 91
1190 1977 1342 2035 quibus
1360 2004 1362 2006 ·
1379 1977 1474 2019 vitae
1511 1976 1688 2018 societas

296 2133 335 2158 85
360 2125 472 2157 Suntne
498 2125 589 2165 igitur
615 2123 741 2164 insidiae]
771 2125 882 2155 Suntne
905 2132 951 2155 est

252 2180 309 2210 pro
324 2181 411 2199 nonne
426 2169 518 2208 igitur
533 2175 608 2198 sunt.
651 2169 751 2199 Totus
768 2168 857 2199 locus
875 2169 951 2198 forte

252 2215 298 2244 sic
313 2213 553 2243 constituendus
567 2225 573 2242 ;
595 2212 635 2241 Ut
651 2218 715 2241 sunt
729 2211 822 2250 igitur
838 2211 952 2240 insidiae

251 2255 427 2286 -incidunt
439 2267 449 2284 :
473 2255 514 2284 sic
527 2256 551 2284 51'
571 2261 602 2284 tu
622 2255 696 2284 aedcs
712 2254 875 2294 proscribas
891 2256 949 2286 &c.

253 2299 278 2329 .ςὶ
293 2309 310 2329 e
327 2300 406 2330 Mss.
422 2298 518 2328 etiam
535 2298 679 2328 l'earcius
694 2298 822 2328 addidit.

299 2348 338 2372 86
362 2342 450 2371 etiam
473 2342 497 2370 si
520 2341 699 2370 excitaturus
722 2352 775 2369 non
797 2341 834 2370 sis
845 2337 949 2380 feras]

253 2385 368 2416 Addidi
384 2387 486 2424 feras,
509 2385 595 2423 quod
623 2384 770 2414 nonnulli
796 2383 864 2413 libri
889 2393 950 2414 scr.

252 2430 388 2463 addunt,
410 2429 541 2467 quidam
566 2434 597 2456 et
619 2427 751 2464 bestiam,
775 2433 811 2456 ut
837 2427 951 2456 Duisb.

252 2480 324 2512 post
338 2471 535 2510 deleviferae‚
549 2470 580 2500 in
597 2470 666 2510 ipsae
679 2470 753 2499 enim
756 2471 853 2510 fcrae,
866 2470 952 2509 quod

253 2516 342 2546 abest
357 2515 405 2544 ed.
422 2514 492 2543 Col.

300 2563 336 2593 87
366 2555 510 2594 tabulam]
540 2556 578 2586 In
603 2565 667 2595 qua
691 2555 812 2586 venalis
835 2556 950 2585 domus

253 2601 439 2632 declaratur.
478 2608 556 2630 mox
592 2599 624 2629 in
657 2610 719 2629 eam
751 2598 852 2629 intell.
885 2598 953 2638 pla·

253 2654 341 2684 gam.

301 2694 340 2718 88
353 2686 499 2728 feruntur
518 2695 554 2714 ex
571 2684 684 2724 optimis
699 2690 814 2713 natura:
830 2690 857 2713 et
872 2683 954 2713 veri-

253 2731 325 2760 tatis
341 2727 490 2769 exemplis]
509 2729 652 2758 Pearcius
668 2728 768 2757 dedit:
775 2727 811 2767 f.
827 2738 863 2755 ex
878 2727 951 2766 opti-

253 2774 308 2803 mis
329 2779 443 2802 natura·
460 2771 614 2811 principiis
629 2781 646 2800 e
663 2771 741 2801 Mss.
758 2770 950 2809 quibusdam

253 2823 285 2845 α
306 2816 377 2846 edd.
401 2814 539 2846 Manutii
563 2821 594 2844 et
618 2813 777 2849 Lambini,
794 2815 870 2843 item
895 2814 953 2842 La-

251 2860 372 2890 ctantio
397 2858 474 2890 Inst.
501 2858 576 2890 Div,
598 2857 656 2896 Vl,
679 2862 710 2888 ὁ.
733 2857 786 2888 sed
813 2856 952 2897 imagines

995 2135 1060 2155 non
1074 2125 1219 2156 feruntur
1233 2134 1251 2155 a
1261 2123 1427 2164 principiis.
1444 2130 1558 2153 naturae
1570 2131 1598 2153 et
1609 2124 1693 2154 veri·

995 2168 1066 2198 tatis
1077 2168 1207 2207 exempla
1219 2175 1294 2198 sunt
1306 2177 1386 2198 verae
1399 2174 1520 2198 naturae
1532 2167 1692 2207 exempla.

995 2218 1026 2241 et
1041 2218 1125 2250 patet
1139 2212 1266 2250 phrasin
1283 2212 1413 2241 ductam
1429 2220 1495 2241 esse
1510 2220 1549 2240 ex
1565 2218 1629 2241 arte
1646 2212 1692 2251 pi-

993 2255 1102 2291 ctoria,
1129 2255 1161 2285 in
1191 2264 1256 2294 qua
1281 2254 1434 2294 imagines
1459 2254 1623 2289 ducuntur
1650 2254 1692 2284 ab

993 2297 1161 2337 exemplis.

1038 2347 1078 2373 89
1101 2351 1240 2370 summam
1265 2340 1330 2369 vim
1353 2351 1408 2369 esse
1428 2339 1458 2368 in
1482 2338 1517 2368 iis
1541 2337 1689 2378 arbitriis]

995 2384 1046 2414 Sc.
1074 2384 1112 2413 ad
1140 2383 1411 2422 cognoscendum,
1439 2383 1493 2421 qui
1521 2382 1584 2412 sint
1613 2381 1690 2418 boni,

995 2427 1071 2466 quid
1087 2427 1126 2455 sit
1140 2426 1206 2456 bene
1221 2427 1283 2465 agi.
1308 2427 1338 2455 in
1359 2427 1395 2455 iis
1416 2426 1558 2455 maxime
1574 2433 1694 2464 cogno·

995 2471 1053 2505 sci,
1070 2470 1123 2509 qui
1140 2470 1203 2500 sint
1216 2469 1272 2499 viri
1289 2469 1363 2498 boni
1381 2470 1442 2498 ἃς.

1040 2520 1080 2545 90
1103 2512 1138 2541 iis
1156 2510 1303 2551 arbitriis]
1323 2512 1386 2542 Ms.
1409 2512 1485 2542 Cur.
1508 2521 1573 2542 non
1598 2509 1693 2541 habet

994 2555 1042 2585 iis.
1066 2565 1125 2585 nec
1142 2556 1293 2585 desidem.
1531 2561 1535 2564 ’

1040 2605 1076 2631 91
1118 2598 1219 2639 quibus
1255 2598 1332 2626 vitae
1368 2596 1484 2627 societas
1515 2594 1691 2637 continetur]

997 2641 1093 2671 Recte
1108 2641 1279 2677 continetur,
1295 2641 1318 2671 si
1337 2641 1398 2670 hoc
1419 2650 1435 2670 e
1455 2649 1587 2679 persona
1602 2640 1693 2669 Cice-

998 2685 1080 2714 ronis
1096 2684 1230 2713 dicitur:
1255 2685 1279 2713 si
1296 2689 1405 2714 autem
1421 2683 1553 2723 pertinet
1569 2683 1606 2712 ad
1623 2692 1693 2722 per-

994 2737 1107 2757 sonam
1139 2727 1303 2762 Scoevolae,
1334 2727 1510 2766 pendetque
1542 2726 1620 2756 adeo
1649 2735 1690 2756 ex

996 2769 1193 2806 existimabas,
1224 2770 1396 2809 legendum
1425 2768 1625 2805 contineretur,
1654 2776 1691 2798 ut

996 2814 1077 2843 mihi
1093 2822 1175 2852 saepe
1191 2812 1296 2843 visum
1313 2819 1370 2848 est,
1387 2818 1417 2842 et
1430 2812 1526 2841 habet
1542 2812 1605 2843 Ms.
1621 2812 1690 2843 Du-

996 2857 1055 2888 isb.
1071 2857 1147 2888 item
1164 2856 1212 2886 cd.
1228 2855 1296 2886 Col.
1315 2856 1407 2896 idque
1424 2854 1535 2894 recepi.
