1844 3202
602 110 779 149 LIBER
819 108 1054 148 PRIMUS.
1463 116 1537 157 713

113 234 282 262 cernere
315 219 530 268 iratorum,
563 226 636 259 aut
669 231 831 268 eorum,
867 216 938 273 qui
970 223 1042 257 aut
1076 214 1248 256 libidine
1281 216 1433 272 aliqua,
1466 226 1540 261 aut

114 286 231 318 metu
253 276 588 325 commotisunt,
616 283 688 315 aut
714 274 928 329 voluptate
956 273 1083 313 nimia
1109 272 1323 328 gestiunt:
1357 288 1537 328 quorum

111 333 300 374 omnium
321 333 472 382 vultus,
493 345 630 381 voceS,
651 339 807 380 motus,
827 338 1044 385 statusque
1074 338 1302 370 mutantur.
1362 330 1424 370 Ex
1444 332 1536 386 qui·
1553 339 1623 372 103

111 390 190 431 bus
211 389 314 431 illud
333 388 582 443 intelligitur
605 389 668 440 (ut
695 387 747 429 ad
769 387 890 428 officii
915 386 1094 427 formam
1118 389 1385 437 revertamur)
1412 401 1537 441 appe·
1549 398 1577 426 p·
1592 394 1644 419 2¹·

111 446 214 487 titus
236 459 382 486 omnes
402 444 725 495 contrahendos,
757 442 1062 498 sedandosque,
1083 441 1430 498 excitandamque
1450 440 1578 483 ani-³·

112 501 439 542 madversionem
470 510 512 542 ct
542 500 818 556 diligentiam,
840 509 889 541 ut
909 513 961 540 ne
980 499 1082 555 quid
1102 509 1257 540 temere
1278 513 1326 540 ac
1348 499 1540 550 fortuitu,

110 557 431 608 inconsiderate,
462 558 809 613 negligenterque
839 570 1029 611 agamus.
1060 569 1197 611 neque
1227 555 1337 595 enim
1370 556 1426 596 ita
1464 570 1541 610 ge-

110 614 245 655 nerati
274 629 299 654 a
329 623 476 655 natura
506 629 665 664 sumus,
686 623 734 655 ut
762 613 814 653 ad
845 613 992 654 ludum
1015 620 1058 653 et
1081 612 1230 667 jocum
1252 612 1350 652 faeti
1372 626 1462 653 esse
1483 612 1541 652 vi-

110 670 297 721 deamur,
318 670 391 711 sed
411 670 464 711 ad
486 672 743 712 severitatem
762 670 917 725 potius,
934 677 977 710 et
997 669 1050 709 ad
1073 667 1265 724 quaedam
1289 668 1425 709 studia
1443 683 1542 724 gra-

110 727 223 768 viora
254 736 380 783 atque
413 727 587 783 majora.
646 726 770 768 Ludo
798 733 938 767 autem
971 734 1014 768 et
1037 727 1139 781 joco
1173 725 1234 765 uti
1266 724 1339 766 illo
1370 725 1540 781 quidem

110 783 236 825 licet:
265 783 339 824 sed
367 783 475 824 sicut
504 798 670 834 somno,
691 792 733 824 et
758 782 969 838 quietibus
989 782 1152 832 ceteris,
1173 790 1263 822 tum
1286 796 1382 822 cum
1404 782 1546 836 gravi-'

109 840 189 880 bus
209 840 407 895 seriisque
427 840 550 881 rebus
571 839 909 881 satisfecerimus.
971 840 1200 894 Ipsumque
1218 852 1353 893 genus
1367 838 1542 894 jocandi

110 910 192 936 non
222 897 455 952 profusum,
477 910 551 937 nec
582 895 898 946 immodestum,
920 896 993 936 sed
1025 896 1253 950 ingenuum
1284 904 1326 936 et
1356 896 1540 936 facetum

108 966 199 993 esse
229 953 368 994 debet.
428 954 491 994 Ut
520 952 632 994 enirn
661 953 801 1008 pueris
832 966 916 993 non
945 967 1116 993 omnem
1138 951 1309 993 ludendi
1328 951 1539 993 licentiam

108 1008 274 1059 damus,
296 1009 369 1051 sed
397 1024 505 1061 eam,
527 1024 620 1065 quae
652 1010 705 1050 ab
728 1009 915 1050 honestis
936 1009 1170 1050 actionibus
1192 1022 1275 1049 non
1302 1008 1355 1049 sit
1375 1009 1510 1049 aliena
1530 1025 1539 1049 :

108 1065 168 1106 sic
187 1065 341 1121 inipso
365 1065 468 1122 joco
497 1066 668 1122 aliquod
698 1066 820 1121 probi
849 1066 1006 1121 ingenii
1036 1065 1178 1106 lumen
1208 1064 1385 1106 eluceat.
1444 1066 1539 1107 Du-

107 1122 204 1176 plex
221 1122 393 1163 omnino
409 1131 472 1163 est
487 1122 660 1179 jocandi
676 1136 832 1177 genus:
854 1137 984 1163 unum
1003 1122 1219 1172 illiberale,
1241 1121 1447 1176 petulans,
1467 1123 1542 1163 fla-

106 1178 325 1233 gitiosum,
351 1179 628 1230 obscoenum3
659 1179 853 1228 alterum,
881 1178 1066 1233 elegans,
1095 1179 1318 1228 urbanum,
1348 1179 1541 1233 ingenio-

108 1249 217 1285 sum,
249 1234 447 1276 facetum.
481 1249 566 1290 quo
593 1248 747 1289 genere
770 1249 853 1274 non
875 1235 1005 1275 modo
1028 1235 1199 1275 Plautus
1221 1244 1377 1285 noster,
1398 1244 1439 1276 et
1459 1235 1541 1276 At-

107 1291 288 1332 ticorum
308 1291 480 1347 antiqua
509 1290 731 1341 comoedia,
754 1290 827 1331 sed
857 1291 984 1331 etiam
1015 1291 1366 1346 philosophorum
1393 1294 1544 1333 Socra-

107 1347 289 1389 ticorum
310 1347 404 1390 libri
426 1347 565 1388 referti
597 1356 721 1389 sunt:
753 1348 970 1403 multaque
999 1347 1231 1388 multorum
1260 1348 1396 1389 facete
1416 1348 1541 1400 dieta,

105 1412 154 1444 ut
174 1418 236 1454 ea,
257 1419 353 1461 quae
374 1419 397 1445 a
417 1418 514 1445 sene
535 1404 699 1445 Catone
724 1404 902 1445 collecta
932 1413 1030 1445 sunt
1046 1420 1057 1455 3
1089 1419 1182 1460 quae
1207 1412 1357 1445 vocant
1377 1405 1540 1457 ἀποφθέ-

105 1476 254 1514 γματα.
315 1461 464 1502 Facilis
483 1461 613 1516 igitur
632 1469 695 1502 est
716 1461 930 1502 distinctio
950 1461 1126 1517 ingenui
1145 1469 1187 1502 et
1208 1460 1420 1502 illiberalis
1436 1462 1542 1517 joci.

106 1516 241 1558 &alter
268 1525 346 1568 est,
376 1518 411 1559 si
441 1527 632 1573 tempore
661 1517 720 1568 fit,
752 1532 800 1558 ac
830 1517 1005 1559 remisso
1029 1517 1186 1567 animo,
1208 1517 1340 1559 libero
1361 1517 1542 1573 dignus:

105 1573 210 1614 alter
231 1587 282 1615 ne
300 1574 474 1616 homine
493 1574 680 1630 quidem,
701 1575 735 1615 si
760 1589 899 1615 rerurn
927 1574 1178 1630 turpitudini
1208 1574 1433 1615 adhibetur
1454 1589 1544 1616 ver-

104 1629 256 1671 borum
276 1631 545 1673 obscoenitas.
604 1630 798 1684 Ludendi
819 1632 945 1672 etiam
977 1640 1042 1672 est
1063 1631 1232 1687 quidam
1268 1630 1420 1672 modus
1441 1631 1542 1672 reti—

105 1686 282 1738 nendus,
302 1696 350 1729 ut
373 1697 392 1723 9
407 1702 458 1729 ne
479 1687 602 1729 nimis
622 1687 766 1729 omnia
785 1687 1105 1742 profundamus,
1124 1687 1306 1743 elatique
1325 1687 1544 1744 voluptate

105 1742 147 1784 in
168 1743 352 1800 aliquam
384 1743 688 1800 turpitudinem
717 1743 978 1786 delabamur.
1038 1744 1318 1800 Suppeditant
1338 1752 1477 1785 autern
1499 1754 1543 1786 et

103 1813 280 1896 gampus
323 1809 478 1852 noster,
519 1809 562 1842 et
609 1800 748 1843 studia
789 1801 979 1852 venandi,
1019 1800 1199 1843 honesta
1243 1801 1435 1857 exempla
1474 1801 1544 1842 lu-

132 1856 244 1898 endi.

161 1912 244 1954 Sed
277 1921 315 1945 10
327 1913 511 1969 pertinet
540 1913 592 1955 ad
624 1927 793 1955 omnem
825 1913 951 1954 officii
981 1914 1274 1969 quaestionem,
1305 1928 1471 1969 semper
1498 1914 1538 1956 in
1553 1916 1627 1965 30

101 1978 278 2025 promtu
296 1969 464 2020 habere,
482 1977 685 2026 quantum
706 1979 854 2011 natura
875 1969 1058 2011 hominis
1079 1971 1328 2026 pecudibus,
1346 1971 1538 2027 reliquis·
1556 1992 1628 2025 105

102 2039 185 2081 que
213 2026 348 2068 beluis
377 2026 612 2068 antecedat.
672 2027 763 2068 Illae
792 2026 895 2067 nihil
926 2027 1124 2078 sentiunt,
1155 2027 1235 2069 nisi
1263 2028 1584 2083 voluptatem,b.

101 2082 156 2124 ad
185 2096 362 2139 eamque
391 2084 581 2125 feruntur
609 2083 726 2125 omni
756 2083 944 2139 impetu:
980 2083 1217 2126 11hominis
1247 2093 1387 2125 autem
1419 2099 1539 2126 mens

100 2138 303 2181 discendo
341 2140 480 2191 alitur,
509 2149 553 2182 et
581 2140 826 2196 cogitando,
857 2154 1023 2196 semper
1052 2140 1211 2196 aliquid
1241 2149 1315 2182 aut
1343 2141 1540 2196 anquirit,

101 2206 175 2240 aut
193 2196 298 2254 agit,
318 2196 569 2252 videndique
588 2206 632 2238 et
652 2196 851 2239 audiendi
871 2197 1151 2240 delectatione
1171 2197 1355 2240 ducitur.
1404 2198 1542 2254 Quin-

102 2253 245 2304 etiam,
266 2252 301 2294 si
327 2253 420 2309 quis
449 2263 514 2295 est
540 2253 684 2309 paullo
708 2253 762 2296 ad
790 2253 1025 2310 voluptates
1053 2255 1314 2310 propensior,
1335 2255 1467 2297 modo
1489 2269 1541 2296 ne

103 2308 157 2353 Sit
175 2323 226 2351 ex
244 2309 458 2366 pecudum
476 2324 645 2366 genere,
670 2312 783 2365 (sunt
812 2311 925 2352 enim
952 2311 1125 2367 quidam
1155 2310 1348 2353 homines
1377 2325 1460 2352 non
1482 2325 1542 2362 re,

1558 1079 1571 1109 l
1578 1078 1637 1110 04.

146 2452 164 2476 8
187 2444 405 2476 alter—libero
419 2447 534 2487 dignus,
551 2446 628 2477 alter
641 2458 675 2477 ne
690 2447 800 2477 homine

100 2487 228 2530 quidem]
246 2489 439 2529 Transposui
454 2491 548 2520 verba
561 2490 671 2520 homine
685 2497 716 2521 et
730 2490 802 2519 libe-

101 2541 144 2568 ro,
163 2531 298 2570 jubente
322 2542 364 2562 re.
378 2542 455 2563 nam
477 2544 512 2562 ne
527 2532 641 2575 quidem
664 2533 802 2574 postulat

101 2574 223 2613 aliquid
248 2575 357 2606 minus
379 2576 585 2615 praecedente.
610 2583 641 2608 et
663 2577 709 2607 sic
731 2577 800 2616 jam

99 2617 222 2648 editum
243 2624 291 2649 est
315 2627 334 2648 a
356 2618 523 2656 Lambino‚
551 2619 634 2650 Aldo
658 2620 739 2650 min.
767 2626 798 2650 et

99 2659 180 2691 aliis.
195 2661 280 2692 Vidit
294 2661 389 2693 etiam
406 2661 549 2692 Peareius
563 2668 658 2702 atque
672 2664 718 2694 sic
733 2663 798 2694 edi-

101 2702 156 2735 dit.

145 2753 164 2778 9
186 2756 221 2775 ne
243 2746 327 2777 nimis
352 2746 448 2777 omtu'a
469 2746 694 2787 profundamus]
721 2749 802 2779 Tor-

100 2797 167 2820 sere
182 2798 215 2820 se
238 2789 270 2820 in
293 2790 355 2820 hoc
370 2790 441 2821 loco
459 2790 642 2830 corrigendo
655 2791 713 2823 viri
728 2791 799 2831 qui-

100 2831 175 2862 dam
199 2833 295 2863 docti.
319 2833 401 2865 mihi
426 2843 524 2865 nanus
548 2833 682 2873 videtur,
703 2834 798 2864 omn-‘a

842 2446 984 2486 intelligo
999 2447 1113 2487 risum,
1129 2448 1316 2487 clamorem,
1332 2455 1460 2480 motum
1476 2459 1545 2481 cor·

842 2492 924 2531 poris
941 2492 1001 2522 ἃς.

887 2541 926 2565 10
942 2534 1072 2573 pertinet
1095 2534 1137 2563 ad
1158 2545 1266 2564 omnem
1295 2533 1380 2574 qfficii
1408 2535 1543 2576 quaesrio-

842 2576 919 2616 nem]
939 2578 958 2607 i.
975 2587 1004 2608 e.
1025 2578 1148 2617 quoties
1169 2577 1333 2618 quaeritur,
1349 2578 1426 2616 quid
1441 2579 1481 2608 sit
1494 2579 1543 2608 of·

841 2620 916 2651 ficio
930 2627 1196 2662 cpnsentaneum,
1212 2620 1391 2660 plurimum
1405 2620 1488 2651 valet
1502 2621 1543 2651 ad

841 2663 1085 2702 intelligendum
1101 2670 1183 2694 recte
1199 2665 1258 2694 &c.

890 2714 924 2737 ll
950 2706 1070 2736 bominis
1084 2713 1180 2736 autem
1195 2717 1271 2736 mens
1285 2703 1413 2735 discendo
1430 2702 1539 2741 alitur}

843 2749 994 2789 Suspicor
1015 2750 1169 2781 excidisse
1194 2748 1274 2790 quia.
1300 2747 1418 2777 hominis
1443 2753 1541 2776 anum

843 2803 931 2830 mem,
946 2791 1019 2834 quia
1033 2792 1163 2823 discendo
1178 2792 1269 2821 alitur
1283 2797 1311 2820 et
1326 2801 1386 2831 cog.
