1844 3202
287 99 366 134 834
870 95 1114 134 LAELIUS

288 201 680 266 cogitationemque
713 201 946 245 meliorem.
1005 204 1128 246 Alius
1158 204 1285 260 igitur
1315 202 1405 245 finis
1436 219 1540 246 verae
1577 202 1722 247 amici·

288 258 361 299 tiae
383 258 702 300 constituendus
722 269 799 309 est,
819 269 854 292 41
873 261 907 301 si
927 260 1056 316 prius,
1077 261 1179 317 quid
1210 261 1390 302 maxime
1415 260 1722 325 reprehendere

291 314 434 371 Scipio
459 316 606 357 solitus
636 316 702 366 sit,
733 315 890 358 dixero.
950 318 1149 381 Negabat
1179 317 1309 359 ullam
1331 332 1477 382 vocem
1511 316 1721 358 inimicio-

250 384 270 413 b
293 386 382 413 rem
409 373 603 413 amicitiae.
636 372 823 428 potuisse
852 373 1036 428 reperiri,
1063 388 1186 429 quam
1222 375 1329 430 ejus,
1358 374 1429 430 qui
1460 373 1645 424 dixisset,
1666 373 1727 414 ita.

293 443 433 470 amare
453 440 665 484 oportere,
685 438 732 470 ut
754 444 788 469 5ι
810 429 1036 484 aliquando
1058 439 1166 470 esset
1187 445 1350 472 osurus.
1371 445 1446 471 nec
1468 445 1564 471 vero
1583 444 1627 471 se
1651 428 1726 470 ad-

293 486 390 527 duci
412 500 549 540 posse,
569 494 615 526 ut
641 485 738 535 hoc,
762 485 1124 549 quemadmodum
1152 495 1383 542 putaretur,
1404 502 1428 527 a
1456 486 1604 528 Biante
1634 499 1726 526 esse

292 542 455 583 dictum
489 541 690 592 crederet,
720 542 792 596 qui
823 541 985 596 sapiens
1014 543 1183 583 habitus
1217 553 1327 584 esset
1354 559 1461 584 unus
1491 558 1521 586 e
1545 553 1727 597 septem,

294 598 398 639 sed
387 598 543 662 impuri
565 597 801 661 cujusdam,
822 607 895 639 aut
915 599 1142 649 ambitiosi,
1165 609 1237 640 aut
1256 600 1396 640 omnia
1415 599 1466 640 ad
1497 614 1616 640 suam
1648 613 1728 653 po-

293 655 466 696 tentiam
503 654 734 696 revocantis
768 669 857 695 esse
892 655 1155 696 sententiam.
1214 655 1415 719 Quonam
1446 656 1557 696 enim
1595 655 1726 696 modo

295 711 519 768 quisquam
544 711 703 752 amicus
725 725 815 752 esse
835 712 1004 767 poterit,
1024 712 1093 753 cui
1121 728 1165 753 se
1194 713 1360 768 putabit
1390 712 1605 753 inimicum
1636 725 1729 752 esse

293 769 447 824 posse?
482 768 707 823 quinetiam
731 781 898 809 necesse
920 769 998 809 erit
1018 783 1171 824 cupere
1191 778 1232 809 ct
1253 778 1413 824 optare,
1434 779 1482 809 ut
1502 784 1628 824 quam
1650 783 1707 808 sae

293 825 465 879 pissime
491 833 637 879 peccet
663 824 838 876 amicus,
860 840 946 880 quo
978 825 1119 880 plures
1150 825 1221 866 det
1252 825 1331 866 sibi
1365 837 1580 881 tamquam
1609 839 1730 865 ansas

296 880 350 921 ad
377 880 797 935 reprehendendum:
827 896 992 922 rursum
1019 891 1160 923 autem
1183 892 1294 923 recte
1315 882 1448 932 factis,
1470 881 1729 925 commodis-

233 940 285 977 60
298 951 379 993 que
411 937 647 978 amicorum
681 951 850 978 necesse
882 938 961 979 erit
991 939 1105 993 angi,
1136 938 1331 989 dolere,
1323 938 1523 978 111vidcre.
1584 938 1730 979 Quare

295 993 379 1034 hoc
409 993 589 1056 quidem
630 1002 907 1049 praeceptum,
949 994 1255 1058 cujuscumque
1293 1004 1370 1044 est,
1408 993 1460 1034 ad
1500 993 1731 1034 tollendam

296 1049 525 1091 amicitiam
556 1049 679 1091 valet.
739 1049 849 1091 Illud
885 1051 1025 1105 potius
1064 1051 1393 1106 praecipiendum
1426 1050 1522 1100 fuit,
1559 1058 1605 1091 ut
1638 1064 1733 1090 eam

295 1106 560 1162 diligentiam
601 1106 897 1148 adhiberemus
933 1123 974 1147 in
1010 1107 1205 1149 amicitiis
1238 1107 1546 1162 comparandis,
1579 1115 1627 1147 ut
1659 1121 1732 1147 ne-

298 1163 470 1220 quando
510 1178 652 1204 amare
692 1164 972 1228 inciperemus
1008 1179 1122 1216 eum,
1161 1179 1288 1229 quem
1329 1163 1555 1219 aliquando
1596 1162 1735 1203 odisse

295 1235 531 1276 possemus.
550 1221 780 1275 quinetiam
803 1221 836 1261 si
857 1236 996 1261 minus
1018 1221 1188 1262 felices
1180 1237 1221 1262 in
1234 1220 1473 1285 ‚deligendo
1493 1220 1735 1269 fuissemus,

298 1276 519 1318 ferendum
550 1277 592 1318 id
623 1277 765 1333 Scipio
793 1278 951 1342 potius,
974 1293 1102 1342 quam
1130 1277 1442 1319 inimicitiarum
1472 1286 1638 1332 tempus
1660 1291 1736 1317 co-

182 1333 538 1391 17g1tandum,
570 1334 761 1389 putabat.
819 1334 902 1375 His
937 1335 1067 1399 igitur
1107 1334 1258 1375 finibus
1295 1333 1497 1375 utendum
1538 1333 1734 1383 arbitror,

236 1405 283 1443 61
299 1399 362 1440 ut,
397 1405 495 1431 cum
521 1390 732 1431 emendati
766 1405 903 1432 mores
936 1390 1170 1432 amicorum
1202 1391 1298 1441 sint,
1329 1400 1418 1431 tum
1448 1390 1500 1431 sit
1530 1389 1637 1430 inter
1664 1403 1737 1429 eos

299 1446 492 1488 omnium
523 1462 679 1497 rerum,
710 1447 998 1498 consiliorum,
1027 1448 1307 1498 voluntatum,
1346 1448 1433 1488 sine
1468 1446 1555 1488 ulla
1585 1460 1738 1501 excep-

298 1504 417 1544 tione
456 1503 766 1545 communitas:
797 1512 856 1554 ut,
890 1504 1018 1545 etiam
1060 1505 1092 1545 si
1127 1520 1209 1560 qua
1243 1506 1410 1545 fortuna
1441 1503 1654 1554 acciderit,
1689 1510 1737 1543 ut

300 1560 441 1601 minus
457 1560 586 1616 justae
608 1560 839 1601 amicorum
862 1561 1099 1602 voluntates
1121 1561 1244 1616 adjux
1247 1560 1365 1601 andae
1392 1560 1488 1610 sint,
1511 1560 1551 1599 in
1583 1535 1737 1614 quibus

299 1631 448 1658 eorum
476 1625 550 1658 aut
575 1626 703 1672 caput
731 1626 898 1672 agatur,
920 1627 993 1658 aut
1021 1618 1146 1667 sima,
1176 1616 1470 1658 declinandum
1504 1616 1557 1657 sit
1587 1616 1638 1656 de
1660 1616 1738 1666 via,

300 1673 431 1714 modo
449 1687 501 1713 ne
524 1688 690 1714 summa
710 1672 929 1728 turpitudo
952 1683 1166 1729 sequatur.
1186 1683 1250 1714 est
1268 1674 1379 1714 enim
1401 1683 1607 1728 quatenus
1629 1672 1737 1713 ami-

299 1729 411 1771 citiae
441 1729 530 1771 dari
551 1730 667 1770 venia
700 1730 848 1784 possit.
881 1744 956 1770 nec
979 1745 1075 1771 vero
1111 1729 1366 1785 negligenda
1397 1740 1461 1770 est
1492 1730 1630 1769 fama:
1662 1743 1739 1769 nee

300 1786 515 1827 mediocre
536 1787 669 1827 telum
696 1785 749 1826 ad
775 1801 839 1827 res
864 1787 1069 1841 gerendas
1095 1787 1333 1828 existimare
1361 1795 1530 1840 oportet
1557 1787 1741 1826 benevo-

301 1843 474 1884 lentiam
504 1843 684 1884 civium:
717 1858 846 1899 quam
876 1852 914 1875 42
932 1843 1163 1894 blanditiis,
1184 1852 1226 1884 et
1257 1842 1507 1884 assentando
1538 1842 1742 1896 colligere

302 1907 426 1997 {lurpe
458 1908 536 1941 est.
559 1901 703 1952 virtus,
736 1915 862 1956 quam
893 1900 1083 1956 sequitui
1114 1901 1280 1951 caritas,
1313 1900 1487 1941 minime
1516 1898 1740 1954 repudian-

337 1970 359 1996 ἰ
378 1964 455 1997 est.

242 2017 295 2054 62
362 2013 445 2054 Sed
466 2027 578 2068 saepe
601 2012 771 2065 (etenim
798 2012 923 2054 redeo
943 2012 996 2053 ad
1026 2012 1282 2067 Scipionem,
1302 2011 1425 2068 cujus
1446 2011 1582 2052 omnis
1603 2025 1742 2052 sermo

306 2079 396 2110 erat
419 2069 471 2110 de
499 2069 698 2122 amicitia)
729 2070 995 2125 querebatur,
1017 2069 1131 2124 quod
1156 2069 1352 2110 omnibus
1378 2084 1420 2109 m
1448 2068 1589 2108 rebus
1602 2067 1740 2109 homi-

178 2145 209 2175 p
228 2141 297 2167 108.
307 2140 380 2166 nes
400 2125 686 2180 diligentiores
706 2135 871 2175 essent,
902 2136 950 2166 ut
966 2140 1126 2181 capras,
1144 2136 1187 2166 et
1206 2140 1301 2167 oves
1326 2135 1433 2181 quot
1458 2124 1635 2181 quisque
1665 2124 1743 2166 ha-

268 2187 297 2208 ³
307 2183 438 2233 beret,
458 2182 596 2222 dicere
624 2192 791 2237 posset·
823 2182 980 2223 amicos
1010 2191 1116 2238 quot
1141 2182 1326 2232 haberet,
1347 2196 1429 2222 non
1441 2193 1621 2246 posset·
1628 2180 1743 2222 dice-

307 2253 376 2280 re.
408 2247 451 2280 et
470 2238 511 2279 in
531 2238 611 2279 illis
631 2239 804 2294 quidem
829 2239 1020 2294 parandis
1041 2238 1239 2279 adhibere
1259 2253 1418 2302 curam,
1439 2238 1481 2279 in
1501 2238 1645 2278 amicis
1665 2237 1742 2278 eli-

305 2294 455 2351 gendis
482 2294 742 2350 negligentes
761 2310 879 2336 esse:
911 2311 987 2336 nec
1015 2295 1167 2336 habere
1189 2295 1307 2351 quasi
1328 2295 1447 2350 signa
1467 2294 1678 2350 quaedam,
1700 2304 1745 2336 et

307 2361 444 2401 notas,
448 2352 618 2416 quibus
638 2367 724 2402 eos,
746 2352 819 2408 qui
840 2351 892 2393 ad
915 2352 1141 2393 amicitiam
1163 2360 1299 2392 essent
1319 2351 1471 2400 idonei,
1486 2350 1743 2415 judicarent.

308 2409 416 2449 Sunt
448 2407 578 2463 igitur
608 2407 729 2459 firmi,
758 2419 801 2449 et
829 2409 1014 2459 stabiles,
1038 2418 1081 2449 et
1109 2418 1350 2449 constantes
1378 2407 1589 2463 eligendi;
1620 2422 1744 2463 quus

306 2464 474 2520 generis
491 2474 556 2505 est
575 2479 731 2520 magna
749 2466 951 2519 penuriat
982 2475 1025 2505 et
1047 2464 1238 2520 judicare
1263 2463 1429 2505 difficile
1449 2474 1513 2505 est
1533 2479 1644 2513 sane,
1666 2464 1746 2505 nisi

307 2529 543 2577 expertum.
562 2521 857 2577 experiendum
880 2531 1022 2562 autem
1041 2530 1106 2562 est
1129 2536 1172 2562 m
1202 2521 1291 2577 ipsa
1318 2521 1516 2562 amicitia.
1544 2521 1603 2562 ita
1633 2536 1742 2576 prae-

350 2651 389 2676 ⁴1
415 2644 439 2674 si
451 2641 692 2682 prius—dixero]
717 2644 782 2680 Sic,
806 2653 871 2674 non
890 2644 1003 2673 edixere
1046 2644 1166 2674 habent
1189 2645 1258 2674 edd.
1282 2646 1378 2675 etiam
1406 2645 1484 2675 Mss.
1508 2652 1544 2675 ut
1566 2655 1651 2675 unus
1679 2646 1744 2677 Ers.

305 2688 428 2727 scripsit
450 2687 572 2723 Cicero,
596 2693 631 2716 ut
654 2687 722 2716 libri
747 2686 843 2726 vulgo
873 2688 1002 2718 habent.
1047 2697 1093 2717 res
1110 2688 1175 2726 ipsa
1189 2688 1291 2717 docet.
1309 2695 1339 2717 et
1355 2695 1400 2717 est
1419 2689 1450 2718 in
1473 2688 1534 2717 Ms.
1553 2687 1663 2718 Salisb.
1682 2698 1741 2719 nec

307 2740 384 2762 nam
402 2732 431 2761 id
447 2731 581 2760 verbum
599 2731 630 2760 h.
649 2729 669 2760 l.
685 2737 796 2770 aptum
813 2740 878 2760 non
895 2737 951 2760 est.
1046 2737 1153 2760 tamen
1179 2730 1323 2770 displicet
1343 2731 1435 2761 lectio
1457 2732 1506 2761 ed.
1531 2731 1625 2761 Rom.
1649 2742 1744 2761 assen-

349 2781 390 2805 42
413 2773 563 2802 blanditiis
585 2779 613 2802 et
632 2772 810 2811 assentando]
836 2773 1003 2802 assentando
1046 2773 1212 2811 rationibus,
1229 2775 1315 2814 quod
1335 2780 1366 2805 et
1386 2774 1455 2805 aliae
1476 2773 1606 2813 habent,
1626 2781 1658 2806 et
1678 2774 1743 2806 MS.

305 2823 420 2848 verum
448 2826 528 2855 esse,
558 2826 624 2854 non
645 2815 822 2854 assectando,
845 2823 881 2848 ut
908 2816 1006 2856 vulgo
1050 2816 1149 2847 Goth.
