1844 3202
296 83 377 122 686
823 86 900 125 DE
936 88 1204 127 OFFICIIS

298 191 485 234 ctoritati
515 207 633 234 meae.
692 195 805 235 Nam
832 208 929 237 cum
959 197 1093 239 multa
1113 198 1257 239 sintin
1279 197 1546 254 philosophia
1566 207 1608 240 et
1628 213 1729 255 gra·

298 248 377 299 via,
407 259 450 290 et
481 249 614 301 utilia,
643 260 837 293 accurate
870 253 1124 309 copioseque
1152 269 1176 294 a
1200 254 1461 310 philosophis
1489 256 1729 310 disputata:

299 304 500 347 latissime
530 317 672 361 patere
704 307 894 349 videntur
924 324 986 359 ea,
1017 325 1111 365 quae
1143 309 1194 350 de
1223 311 1368 352 officiis
1389 311 1540 353 tradita
1561 312 1614 352 ab
1635 312 1732 363 illis,

300 371 344 403 et
365 372 575 418 praecepta
595 372 705 404 sunt.
764 364 898 405 Nulla
924 366 1036 406 enim
1061 366 1154 407 vitae
1177 380 1269 421 pars
1290 382 1423 423 neque
1444 368 1637 422 publicis,
1659 383 1731 409 ne-

301 433 384 473 que
413 419 601 474 privatis;
625 434 761 475 neque
795 420 1044 472 forensibus,
1075 436 1210 477 neque
1240 423 1480 465 domesticis
1510 425 1553 465 in
1577 425 1702 465 rebus
1719 440 1731 475 3

213 488 243 518 Ρ·
259 485 288 509 2·
303 489 437 530 neque
468 475 501 515 si
531 485 670 517 tecum
703 490 805 531 agas
834 476 951 531 quid,
983 492 1118 533 neque
1147 478 1182 519 si
1211 493 1309 519 cum
1338 479 1470 521 altero
1496 481 1733 531 contrahas,

259 532 288 552 ³·
301 546 444 572 vacare
474 531 612 573 officio
643 541 812 587 potest:
847 540 883 565 ¹6
902 533 943 574 in
974 548 1110 590 eoque
1138 534 1318 576 colendo
1348 535 1426 576 sita
1453 537 1547 578 vitae
1570 546 1634 578 est
1653 536 1732 578 ho-

261 598 284 628 5
300 597 438 629 nestas
466 588 617 638 omnis,
642 598 684 629 et
713 589 754 630 in
788 589 1044 645 negligendo
1070 591 1302 646 turpitudo.
1362 592 1505 648 Atque
1525 593 1616 633 haec
1638 593 1733 648 qui-

298 644 395 685 dem
417 645 595 700 quaestio
616 645 854 686 communis
874 657 938 688 est
957 647 1148 688 omnium
1169 647 1535 703 philosophorum.
1555 649 1646 703 quis
1668 659 1733 690 est

296 701 425 752 enim,
454 701 526 756 qui
554 701 677 743 nullis
710 702 834 743 officii
865 704 1087 759 praeceptis
1114 704 1327 745 tradendis
1356 704 1659 761 philosophum
1687 720 1732 746 se

295 758 449 798 audeat
469 758 607 799 dicere
626 760 638 799 ?
673 758 755 799 Sed
775 768 871 800 sunt
891 760 1102 801 nonnullae
1123 761 1369 816 disciplinae,
1390 776 1483 816 quae
1505 762 1733 817 propositis

294 814 506 855 bonorum
539 824 581 856 et
611 815 818 856 malorum
854 816 1019 867 finibus,
1056 825 1089 854 17
1109 817 1293 858 officium
1327 832 1453 858 omne
1480 826 1730 873 pervertant.

295 885 392 911 nam
414 871 486 926 qui
508 886 722 912 summum
742 872 904 913 bonum
934 874 992 914 sic
1021 873 1214 925 instituit,
1243 884 1292 915 ut
1317 874 1419 915 nihil
1447 874 1603 915 habeat
1630 889 1729 915 cum

295 927 446 968 virtute
466 927 741 982 conjunctum
760 943 772 978 3
807 928 983 984 18idque
1013 930 1098 970 suis
1129 930 1379 981 commodis,
1402 945 1486 971 non
1511 930 1731 972 honestate

295 983 493 1024 metitur:
526 983 609 1034 hic,
631 983 665 1024 si
693 983 772 1025 sibi
792 984 881 1040 ipse
901 986 1150 1036 consentiat,
1170 994 1213 1027 et
1234 1001 1319 1027 non
1338 987 1550 1028 interdum
1571 995 1729 1028 naturae

294 1039 484 1080 bonitate
515 1040 716 1090 vincatur,
737 1054 872 1096 neque
902 1041 1132 1082 amicitiam
1163 1042 1301 1083 colere
1329 1043 1475 1098 possit,
1497 1056 1572 1084 nec
1599 1043 1729 1099 justi—

294 1096 414 1147 tiam,
447 1110 522 1137 nec
551 1096 862 1138 liberalitatem.
891 1097 1011 1138 fortis
1042 1113 1153 1147 vero,
1178 1098 1369 1139 dolorem
1399 1114 1613 1140 summum
1639 1114 1730 1141 ma-

294 1152 383 1193 lum
406 1152 632 1209 judicans,
664 1163 737 1194 aut
765 1163 1018 1209 temperans,
1045 1155 1305 1210 voluptatem
1332 1170 1547 1197 summum
1570 1156 1729 1197 bonum

257 1211 282 1247 ὃ
294 1217 495 1260 statuens,
516 1224 606 1251 esse
626 1219 737 1251 certe
757 1210 873 1251 nullo
893 1210 1022 1251 modo
1053 1220 1207 1266 potest.
1265 1214 1374 1268 Quae
1394 1226 1650 1268 quamquam
1672 1213 1731 1254 ita

293 1276 391 1307 sunt
418 1267 459 1307 in
488 1276 673 1321 promtu,
695 1276 743 1307 ut
769 1281 831 1308 res
853 1267 1139 1323 disputatione
1160 1283 1244 1309 non
1265 1277 1405 1323 egeat,
1424 1278 1566 1309 tamen
1586 1279 1684 1310 sunt
1705 1285 1730 1310 a

293 1323 413 1363 nobis
449 1331 485 1356 19
500 1323 584 1364 alio
616 1323 713 1364 loco
747 1323 974 1379 disputata.
1034 1325 1116 1365 Hae
1153 1324 1383 1380 disciplinae
1416 1325 1545 1380 igitur
1581 1326 1614 1366 si
1650 1326 1730 1367 sibi

291 1388 584 1421 consentaneae
614 1394 705 1420 esse
730 1380 871 1431 velint,
898 1380 950 1421 de
977 1381 1116 1421 officio
1145 1380 1249 1421 nihil
1277 1391 1432 1437 queant
1460 1381 1622 1423 dicere:
1654 1397 1728 1423 ne-

290 1450 373 1491 que
402 1436 489 1477 ulla
521 1436 646 1478 officii
675 1445 885 1492 praecepta
918 1437 1049 1488 firma,
1082 1437 1260 1488 stabilia,
1295 1438 1521 1494 conjuncta
1552 1447 1729 1490 naturae,

292 1492 399 1534 tradi
430 1503 621 1548 possunt,
645 1493 723 1534 nisi
747 1503 820 1534 aut
845 1495 898 1534 ab
923 1494 988 1543 iis,
1010 1493 1082 1549 qui
1104 1494 1253 1544 solam,
1273 1504 1348 1535 aut
1367 1495 1420 1535 ab
1440 1495 1520 1546 his,
1543 1495 1615 1551 qui
1635 1510 1727 1536 ma-

288 1549 399 1590 xime
420 1549 683 1591 honestatem
705 1560 878 1605 propter
895 1564 939 1591 se
959 1550 1103 1591 dicant
1121 1551 1412 1605 expetendam.
1462 1552 1610 1607 Itaque
1627 1566 1727 1607 pro-

289 1606 380 1660 pria
397 1615 460 1646 est
481 1620 531 1646 ea
558 1606 786 1661 praeceptio
808 1605 1065 1657 Stoicorum,
1086 1606 1456 1658 Academicorum,
1479 1608 1726 1663 Peripateti-

288 1676 435 1705 corum
451 1679 460 1703 :
478 1662 677 1718 quoniam
692 1663 919 1714 Aristonis,
938 1663 1179 1720 Pyrrhonis,
1194 1663 1363 1714 Herilli,
1373 1664 1464 1720 jam
1480 1664 1642 1719 pridem
1657 1678 1728 1706 ex-

286 1719 409 1774 plosa
430 1720 635 1761 sententia
654 1728 744 1761 est:
772 1720 844 1774 qui
866 1729 1008 1761 tamen
1028 1720 1232 1761 haberent
1244 1720 1317 1776 jus
1337 1736 1462 1761 suum
1484 1720 1726 1776 disputandi

287 1775 341 1816 de
358 1776 511 1827 officio,
530 1776 564 1816 si
579 1790 718 1817 rerum
738 1776 922 1832 aliquem
939 1776 1151 1821 delectum
1172 1777 1450 1832 reliquissent,
1466 1789 1514 1819 ut
1529 1777 1584 1818 ad
1599 1777 1726 1819 officii

285 1832 567 1873 inventionem
589 1832 726 1874 aditus
748 1842 870 1873 esset.
922 1833 1156 1889 Sequemur
1175 1833 1305 1889 igitur
1327 1833 1407 1874 hoc
1428 1833 1597 1889 quidem
1615 1844 1725 1875 tem-

287 1903 402 1944 pore,
425 1898 468 1930 et
495 1889 571 1929 hac
600 1890 643 1929 in
663 1889 897 1945 quaestione
926 1890 1193 1945 potissimum
1215 1890 1396 1941 Stoicos,
1419 1905 1502 1931 non
1527 1900 1574 1932 ut
1599 1889 1725 1931 inter—

286 1955 452 2000 pretes,
485 1945 573 1996 sed,
593 1955 642 1987 ut
670 1945 869 1996 solemus,
891 1961 914 1986 e
944 1946 1133 1987 fontibus
1155 1961 1318 1996 eorum,
1337 1945 1501 2003 judicio
1530 1947 1725 1989 arbitrio·

285 2017 371 2058 que
386 2011 544 2052 nostro,
563 2011 602 2034 20
613 2011 818 2058 quantum
837 2016 1005 2058 quoque
1022 2003 1151 2044 modo
1173 2002 1393 2054 videbitur,
1411 2002 1665 2046 hauriemus

251 2062 273 2101 7
346 2058 486 2099 Placet
514 2059 658 2114 igitur,
683 2058 885 2113 quoniam
910 2059 1046 2099 omnis
1073 2059 1304 2115 disputatio
1334 2058 1386 2100 de
1416 2059 1555 2101 officio
1583 2060 1726 2104 futura.

243 2111 365 2165 best,
386 2124 481 2156 ante
512 2115 699 2165 definire,
721 2115 823 2171 quid
852 2115 906 2156 sit
926 2115 1110 2156 officium
1130 2132 1140 2156 ε
1169 2115 1283 2171 quod
1302 2130 1326 2156 a
1348 2115 1530 2158 Panaetio
1552 2124 1724 2172 praeter-

286 2171 460 2213 missum
482 2185 572 2213 esse
597 2171 740 2212 miror.
761 2172 899 2215 omnis
926 2172 1053 2221 enim,
1077 2187 1170 2228 quae
1191 2187 1218 2213 a
1236 2172 1397 2213 ratione
1425 2173 1651 2228 suscipitur
1671 2173 1724 2214 de

285 2227 425 2284 aliqua
444 2242 503 2280 re,
524 2228 749 2280 institutio,
772 2228 901 2270 debet
922 2243 947 2269 a
966 2228 1207 2271 definitione
1228 2228 1435 2285 proficisci
1453 2245 1463 2269 z
1494 2239 1543 2270 ut
1570 2229 1724 2271 intelli-

1025 2400 1071 2424 est
1092 2393 1358 2433 conjungendum
1373 2402 1451 2424 curn
1472 2393 1647 2432 superiori;
1671 2393 1724 2435 qui

1024 2447 1162 2466 summum
1179 2437 1278 2466 bonum
1294 2435 1333 2465 sic
1355 2435 1494 2466 instituit.
1511 2445 1587 2465 nam
1603 2437 1627 2466 si
1643 2445 1722 2467 cum

1024 2482 1168 2519 proxime
1184 2479 1399 2515 antecedente,
1415 2485 1509 2517 atque
1524 2479 1602 2508 adeo
1623 2479 1663 2508 sic
1677 2479 1722 2508 in-

1025 2522 1122 2552 stituit
1134 2523 1391 2561 conjungeretur,
1407 2522 1532 2552 deberet
1543 2531 1609 2552 esse
1620 2522 1722 2551 metia-

1025 2573 1084 2596 tur.

330 2397 369 2423 16
391 2393 420 2422 in
437 2403 519 2434 eoque
541 2400 568 2423 et
591 2392 772 2423 colendo—et
792 2392 821 2422 in
837 2392 983 2433 negligen-

282 2434 330 2474 do]
348 2435 493 2467 Primum
508 2443 535 2465 et
555 2436 669 2473 delevi,
693 2437 873 2466 auctoribus
898 2437 982 2467 libris

281 2479 403 2518 scriptis
426 2485 457 2509 et
478 2480 547 2510 edd.
570 2480 776 2519 quibusdam,
807 2486 842 2509 ut
868 2480 983 2510 Colon.

282 2522 329 2552 ed.
349 2522 436 2560 Mog.
455 2522 547 2552 Rom.
566 2523 685 2552 habent
707 2523 737 2551 in
752 2533 836 2564 eoque
856 2522 982 2552 excolen-

282 2564 326 2594 do.
344 2566 426 2594 idem
443 2565 572 2594 fecerim
589 2566 620 2595 in
637 2565 744 2596 altero.

330 2614 364 2642 17
390 2620 414 2638 ο.
426 2620 448 2636 ο.
464 2607 652 2646 pervertant]
679 2608 730 2638 Sic
745 2609 776 2637 in
794 2614 929 2646 quatuor
945 2606 980 2636 li-

283 2649 344 2680 bris
360 2652 480 2689 scriptis
497 2651 607 2690 reperit
623 2651 841 2681 Guilielmius.
858 2651 888 2680 id
905 2651 980 2688 quia

282 2703 351 2725 vera
369 2694 503 2723 latinitas
522 2693 671 2733 postulat,
689 2695 800 2732 recepi.
817 2702 893 2723 nam
911 2700 979 2731 post

281 2744 356 2772 mm,
374 2737 424 2777 qui
447 2737 670 2775 conjunctivus
693 2747 758 2766 esse
778 2737 881 2766 debet.
926 2736 978 2766 Sic

279 2788 324 2809 est
343 2781 373 2808 in
392 2780 453 2809 Ms.
471 2781 584 2810 Duisb.
600 2787 631 2810 et
642 2780 690 2810 ed.
709 2779 821 2809 Colon-

328 2830 362 2852 1b
387 2822 470 2863 idque
486 2823 542 2854 suis
559 2820 886 2862 commodis-metitur]
908 2821 977 2852 Hoc

1070 2616 1108 2681 ῗνῗ
1131 2607 1188 2637 alio
1211 2605 1281 2647 [οι-ο]
1308 2607 1346 2637 In
1369 2607 1454 2637 Libr.
1475 2608 1513 2637 de
1537 2606 1665 2638 Finibus
1685 2607 1723 2637 Β.

1023 2658 1054 2680 et
1111 2672 1118 2679 .

1066 2702 1105 2724 ΩΟ
1122 2700 1260 2734 quantum
1277 2704 1385 2735 quoque
1397 2691 1474 2723 modo
1488 2691 1638 2722 vIdebitur
1649 2692 1722 2722 han-

1023 2735 1139 2775 riemus]
1171 2737 1302 2776 Semper
1327 2735 1443 2766 offendi
1474 2736 1507 2765 in
1543 2735 1720 2771 hauriemus,

1022 2781 1108 2817 quod
1125 2790 1189 2809 non
1202 2779 1359 2809 consentit
1373 2778 1641 2809 antecedentibus.
1665 2778 1720 2808 Vi-

1021 2832 1095 2853 sum
1112 2830 1158 2853 est
1173 2823 1344 2863 legendum
1361 2821 1530 2852 haurientes.
