1844 3202
640 128 718 165 DE
753 126 1060 165 AMICITIA.
1490 131 1564 165 822

142 239 340 281 omnibus
366 238 489 280 rebus
518 234 712 277 humanis
737 233 1013 289 anteponatis.
1035 233 1138 274 nihil
1164 241 1228 275 est
1247 233 1358 275 enirn
1382 243 1466 276 tam
1489 249 1563 280 na-

143 305 248 338 turae
268 309 431 351 aptum,
452 306 536 335 tam
566 290 813 334 conveniens
845 289 898 330 ad
925 304 987 330 res
1016 289 1076 331 vel
1098 290 1316 338 secundas,
1338 291 1399 331 vel
1420 292 1563 334 adver-

144 366 225 394 sas.
283 352 364 392 Sed
397 351 476 392 boc
506 348 686 404 primum
718 347 868 396 sentio,
899 346 976 387 nisi
1006 346 1046 386 in
1077 346 1197 387 bonis
1227 347 1450 387 amicitiam
1474 340 1628 389 esse18

145 423 229 449 non
250 422 395 463 posse:
427 420 562 461 neque
583 404 624 445 id
648 404 700 445 ad
723 403 857 445 vivum
880 417 1036 452 reseco,
1057 411 1105 443 ut
1130 402 1205 453 illi,
1226 404 1297 458 qui
1319 401 1410 444 haec
1433 404 1566 445 subti-

145 464 224 506 lius
264 464 486 511 disserunt,
518 462 690 502 fortasse
727 475 833 510 vere,
862 459 931 500 sed
963 459 1015 500 ad
1045 473 1312 500 communem
1344 458 1569 500 utilitatem

147 533 309 574 parum.
342 528 496 574 negant
521 519 647 567 enim,
669 531 922 573 quemquam
949 517 1079 557 virum
1103 516 1259 557 bonum
1282 529 1387 565 esse,
1408 516 1484 556 nisi
1504 530 1570 556 sa·

143 575 344 630 pientem.
403 575 466 616 Sit
496 574 551 615 ita
583 589 694 615 sane.
723 573 797 616 sed
825 587 916 614 eam
949 573 1194 628 sapientiam
1235 572 1571 627 interpretantur,

145 646 272 687 quam
303 631 440 672 adhuc
472 631 658 672 mortalis
689 644 813 672 nemo
841 639 906 671 est
934 637 1198 671 consecutus.
1233 644 1309 670 nos
1340 638 1480 669 autem
1509 643 1574 679 ea,

146 702 241 743 qnae
271 698 368 729 sunt
398 689 439 728 in
471 703 563 738 usu,
594 689 757 742 vitaque
787 686 1019 736 communi,
1043 701 1125 728 non
1144 700 1208 736 ea,
1229 700 1324 741 quae
1347 685 1573 740 finguntur,

145 754 218 785 aut
248 754 461 799 optantur,
492 755 679 799 spectare
709 743 928 784 debemus.
959 757 1190 797 numquam
1223 756 1306 797 ego
1337 742 1490 792 dicam,
1522 741 1574 782 C.

147 801 398 850 Fabricium,
434 802 512 841 M?
554 801 747 849 Curium,
776 800 841 840 Ti.
873 799 1201 850 Coruncanium,
1231 813 1339 854 quos
1368 798 1576 854 sapientes

147 858 281 898 nostri
301 857 481 913 majores
495 858 757 913 judicabant,
775 857 826 897 ad
855 855 1033 897 istorum
1057 870 1244 899 normam
1268 856 1393 896 fuisse
1413 855 1577 911 sapien·

147 921 223 954 tes.
283 915 425 970 Quare
456 913 535 954 sibi
562 914 746 955 habeant
773 913 985 968 sapientiae
1015 926 1166 953 nomen
1187 921 1230 953 et
1250 912 1515 962 invidiosum,
1536 921 1580 953 et

147 970 404 1011 obscurum:
436 971 768 1026 concedantque,
802 979 849 1011 ut
885 969 928 1010 hi
967 969 1065 1011 boni
1101 968 1171 1009 viri
1207 969 1373 1010 fuerint.
1431 969 1500 1010 Ne
1534 968 1580 1010 id

150 1026 322 1081 quidem
362 1027 530 1068 facient.
561 1028 792 1082 negabunt,
823 1025 879 1075 id,
910 1026 986 1067 nisi
1017 1026 1206 1080 sapienti,
1236 1040 1358 1080 posse
1389 1025 1578 1066 concedi.

149 1083 345 1138 Agamus
367 1083 497 1138 igitur
517 1084 662 1139 pingui
685 1084 890 1133 Minerva,
911 1092 958 1124 ut
978 1083 1109 1123 aiunt.
1159 1082 1244 1139 Qui
1265 1082 1323 1123 ita
1345 1097 1387 1122 se
1409 1090 1579 1137 gerunt,
1596 1081 1643 1121 19

149 1140 208 1179 ita
229 1140 382 1189 vivunt,
404 1149 449 1181 ut
477 1155 622 1181 eorum
651 1140 852 1194 probetur
883 1139 998 1188 fides,
1019 1139 1250 1194 integritas,
1288 1147 1304 1170 8
1320 1140 1509 1195 aequitaS‚
1528 1138 1580 1179 li·

149 1195 359 1246 beralitas,
383 1211 457 1237 nec
476 1197 529 1237 sit
550 1197 591 1236 in
611 1196 692 1236 illis
715 1196 798 1236 ulla
817 1195 1038 1250 cupiditas,
1060 1196 1121 1235 vel
1144 1195 1290 1246 libido,
1311 1196 1370 1236 vel
1393 1194 1580 1245 audacia,

150 1252 317 1307 sintque
348 1267 502 1307 magna
531 1252 779 1303 constantia,
810 1260 856 1293 ut
887 1252 915 1292 ii
945 1252 1127 1302 fuerunt,
1149 1251 1279 1293 modo
1309 1266 1416 1308 quos
1446 1251 1583 1293 nomi·

151 1308 243 1349 navi
260 1325 271 1360 ;
304 1308 380 1349 hos
412 1309 520 1350 viros
545 1309 692 1359 bonos,
713 1316 762 1350 ut
786 1308 926 1349 habiti
947 1318 1058 1358 sunt,
1077 1309 1137 1350 sic
1164 1309 1289 1350 etiam
1312 1307 1583 1364 appellandos

150 1375 377 1420 putemus3
407 1366 507 1420 quia
533 1374 761 1421 sequantur
790 1367 1010 1421 (quantum
1034 1365 1225 1406 homines
1246 1366 1438 1420 possunt)
1462 1373 1583 1407 natu-

151 1436 256 1471 ram,
283 1422 486 1476 optimam
510 1423 615 1462 bene
635 1421 794 1464 vivendi
822 1421 989 1462 ducem.
1013 1421 1071 1462 sic
1091 1421 1202 1462 enim
1225 1422 1329 1462 mihi
1350 1422 1585 1477 perspicere

151 1477 307 1528 videor,
329 1479 386 1520 ita
412 1489 533 1522 natos
552 1493 644 1520 esse
665 1494 755 1529 nos,
776 1488 824 1520 ut
845 1478 953 1520 inter
973 1492 1119 1518 omnes
1140 1486 1250 1519 esset
1269 1478 1447 1519 societas
1468 1493 1584 1534 quae-

150 1533 276 1576 dam:
308 1535 444 1590 major
474 1545 632 1586 autem,
667 1546 716 1576 ut
746 1535 924 1591 quisque
956 1535 1146 1590 proxime
1177 1535 1410 1576 accederet.
1443 1535 1586 1590 itaque

149 1590 272 1642 cives,
304 1592 504 1646 potiores,
523 1607 646 1647 quam
679 1591 916 1647 peregrini3
947 1601 990 1632 et
1019 1591 1260 1647 propinqui,
1289 1606 1415 1647 quam
1445 1591 1583 1633 alieni.
1596 1598 1629 1629 b·

150 1661 249 1688 cum
276 1648 340 1689 his
367 1649 477 1689 enim
509 1648 735 1689 amicitiam
759 1657 907 1689 natura
927 1648 1017 1702 ipsa
1038 1649 1222 1702 peperit:
1249 1648 1326 1693 ¹sed
1345 1662 1394 1689 ea
1415 1662 1499 1689 non
1518 1663 1585 1690 sa·-

152 1703 206 1745 tis
228 1704 354 1750 babet
374 1705 594 1745 firmitatis.
618 1719 797 1759 namque
828 1704 909 1745 hoe
938 1713 1110 1759 praestat
1137 1705 1321 1746 amicitia
1340 1704 1586 1760 propi-nqui-

154 1759 244 1808 tati‚
267 1761 383 1816 quod
403 1776 451 1802 ex
473 1761 787 1816 propinquitate
808 1760 1098 1801 benevolentia
1119 1761 1210 1802 tolli
1233 1771 1388 1816 potest,
1409 1775 1461 1803 ex
1480 1761 1586 1802 ami-

152 1816 254 1858 citia
284 1832 369 1858 non
398 1827 549 1873 potest.
580 1817 745 1859 sublata
763 1817 876 1858 enim
897 1817 1198 1868 benevolentia,
1217 1817 1411 1860 amicitiae
1435 1832 1588 1859 nomen

153 1872 332 1924 tollitur,
363 1874 683 1930 propinquitatis
714 1885 871 1916 manet.
930 1875 1098 1930 Quanta
1131 1884 1270 1915 autem
1302 1875 1359 1916 vis
1391 1874 1587 1916 amicitiae
1601 1880 1652 1911 20

155 1929 224 1978 sit,
245 1945 296 1971 ex
317 1931 399 1971 hoc
421 1931 597 1986 intelligi
618 1931 800 1972 maxime
821 1940 960 1986 potest
978 1947 988 1972 :
1021 1939 1043 1964 9
1060 1930 1175 1986 quod
1204 1946 1254 1972 ex
1274 1931 1435 1972 infinita
1455 1932 1589 1974 socie-

155 1994 243 2029 tate
270 1987 436 2042 generis
467 1987 654 2041 humani,
676 2002 801 2043 quam
834 1986 1070 2029 conciliavit
1098 1988 1189 2042 ipsa
1218 1997 1379 2038 natura,
1399 1988 1457 2028 ita
1487 2002 1590 2031 con-

157 2053 293 2085 tracta
320 2058 384 2085 res
413 2054 491 2094 est,
512 2053 555 2085 et
585 2044 769 2086 adducta
797 2044 837 2084 in
860 2052 1106 2099 angustum,
1127 2053 1173 2084 ut
1193 2044 1328 2085 omnis
1348 2045 1497 2086 caritas
1516 2052 1592 2086 aut

155 2099 264 2142 inter
285 2100 406 2150 duoS,
426 2111 499 2142 aut
518 2102 625 2142 inter
645 2115 801 2155 paucos
821 2100 1089 2157 jungeretur.
1147 2101 1223 2142 Est
1243 2110 1384 2142 autem
1406 2099 1639 2154 amicitia6

157 2156 261 2198 nihil
280 2157 411 2206 aliud,
432 2157 510 2199 nisi
532 2167 570 2191 ¹0
585 2158 774 2199 omnium
794 2157 1027 2199 divinarum
1050 2156 1415 2214 humanarumque
1435 2172 1592 2208 rerum,

157 2227 256 2256 cum
277 2213 567 2258 benevolentia
594 2224 638 2258 et
663 2215 853 2265 caritate,
874 2228 1041 2257 summa
1060 2214 1280 2257 consensio
1301 2231 1310 2256 ε
1345 2222 1379 2247 11
1397 2229 1481 2272 qua
1499 2215 1594 2271 qui-

200 2357 222 2381 8
240 2349 415 2392 equalitas]
447 2350 523 2381 Sine
556 2352 654 2381 dubio
680 2351 854 2390 legendum

159 2393 295 2435 «μένας,
312 2400 348 2423 ut
368 2394 470 2425 voluit
490 2395 681 2431 Lambinus,
705 2395 856 2434 probante

159 2437 256 2467 etiam
280 2437 415 2470 Graevio.
437 2447 515 2469 nam
537 2437 693 2480 aequalitas
722 2447 787 2468 non
811 2444 858 2468 est

160 2487 270 2511 virtus.

211 2530 229 2555 9
253 2521 329 2563 quod
355 2533 391 2551 ex
425 2521 541 2561 irfinita
578 2523 711 2552 societate
745 2522 858 2562 generis

160 2564 239 2596 iun.
250 2566 255 2603 1
275 2565 333 2596 Ed.
351 2565 443 2595 Rom.
456 2564 551 2595 habet
563 2577 598 2595 ex
613 2566 760 2604 infinitate
773 2566 860 2594 socie-

163 2609 234 2638 un‘s
255 2619 365 2648 genem
385 2608 463 2637 vImm.
482 2608 557 2638 item
573 2610 653 2639 Ven.
674 2615 765 2644 1470.
783 2617 860 2648 prae-

163 2651 277 2682 {errem
293 2652 378 2681 hanc
401 2650 582 2687 lectionem,
598 2654 624 2683 si
647 2659 728 2682 esset
743 2662 779 2681 ex
794 2651 861 2690 infi-

163 2693 258 2723 nitate
279 2693 422 2724 societatis
447 2693 592 2730 humane,
616 2696 700 2734 quod
725 2702 775 2725 est
797 2694 860 2724 ele-

164 2739 290 2776 gantius
305 2746 405 2775 quam
419 2747 455 2765 ex
470 2736 586 2776 infinita
600 2737 742 2767 societate.

206 2787 249 2812 =10
271 2780 395 2809 omnium
424 2779 594 2809 divinarum
612 2779 861 2821 ,humanarumque

165 2821 275 2862 renum]
302 2823 400 2853 Hunc
418 2822 571 2862 ‘loquendi
590 2824 725 2854 modum
739 2834 757 2854 e
772 2823 862 2853 Grae-

164 2872 276 2896 corum
287 2866 553 2907 philosophorum
563 2867 792 2897 consuetudine
801 2867 861 2897 du-

899 2357 1002 2386 ctum,
1020 2351 1116 2381 nostri
1138 2349 1288 2380 *homines
1309 2350 1408 2390 vulgo
1423 2360 1487 2381 non
1504 2350 1597 2382 intel·

900 2394 1012 2434 ligunt.
1030 2403 1061 2424 v.
1077 2393 1166 2424 Clav.
1183 2394 1216 2423 in
1231 2393 1362 2424 divinus.

946 2444 979 2467 11
1006 2448 1064 2478 qua
1087 2436 1166 2466 haud
1189 2436 1258 2471 scio,
1281 2436 1518 2479 att—quicquam
1539 2445 1599 2465 me·

901 2479 956 2509 Iius
979 2479 1052 2518 &c.]
1079 2479 1211 2519 Semper
1233 2480 1313 2509 mihi
1331 2479 1363 2508 τὸ
1376 2480 1530 2521 quicquam
1545 2488 1600 2508 su—

899 2530 1045 2562 spectum
1069 2523 1150 2552 fuit:
1175 2529 1299 2562 propter
1320 2522 1399 2552 haud
1424 2522 1490 2558 scio,
1514 2521 1600 2560 quod

902 2576 941 2596 ex
968 2575 1028 2596 usu
1055 2575 1128 2595 vero
1153 2565 1326 2595 latinorum
1359 2565 1496 2595 affirmat
1530 2572 1600 2594 mo·

902 2609 1000 2641 deste.
1019 2616 1052 2639 ut
1068 2618 1163 2648 supra
1181 2609 1250 2646 jam
1273 2608 1352 2644 dixi,
1369 2608 1540 2647 putavique
1555 2606 1600 2634 ηἰ-

905 2651 949 2680 hil
962 2652 1143 2682 addendum
1159 2660 1237 2683 esse,
1257 2650 1334 2679 nihil
1344 2651 1509 2692 quicquam.
1526 2657 1602 2679 eece

902 2704 976 2724 vero
1001 2704 1085 2725 unns
1111 2695 1188 2724 Mss.
1213 2694 1276 2724 Erf.
1301 2700 1331 2723 et
1358 2694 1456 2723 Goth.
1481 2691 1603 2722 habent

903 2736 990 2774 m'ln'l,
1005 2739 1058 2768 sed
1081 2739 1150 2768 sine
1165 2737 1330 2779 quicquam.
1347 2736 1452 2774 itaque
1468 2733 1546 2763 nihil
1565 2733 1604 2766 ἢ.

903 2780 958 2810 lud
975 2782 1091 2818 addidi,
1108 2787 1228 2810 retento
1251 2785 1358 2808 tamen
1375 2779 1415 2816 τῷ
1431 2777 1601 2819 quicquam,

903 2824 989 2862 quod
1017 2824 1204 2858 Lambinus,
1229 2822 1284 2860 qui
1316 2821 1412 2857 idem,
1435 2821 1522 2860 quod
1544 2829 1602 2851 nos

903 2873 1054 2903 senserat,
1069 2866 1195 2899 delevit.
1211 2864 1295 2896 male
1310 2864 1454 2895 Graevius
1475 2863 1602 2896 Lambi-
