1844 3202
272 97 353 136 626
799 94 877 134 DE
915 83 1175 133 Lamnus

273 203 404 254 adire,
425 202 460 244 si
483 201 635 259 placet,
686 217 730 246 er
763 203 897 260 ripam
925 213 967 245 et
992 203 1201 244 umbram.
1261 200 1344 243 Sed
1363 200 1453 257 jam
1472 200 1608 243 ordire
1629 213 1700 241 ex-

273 260 445 316 plicare,
466 274 625 316 quaeso,
675 275 698 301 e
724 260 820 316 jure
850 260 959 301 civili
990 259 1090 315 quid
1112 259 1277 300 sentias.
1336 259 1402 299 M.
1439 266 1477 291 1⁹
1493 260 1588 313 Ego
1609 270 1700 297 me-

275 315 394 367 mini,
417 331 606 358 summos
626 317 753 358 fuisse
781 317 822 358 in
854 316 1018 357 civitate
1038 325 1180 356 nostra
1201 315 1323 366 viros,
1344 314 1415 370 qui
1437 314 1480 355 id
1500 315 1702 368 interpre-

276 372 355 413 tari
376 372 550 428 populo,
572 381 614 413 et
643 373 919 428 responsitare
940 372 1050 414 soliti
1080 372 1186 412 sint:
1219 370 1290 411 sed
1319 386 1392 411 eos
1420 385 1576 425 magna
1604 383 1702 424 pro-

277 428 425 478 fessos,
447 429 487 469 in
510 429 642 484 parvis
663 443 752 470 esse
773 437 971 470 versatos.
1016 428 1130 484 Quid
1150 427 1258 467 enim
1283 435 1347 467 est
1368 436 1547 476 tantum,
1569 439 1702 480 quan-

274 494 366 526 tum
395 486 468 540 jus
501 484 679 526 civitatis
700 487 712 525 ?
747 485 848 541 quid
870 495 1009 526 autem
1031 493 1116 525 tam
1138 484 1354 537 exiguum,
1375 497 1502 537 quam
1524 490 1588 522 est
1607 495 1704 521 mu-

277 556 355 583 nus
390 541 472 582 hoc
511 556 672 590 eorum,
708 542 780 597 qui
816 540 1106 589 consuluntur,
1142 553 1397 595 quamquam
1442 547 1505 578 est
1541 536 1704 593 populo

277 597 587 638 necessarium?
622 612 698 638 nec
729 612 824 638 vero
852 612 938 646 eos,
962 597 1033 652 qui
1063 597 1101 637 ei
1132 596 1293 637 muneri
1321 594 1591 649 praefuerunt,
1613 592 1708 634 uni-

275 654 379 695 versi
395 654 500 710 juris
518 663 707 709 expertes
725 653 851 694 fuisse
868 653 1076 702 existimo,
1091 651 1165 693 sed
1183 651 1261 692 hoc
1281 650 1396 691 civile
1411 649 1526 706 quod
1540 656 1706 700 vocant,

275 719 448 751 eatenus
475 720 764 758 exercuerunt,
785 719 825 742 20
840 709 978 765 quoad
1009 709 1211 764 populum
1243 716 1439 763 praestare
1469 706 1705 746 voluerunt.

276 775 313 798 21
339 766 388 807 Id
418 776 559 808 autem
593 767 856 822 incognitum
878 775 957 816 est,
979 766 1201 820 minusque
1232 764 1272 804 in
1303 778 1383 804 usu
1408 761 1703 803 necessarium.

276 823 568 864 Quamobrem
594 837 679 878 quo
710 838 777 864 me
808 824 957 863 vocas?
991 831 1063 862 aut
1093 820 1192 877 quid
1222 819 1432 861 hortaris?
1465 827 1511 859 ut
1542 816 1707 859 libellos

275 879 495 920 conficiam
517 879 568 920 dc
589 878 897 920 stillicidiorum
920 892 967 918 ac
989 878 1040 918 de
1061 877 1265 932 parietum
1292 876 1388 932 jure
1407 876 1420 916 ?
1453 885 1525 916 aut
1555 883 1601 916 ut
1630 872 1705 914 sti-

276 935 540 990 pulationum
582 944 625 976 et
658 935 917 990 judiciorum
959 934 1159 975 formulas
1198 947 1449 988 componam
1472 933 1485 972 ?
1531 946 1625 987 quae
1664 939 1707 971 et

277 991 432 1046 scripta
453 1002 595 1041 sunta
614 992 758 1032 multis
780 990 1015 1046 diligenter,
1038 999 1080 1031 et
1099 998 1195 1030 sunt
1215 988 1454 1038 humiliora,
1474 1002 1600 1042 quam
1623 986 1708 1036 illa,

231 1042 265 1093 5
279 1056 317 1079 22
333 1062 428 1102 quae
458 1062 482 1087 a
502 1048 620 1088 vobis
649 1047 877 1102 exspectari
908 1054 1028 1101 puto.
1087 1045 1180 1085 Att.
1206 1045 1354 1100 Atqui,
1376 1045 1407 1084 si
1429 1058 1604 1099 quaeres,
1624 1056 1708 1097 ego

219 1119 264 1150 15
278 1103 379 1161 quid
400 1112 638 1159 exspectem
660 1120 669 1143 ε
699 1102 898 1158 quoniam
928 1101 1130 1156 scriptum
1159 1109 1222 1141 est
1250 1115 1274 1141 a
1300 1109 1340 1140 te
1368 1100 1420 1140 de
1446 1100 1608 1154 optimo
1629 1097 1706 1139 rei-

149 1175 181 1206 p.
197 1172 266 1199 1⁵9-
279 1159 459 1216 publicae
481 1168 607 1210 statu,
628 1173 888 1215 consequens
909 1173 999 1199 esse
1020 1158 1196 1208 videtur,
1216 1165 1264 1198 ut
1283 1156 1438 1197 scribas
1459 1164 1505 1196 tu
1526 1155 1637 1196 idem
1657 1154 1710 1195 de

238 1217 460 1272 &legibus
492 1217 550 1257 sic
582 1217 693 1256 enim
726 1215 870 1256 fecisse
895 1214 1014 1255 video
1045 1214 1260 1254 Platonem
1281 1212 1400 1253 illum
1423 1220 1559 1262 tuum,
1581 1225 1708 1268 quem

278 1282 326 1314 tu
355 1272 587 1323 admiraris,
610 1286 735 1327 quem
764 1271 960 1312 omnibus
987 1270 1220 1325 anteponis,
1246 1283 1372 1324 quem
1401 1267 1581 1309 maxime
1616 1267 1710 1308 dili-

275 1330 360 1386 gis.
421 1330 488 1369 M.
508 1329 640 1370 Visne
658 1328 803 1383 igitur,
824 1336 870 1369 ut
891 1327 960 1368 ille
983 1327 1109 1367 Crete
1129 1341 1227 1367 cum
1255 1325 1407 1375 Clinia,
1428 1333 1471 1365 et
1500 1339 1597 1365 cum
1625 1325 1708 1364 La·-

276 1385 540 1427 cedaemonio
562 1385 760 1440 Megillo,
778 1385 934 1434 aestivo,
955 1381 1315 1439 quemadmodum
1335 1380 1548 1431 describit,
1565 1380 1646 1430 die,
1668 1379 1711 1420 in

276 1442 530 1498 cupressetis
567 1441 838 1491 Cnosiorum,
869 1450 912 1482 et
941 1439 1084 1494 spatiis
1121 1438 1391 1487 silvestribus,
1426 1437 1573 1478 crebro
1609 1435 1708 1477 insi-

276 1510 406 1550 stens,
427 1497 636 1540 interdum
657 1498 939 1553 acquiescens,
961 1497 1012 1537 de
1034 1496 1233 1536 institutis
1264 1509 1399 1535 rerum
1430 1493 1710 1549 publicarum,

277 1570 326 1596 ac
355 1555 408 1597 de
437 1554 609 1610 optimis
635 1554 803 1609 legibus
823 1553 1035 1609 disputat:
1067 1552 1125 1593 sic
1146 1567 1220 1592 nos
1243 1552 1350 1592 inter
1371 1550 1446 1591 has
1468 1548 1710 1605 procerissi-

276 1626 368 1654 mas
389 1611 584 1667 populos,
605 1611 647 1651 in
676 1611 791 1651 viridi
825 1624 1041 1665 opacaque
1066 1609 1156 1664 ripa
1180 1607 1501 1656 inambulantes,
1522 1615 1613 1647 tum
1633 1620 1708 1647 au-

278 1676 365 1710 tem
399 1667 641 1717 residentes,
661 1682 897 1722 quaeramus
929 1665 1077 1706 iisdem
1110 1665 1162 1706 de
1192 1664 1315 1704 rebus
1340 1663 1497 1718 aliquid
1526 1661 1712 1713 uberius,

219 1733 267 1770 16
279 1739 404 1781 quam
426 1724 602 1765 forensis
624 1738 723 1764 usus
749 1722 987 1764 desiderat?
1030 1722 1122 1762 Att.
1144 1722 1237 1776 Ego
1258 1733 1354 1761 vero
1374 1719 1453 1760 ista
1473 1719 1616 1761 audire
1635 1733 1710 1758 cu-

276 1782 363 1837 pio.
423 1782 489 1822 M.
512 1777 629 1836 Quid
649 1780 707 1821 ait
726 1779 940 1836 Quintus?
981 1780 1036 1834 (2.
1066 1777 1199 1819 Nulla
1216 1777 1269 1817 de
1288 1790 1332 1817 re
1351 1776 1503 1831 magis.
1564 1776 1630 1816 M.
1656 1776 1712 1816 Et

276 1847 390 1879 recte
413 1837 600 1893 quidem.
632 1851 730 1877 nam
757 1836 816 1877 sic
846 1835 1061 1884 habetote,
1085 1834 1200 1874 nullo
1229 1834 1270 1874 in
1296 1846 1450 1887 genere
1471 1830 1711 1887 disputandi

278 1902 318 1927 ‘23
336 1894 472 1949 magis
492 1893 667 1934 honeste
689 1892 890 1948 patefieri,
913 1890 1015 1946 quid
1045 1890 1098 1931 sit
1131 1889 1293 1930 homini
1321 1888 1527 1930 tributum
1548 1897 1711 1938 natura,

277 1959 480 2007 quantam
500 1949 580 1991 vim
603 1963 739 1990 rerum
768 1948 1024 2003 optimarum
1046 1960 1162 1987 mens
1184 1946 1368 1987 humana
1388 1945 1616 1994 contineat,
1636 1959 1711 1984 cu—

271 2009 345 2064 jus
366 2006 549 2048 muneris
569 2005 736 2046 colendi
755 2003 1043 2059 efficiendique
1065 2017 1191 2043 causa
1211 2002 1311 2051 nati,
1328 2009 1370 2041 et
1389 2001 1430 2041 in
1450 2000 1588 2041 lucem
1609 2000 1712 2041 editi

280 2064 427 2113 simus,
449 2078 544 2118 quae
576 2062 629 2103 sit
656 2061 899 2117 conjunctio
930 2059 1166 2109 hominum,
1187 2073 1281 2114 quae
1311 2057 1510 2098 naturalis
1535 2056 1715 2098 societas

280 2119 389 2161 inter
411 2119 538 2174 ipsos.
570 2118 634 2158 his
656 2118 766 2158 enim
787 2116 1018 2172 explicatis,
1041 2116 1134 2156 fons
1163 2115 1323 2169 legum,
1343 2123 1385 2154 et
1405 2113 1514 2169 juris
1541 2112 1712 2154 inveniri

222 2192 269 2235 17
281 2184 436 2232 potest.
494 2175 588 2216 Att.
616 2176 719 2215 Non
744 2188 846 2228 ergo
872 2187 897 2214 a
922 2172 1112 2228 praetoris
1132 2171 1288 2220 edicto,
1309 2179 1358 2210 ut
1378 2170 1563 2226 plerique
1585 2184 1710 2216 nunc,

282 2246 419 2288 neque
440 2246 465 2272 a
486 2245 562 2274 x11
581 2230 752 2281 tabulis,
770 2239 818 2271 ut
835 2229 1084 2284 superiores,
1103 2227 1175 2268 sed
1192 2227 1359 2283 penitus
1378 2240 1427 2267 ex
1448 2226 1595 2266 intima
1616 2226 1709 2280 phi-

279 2288 477 2344 losophia
511 2286 785 2329 hauriendam
814 2285 922 2343 juris
954 2285 1217 2342 disciplinam
1253 2293 1390 2339 putas.
1456 2283 1523 2323 M.
1554 2291 1593 2314 24
1610 2284 1713 2323 Non

328 2397 367 2422 19
384 2390 446 2427 Ego
463 2400 495 2418 ne
506 2389 523 2420 ἕ)
538 2399 656 2418 summos
670 2385 748 2428 &c.]
769 2386 893 2426 Egone?
911 2396 976 2417 non
1021 2385 1101 2416 nihil
1118 2387 1227 2415 referre
1243 2391 1330 2424 puto.
1360 2385 1536 2423 Vulgatum
1553 2385 1629 2414 adeo
1646 2393 1714 2415 me-

282 2433 379 2463 habet
392 2433 602 2462 commodum
620 2441 761 2461 sensum.
778 2431 857 2459 Mss.
871 2430 976 2469 plures
1021 2429 1080 2458 lius
1097 2429 1230 2465 videtur,
1249 2428 1322 2466 quia
1342 2428 1446 2457 statim
1463 2428 1586 2458 Atticus
1602 2428 1639 2457 de
1654 2437 1713 2458 sua

282 2482 314 2506 et
329 2477 399 2507 edd.
415 2482 490 2505 vett.
506 2482 542 2504 ut
554 2475 633 2504 Ven.
650 2481 740 2506 1494.
755 2473 886 2503 Mediol.
903 2474 977 2502 Asc.
1020 2472 1251 2511 exspectatione
1267 2471 1354 2507 dicit,
1370 2482 1419 2510 ego
1434 2471 1506 2511 quid
1518 2477 1683 2510 exspectem.

283 2519 367 2550 Vict.
387 2519 449 2558 Ego
465 2517 579 2547 memini
593 2529 602 2545 .-
620 2517 704 2556 quod
721 2516 872 2546 revocavi.
1065 2521 1103 2544 223
1122 2514 1213 2553 magis
1229 2513 1338 2542 honeste
1348 2511 1499 2552 patgfieri]
1514 2514 1623 2543 honeste
1636 2514 1714 2552 quid

327 2569 368 2592 ‘20
391 2561 486 2603 quoad
510 2559 644 2600 populum
668 2566 813 2599 praestare
837 2557 911 2596 vok]
938 2558 978 2589 V.
1022 2557 1090 2587 h.1.
1107 2558 1159 2592 sit,
1175 2566 1271 2586 nemo
1286 2557 1390 2586 dicat:
1409 2563 1519 2595 estque
1533 2557 1600 2587 sine
1615 2556 1713 2585 dubio

282 2604 415 2635 Clavem
432 2604 463 2633 in
477 2610 629 2643 praestare.
1020 2601 1180 2630 vitiosum.
1210 2600 1359 2629 Davisius
1373 2598 1508 2637 conjecit
1517 2605 1610 2639 potest
1622 2609 1632 2627 .·
1649 2608 1716 2629 non

327 2655 363 2678 21
393 2647 431 2676 Id
451 2658 478 2676 a.
504 2645 678 2685 incognitum
701 2643 756 2683 est]
776 2644 855 2683 Puto
872 2644 979 2684 legen·
1021 2644 1093 2673 satis
1117 2643 1225 2682 placet.
1251 2652 1308 2672 cur
1331 2653 1394 2672 non
1416 2644 1518 2682 potius
1535 2648 1635 2681 posse:
1660 2642 1714 2672 sed

283 2691 363 2721 dum
394 2689 474 2719 Illud
493 2699 537 2719 sc.
565 2689 618 2727 jus
650 2688 794 2725 civitatis,
818 2688 904 2727 quod
933 2694 980 2717 est
1022 2695 1080 2716 nce
1097 2687 1157 2716 hoc
1174 2686 1253 2715 mihi
1269 2686 1427 2716 satisfacit.

283 2738 434 2763 tantum..
1066 2736 1105 2759 24
1130 2730 1195 2758 Non
1217 2728 1291 2757 enim
1313 2729 1347 2757 id
1367 2723 1537 2770 quaerimus]
1556 2725 1588 2754 id
1600 2726 1715 2757 delevit

328 2783 366 2805 22
391 2785 456 2816 quae
477 2786 496 2804 a
518 2773 599 2803 vobis
616 2771 775 2812 exspectari
794 2771 876 2811 puto]
897 2773 978 2803 Libri
1023 2772 1184 2808 Davisius,
1200 2779 1326 2802 auctore
1350 2771 1413 2801 Ms.
1437 2770 1530 2800 Paris.
1545 2770 1715 2800 commode

284 2819 415 2861 quidam
438 2824 474 2850 ut
495 2824 526 2850 et
549 2817 613 2849 Ms.
632 2816 741 2848 Guelf.
757 2815 877 2848 habent
891 2815 981 2848 nobis.
1023 2815 1174 2848 abfuerit:
1193 2815 1248 2848 sed
1263 2821 1371 2849 tamen
1387 2814 1551 2847 neminem
1565 2813 1716 2845 offendat.
