1844 3202
314 127 394 169 990
685 122 743 161 M.
781 125 995 162 TULLII
1034 125 1364 164 CICERONIS

315 243 398 269 non
430 228 583 281 solum,
610 233 724 287 quod
755 247 829 274 nos
863 233 902 274 in
931 235 1096 274 beatam
1129 235 1251 275 vitam
1285 235 1470 284 inducat,
1502 235 1574 276 sed
1604 234 1749 290 etiam,

315 286 430 340 quod
452 287 696 336 multarum,
719 305 1054 345 magnarumque
1087 291 1345 331 miseriarum
1379 306 1503 332 sensu
1523 292 1683 343 liberet,
1705 304 1747 334 et

315 356 340 382 a
360 343 509 383 futuris
531 345 592 385 vel
614 346 939 395 calamitatibus,
962 347 1019 386 vel
1045 346 1262 388 doloribus
1282 347 1509 398 abstrahat,
1531 348 1630 403 quid
1654 349 1745 404 jam

315 399 589 454 relinquetur,
621 416 697 442 cur
732 417 814 442 non
849 413 984 443 morte
1017 402 1163 452 laetari,
1196 418 1243 444 ac
1278 404 1486 445 clarorum
1526 404 1746 446 hominum

315 455 528 506 virtutem,
551 458 623 512 qui
655 458 809 498 nullius
837 459 1006 498 interitu
1032 459 1264 512 perturbati
1286 470 1397 510 sunt,
1420 460 1571 501 imitari
1594 461 1746 502 debea-

315 513 440 552 mus?
473 513 542 553 An
577 529 658 554 uon
692 514 912 568 optimam,
949 514 1199 569 beatamque
1231 525 1411 557 mortem
1442 517 1664 572 judicabat
1696 520 1746 558 L.

314 568 484 618 Brutus,
519 585 616 610 cum
651 580 877 625 tyrannum
909 586 1066 620 arcens,
1098 586 1223 626 quem
1253 572 1483 626 expulerat,
1514 574 1640 620 vitam
1671 588 1747 629 pro

316 624 448 665 nihilo
476 625 685 666 ducebat?
720 627 819 667 item
850 625 987 676 Decii,
1019 643 1103 682 quo
1134 638 1322 682 tempore
1353 644 1448 669 cum
1482 630 1641 671 Latinis
1671 645 1748 685 pro

313 682 450 736 patria
479 682 741 731 dimicantes,
769 698 858 724 sese
889 683 1077 724 hostium
1108 683 1201 725 telis
1233 685 1516 740 objiciebant?
1549 696 1750 741 praeterea

313 738 475 792 Scipio,
505 739 686 790 Paullus,
713 739 958 790 Marcellus,
981 740 1178 790 Albinus,
1205 756 1310 796 quos
1336 741 1460 782 vitam
1492 741 1532 782 in
1563 743 1651 783 acie
1674 744 1748 798 ju-

315 793 458 835 vandae
479 795 623 850 patriae
645 810 771 837 causa
791 797 1018 838 fortissime
1040 797 1276 852 profudisse
1299 797 1513 838 memoriae
1535 799 1746 853 proditum

315 851 512 905 legimus.
571 853 627 892 Et
658 868 753 893 vero
784 853 885 894 nihil
915 853 1009 903 fuit,
1040 854 1315 908 quamobrem
1346 854 1471 903 elato,
1499 856 1664 896 excelso
1695 870 1747 897 ue

312 908 456 948 animo
479 907 672 949 homines
702 909 825 950 vitam
858 925 941 950 non
968 910 1245 964 despicerent,
1266 920 1313 951 ut
1334 911 1629 966 sempiternam
1651 926 1681 966 g
1700 927 1748 952 o·

316 964 416 1004 riam
452 966 654 1020 consequi
687 975 870 1020 possent.
917 981 1011 1007 nam
1048 981 1144 1007 cum
1179 967 1309 1017 nullo,
1342 968 1403 1007 vel
1432 976 1545 1008 certe
1573 968 1749 1009 minimo

312 1019 473 1061 doloris
500 1019 637 1073 sensu,
669 1038 795 1077 quem
826 1023 1052 1064 morientes
1085 1024 1315 1078 perferunt,
1346 1024 1547 1065 infinitam
1579 1024 1748 1066 laudem

312 1078 648 1118 commutabant.
681 1079 793 1120 hunc
814 1080 922 1120 enim
946 1079 1088 1120 locum
1119 1080 1171 1120 de
1198 1080 1368 1135 exiguo,
1386 1079 1447 1121 vel
1469 1080 1586 1121 nullo
1606 1081 1749 1136 potius

311 1132 460 1174 dolore
481 1136 643 1185 mortis,
659 1150 786 1190 quem
808 1151 934 1191 supra
956 1136 1287 1190 perstrinximus,
1301 1136 1444 1191 paullo
1465 1137 1636 1178 uberius
1657 1151 1750 1192 per-

313 1205 546 1231 curramus.
605 1193 758 1248 Neque
787 1193 896 1233 enim
924 1193 1103 1233 absurde
1124 1193 1276 1233 dixisse
1297 1193 1402 1234 mihi
1425 1193 1585 1234 videtur
1606 1195 1656 1244 is,
1677 1195 1753 1250 qui

310 1247 596 1298 morientium,
612 1258 965 1305 mortuorumque
980 1250 1199 1290 hominum
1218 1260 1390 1301 statum,
1403 1259 1446 1290 et
1459 1250 1747 1292 conditionem

312 1303 480 1345 duabus
513 1305 783 1359 potissimum
815 1321 867 1347 ex
897 1306 1022 1346 rebus
1054 1305 1226 1361 percipi,
1257 1316 1384 1362 atque
1414 1307 1590 1362 intelligi
1626 1321 1750 1362 posse

309 1360 555 1401 affirmavit:
580 1377 759 1417 quarum
780 1377 905 1403 unam
931 1377 1127 1403 somnum
1151 1363 1313 1413 statuit,
1332 1363 1504 1404 alteram
1529 1375 1623 1404 vero
1642 1372 1754 1404 tem-

313 1432 390 1472 pus
412 1418 532 1468 illud,
555 1418 669 1473 quod
700 1429 890 1460 nostrum
922 1419 1128 1474 cujusque
1159 1429 1299 1460 ortum
1325 1419 1561 1460 antecessit.
1591 1429 1633 1460 et
1653 1434 1751 1460 sane

313 1474 370 1515 ita
391 1485 469 1525 est,
490 1485 538 1515 ut
569 1490 619 1515 ex
650 1476 850 1516 omnibus
874 1476 1157 1531 opinionibus,
1178 1490 1357 1531 quarum
1377 1491 1518 1517 errore
1538 1476 1636 1517 duci
1658 1477 1749 1517 vul-

313 1544 395 1586 gus
417 1531 537 1582 solet,
558 1546 655 1572 cum
687 1532 741 1573 de
770 1542 906 1573 morte
935 1532 1136 1588 loquitur,
1159 1532 1273 1573 nulla
1298 1532 1421 1587 plane
1451 1532 1505 1573 ad
1532 1533 1748 1574 veritatem

312 1585 504 1628 'videatur
523 1602 614 1628 esse
636 1589 894 1644 propensior.
926 1588 984 1629 ita
1002 1589 1113 1630 enim
1138 1589 1263 1629 multi
1284 1589 1438 1639 vivunt,
1460 1598 1509 1629 ut
1531 1590 1750 1644 praesenti-

314 1644 393 1685 bus
416 1644 537 1684 bonis
559 1645 777 1686 fruantur-z
811 1660 886 1686 nec
913 1660 1013 1686 sane
1040 1646 1244 1700 cogitent,
1266 1645 1365 1700 quid
1395 1646 1538 1701 paucis
1559 1655 1654 1701 post
1675 1660 1750 1686 an-

314 1700 377 1745 nis
399 1700 460 1740 vel
483 1700 597 1755 ipsis,
620 1701 682 1743 vel
702 1701 849 1742 ceteris
872 1701 987 1753 boni,
1009 1712 1082 1743 aut
1103 1702 1202 1743 mali
1225 1703 1357 1755 possit
1376 1702 1553 1743 evenire.
1602 1703 1750 1758 Itaque

313 1771 424 1812 saepe
444 1772 525 1797 non
543 1757 723 1812 opinatis
741 1759 916 1809 morbis,
934 1758 1335 1813 perturbationibus,
1352 1758 1582 1813 angoribus
1600 1773 1750 1800 vexan-

311 1823 394 1857 tur.
426 1814 574 1856 mortis
596 1829 705 1865 vero,
728 1815 781 1855 de
799 1830 882 1870 qua
940 1814 1177 1855 otissimum
1207 1816 1397 1871 cogitare
1425 1814 1671 1866 debuerant,
1692 1815 1750 1856 ita

314 1885 398 1913 non
429 1871 769 1922 reminiscuntur,
800 1880 846 1913 ut
874 1829 936 1912 ad)
957 1886 1000 1912 se
1030 1871 1252 1913 minimum
1279 1872 1394 1913 illam
1426 1871 1646 1927 pertinere,
1674 1886 1749 1914 nec

312 1942 388 1968 sua
408 1927 638 1982 quidquam
662 1928 857 1969 interesse
879 1928 1133 1969 existiment.
1164 1930 1253 1983 qui,
1276 1938 1321 1970 ut
1356 1928 1562 1969 Panaetius
1581 1929 1749 1969 Africa-

313 1999 412 2026 num
436 1984 575 2024 dicere
598 1984 769 2026 solitum
799 1985 940 2035 tradit,
961 1986 1186 2026 ferociores
1212 1999 1344 2041 equos
1365 1984 1644 2025 domitoribus
1665 1993 1750 2025 tra-

312 2040 473 2081 dendos
492 2055 597 2091 esse,
618 2049 664 2081 ut
690 2042 906 2095 paullatim
939 2056 1098 2096 parere,
1125 2056 1253 2097 seque
1285 2041 1487 2090 mitiores,
1508 2056 1556 2081 ac
1580 2041 1749 2082 mollio-

312 2111 378 2137 res
398 2098 585 2151 praebere
617 2097 818 2152 incipiant
838 2116 846 2139 z
880 2099 938 2139 sic
960 2098 1039 2153 ipsi
1058 2098 1100 2139 in
1120 2112 1275 2154 gyrum
1295 2097 1552 2139 fortitudinis
1573 2113 1621 2138 ac
1641 2099 1750 2153 pati-

312 2153 434 2193 entiae
467 2153 692 2195 reducendi
723 2164 834 2204 sunt,
861 2169 927 2205 ne,
957 2155 991 2196 si
1021 2170 1135 2195 mors
1167 2154 1453 2209 imprudentes
1483 2154 1751 2209 oppresserit,

310 2219 632 2265 perterreantur,
669 2210 879 2266 planeque
914 2211 1152 2252 concidant.
1213 2211 1297 2253 Sed
1328 2211 1470 2252 nescio
1500 2225 1585 2266 quo
1618 2211 1749 2252 modo

312 2266 545 2320 voluptate,
576 2267 763 2323 luxuque
795 2268 968 2310 delinita
1004 2268 1225 2309 hominum
1259 2267 1522 2309 consuetudo
1553 2267 1605 2308 de
1637 2275 1751 2308 recta

311 2323 524 2378 majorum
546 2324 626 2365 vita
646 2324 830 2374 deflexit,
851 2340 986 2380 eoque
1016 2325 1168 2366 sensim
1199 2324 1340 2366 delata
1365 2334 1444 2371 est,
1465 2332 1512 2364 ut
1542 2323 1647 2364 nihil
1668 2324 1749 2364 mi-

311 2393 403 2429 nus,
423 2393 548 2435 quam
576 2396 736 2431 verum,
756 2392 973 2437 agnoscat,
995 2396 1084 2431 nec,
1107 2397 1205 2424 cum
1227 2380 1386 2436 aliquid
1405 2380 1562 2435 agitur,
1585 2388 1749 2421 rectum

311 2435 367 2484 id,
388 2450 517 2476 necne
539 2436 606 2484 sit,
627 2452 882 2492 magnopere
903 2439 1080 2493 cogitet.
1112 2453 1195 2493 qua
1226 2438 1340 2478 nulla
1371 2438 1507 2493 major
1535 2437 1679 2492 pestiS,
1701 2451 1750 2477 ac

309 2492 512 2546 pernicies
533 2492 726 2534 humanis
748 2494 886 2544 rebus,
905 2495 1022 2535 valde
1037 2494 1126 2549 jam
1151 2494 1427 2544 labefactatis,
1443 2493 1583 2549 potuit
1599 2493 1750 2534 afferri.

308 2549 440 2604 atqui,
463 2549 496 2589 si
528 2549 567 2589 in
600 2549 686 2590 ullo
716 2549 900 2601 homine,
921 2561 1034 2591 certe
1062 2551 1102 2591 in
1127 2551 1191 2592 bis
1213 2550 1312 2606 ipsis
1332 2550 1503 2605 vulgare
1524 2550 1685 2590 dictum
1708 2558 1751 2590 et

309 2620 467 2652 verum,
490 2615 531 2646 et
550 2616 671 2646 acute
693 2606 928 2661 cogitatum
952 2622 1042 2647 esse
1065 2606 1405 2663 deprehenditur.
1426 2605 1528 2662 quid
1548 2606 1659 2646 enim
1683 2606 1751 2646 isti

309 2662 423 2702 aliud
451 2672 601 2716 agunt,
625 2663 700 2702 nisi
732 2673 844 2704 totos
875 2663 963 2704 dies
992 2679 1064 2719 per
1090 2664 1281 2704 inertiam
1313 2663 1509 2718 perdunt,
1537 2672 1665 2718 atque
1693 2662 1751 2702 ita

307 2718 462 2767 vivunt,
488 2728 532 2759 ut
565 2728 739 2760 stertere
767 2720 921 2775 potius,
943 2735 1071 2775 quam
1093 2720 1180 2761 ullo
1201 2731 1327 2775 pacto
1348 2720 1480 2760 vivere
1503 2719 1748 2759 videantur?

306 2774 519 2815 dormiens
555 2787 697 2816 autem
728 2786 774 2816 ut
805 2777 905 2816 nihil
940 2777 1080 2826 sentit,
1107 2777 1210 2818 nihil
1243 2776 1346 2832 agit,
1379 2775 1479 2816 nihil
1507 2787 1657 2816 curat:
1691 2774 1750 2815 sic

306 2840 499 2873 mortuus
536 2831 637 2887 quid
669 2847 811 2887 agere,
843 2833 951 2891 quid.
976 2848 1137 2882 curare,
1173 2843 1244 2874 aut
1278 2832 1430 2873 sentire
1461 2832 1608 2887 possit,
1637 2830 1750 2872 haud

641 2998 652 3015 X
