1844 3202
291 115 370 155 710
816 107 895 145 DE
932 106 1190 145 OFFICIIS

289 227 350 268 ut,
372 231 516 272 equos,
536 223 705 273 propter
729 216 894 257 crebras
921 215 1211 257 contentiones
1234 214 1478 271 proeliorum
1498 213 1714 257 ferocitate

288 274 556 324 exsultantes,
586 272 865 314 domitoribus
893 272 1054 313 tradere
1084 272 1258 323 soleant,
1288 280 1335 312 ut
1363 270 1427 312 his
1457 270 1713 313 facilioribus

287 331 450 386 possint
476 331 565 372 uti:
596 330 655 371 sic
685 329 891 378 homines,
923 328 1114 369 secundis
1142 328 1265 369 rebus
1294 327 1529 378 effrenatos,
1549 327 1712 383 sibique

287 387 572 442 praesidentes,
603 395 818 441 tamquam
850 386 892 425 in
926 399 1082 440 gyrum
1114 384 1282 425 rationis
1312 394 1355 425 et
1381 384 1584 425 doctrinae
1615 383 1712 424 duci

287 453 497 499 oportere,
523 452 570 484 ut
595 442 876 498 perspicerent
902 455 1040 482 rerum
1066 440 1344 481 humanarum
1364 440 1712 490 imbecillitatem,

223 510 271 551 91
288 501 612 555 varietatemque
631 499 824 539 fortunae.
882 497 1025 552 Atque
1046 497 1172 537 etiam
1194 497 1234 537 in
1255 496 1564 538 secundissimis
1585 496 1710 537 rebus

219 1014 269 1054 92

172 1071 203 1100 p.
220 1068 268 1092 19-

240 1113 259 1133 a

285 558 466 597 maxime
487 566 551 597 est
571 555 772 596 utendum
793 553 968 594 consilio
987 553 1234 603 amicorum,
1252 552 1400 609 hisque
1420 553 1556 608 major
1570 553 1712 601 etiam,

285 627 412 668 quam
443 622 553 662 ante,
583 611 804 652 tribuenda
832 609 1070 651 auctoritas.
1101 608 1333 664 iisdemque
1361 609 1618 663 temporibus
1643 623 1712 649 ca-

283 669 465 710 vendum
492 678 570 719 est,
591 682 642 708 ne
670 666 997 708 assentatoribus
1026 666 1326 720 patefaciamus
1356 680 1490 715 aures,
1509 679 1584 705 nec
1606 664 1711 705 adu-

284 725 360 766 lari
391 740 467 766 nos
499 726 710 765 sinamus:
743 724 785 764 in
817 738 901 779 quo
935 722 1022 762 falli
1053 722 1175 762 facile
1206 731 1281 762 est.
1340 721 1461 762 Tales
1493 721 1603 762 enim
1636 734 1712 761 nos

285 790 404 823 2esse
427 791 639 837 putamus,
659 789 708 822 ut
720 781 817 836 jure
836 778 1070 820 laudemur.
1094 793 1143 818 ex
1166 793 1249 833 quo
1272 788 1497 819 nascuntur
1517 778 1711 818 innume-

283 839 427 879 rabilia
449 848 648 893 peccata3
678 851 774 877 cum
796 836 987 877 homines
1008 835 1140 875 inflati
1160 835 1442 890 opinionibus,
1464 834 1639 889 turpiter
1655 834 1710 874 ir-

280 894 483 943 ridentur,
515 903 557 934 et
586 894 628 934 in
658 892 848 934 maximis
876 900 1089 932 versantur
1109 891 1331 932 erroribus.
1392 890 1475 931 Sed
1505 890 1596 931 haec
1616 889 1711 946 qui—

282 950 377 991 dem
400 951 615 990 hactenus.

340 1007 450 1047 Illud
470 1014 609 1046 autem
639 1005 697 1045 sic
721 1012 784 1044 est
806 1002 1100 1059 judicandum,
1130 1003 1330 1043 maximas
1351 1003 1441 1057 geri
1461 1016 1540 1052 res,
1561 1009 1603 1042 et
1621 1016 1712 1042 ma-

282 1063 381 1104 ximi
402 1062 530 1103 animi
557 1063 609 1102 ab
641 1061 703 1112 iis,
723 1060 795 1115 qui
819 1059 1073 1115 respublicas
1094 1069 1258 1113 regant,
1279 1058 1394 1113 quod
1413 1072 1558 1098 earum
1576 1056 1710 1099 admi-

281 1120 470 1161 nistratio
502 1118 703 1159 latissime
735 1125 890 1172 pateat,
923 1115 976 1156 ad
1010 1114 1297 1170 plurimosque
1332 1115 1549 1169 pertineat.
1607 1115 1711 1155 Esse

279 1186 418 1218 autem
442 1176 586 1230 magni
606 1173 747 1224 animi,
767 1181 809 1214 et
828 1173 955 1214 fuisse
974 1171 1130 1212 multos
1152 1171 1279 1211 etiam
1305 1171 1346 1214 in
1367 1171 1448 1211 vita
1468 1171 1617 1220 otiosa,
1637 1170 1710 1226 qui

279 1242 353 1274 aut
382 1233 691 1287 investigarent,
721 1239 795 1270 aut
829 1236 1080 1270 conarentur
1110 1242 1266 1283 magna
1295 1227 1503 1283 quaedam,
1534 1240 1709 1281 seseque

280 1304 449 1330 suarum
471 1303 609 1330 rerum
631 1288 779 1328 finibus
801 1285 1088 1327 continerent:
1121 1293 1193 1325 aut
1214 1284 1420 1341 interjecti
1439 1283 1547 1324 inter
1568 1283 1707 1338 philo-

279 1345 451 1401 sophos,
470 1355 512 1386 et
541 1360 629 1394 eos,
650 1344 721 1399 qui
753 1341 1054 1398 rempublicam
1076 1340 1429 1389 administrarent,
1450 1339 1709 1380 delectaren-

278 1412 348 1444 tur
377 1418 421 1442 re
454 1417 529 1442 sua
552 1400 759 1450 familiari,
779 1414 864 1440 non
893 1413 985 1438 eam
1014 1396 1182 1453 quidem
1205 1397 1325 1438 omni
1346 1396 1506 1438 ratione
1526 1410 1710 1451 exagge-

277 1467 431 1509 rantes,
464 1472 599 1513 neque
630 1456 896 1498 excludentes
928 1455 981 1495 ab
1014 1453 1104 1494 e'us
1137 1469 1217 1495 usu
1252 1468 1378 1495 suos:
1410 1452 1634 1509 potiusque
1666 1462 1710 1494 et

277 1516 422 1556 amicis
460 1514 761 1570 impartientes,
798 1522 842 1553 et
878 1511 1025 1566 reipub
1044 1510 1135 1560 ieae,
1170 1510 1204 1551 si
1242 1510 1411 1566 quando
1446 1524 1548 1550 usus
1582 1517 1706 1551 essct.

277 1574 414 1628 3Quae
438 1572 618 1627 primum
639 1571 747 1611 bene
769 1578 888 1624 parta
917 1568 984 1618 sit,
1007 1566 1123 1607 nullo
1145 1581 1281 1622 neque
1300 1566 1413 1622 turpi
1434 1575 1610 1621 quaestu,
1634 1579 1708 1606 ne-

275 1643 357 1684 que
377 1628 525 1669 odioso
541 1645 551 1668 2
573 1636 663 1667 tum
681 1640 807 1681 quam
825 1624 1029 1680 plurimis,
1046 1622 1175 1663 modo
1194 1623 1348 1679 dignis,
1367 1638 1410 1663 se
1431 1622 1575 1663 utilem
1599 1636 1708 1677 prae-

273 1684 397 1726 beat:
429 1683 579 1726 deinde
610 1691 815 1738 augeatur
839 1682 1014 1730 ratione,
1049 1679 1281 1734 diligentia,
1315 1679 1599 1735 parsimonia:
1629 1692 1705 1720 nec

270 1741 436 1783 libidini
462 1741 603 1797 potius
633 1738 907 1793 luxuriaeque,
929 1750 1056 1793 quam
1086 1735 1325 1777 liberalitati
1345 1746 1387 1777 et
1408 1735 1705 1776 beneficientiae

271 1806 427 1854 pateat.
487 1799 596 1838 Haec
617 1795 858 1852 praescripta
885 1800 1112 1834 servantem
1137 1791 1235 1833 licet
1254 1791 1490 1847 magnifice,
1510 1794 1705 1847 graviter,

271 1855 545 1910 animoseque
564 1853 710 1903 vivere,
730 1859 857 1907 atque
882 1851 1009 1892 etiam
1038 1848 1295 1903 simpliciter,
1316 1848 1505 1899 fideliter,
1528 1848 1704 1903 vitaeque

272 1911 493 1952 hominum
514 1910 663 1951 amice.

190 1964 257 2018 27
328 1968 539 2024 Sequitur,
559 1976 607 2008 ut
632 1966 684 2006 de
705 1979 788 2007 una
808 1964 965 2020 reliqua
986 1973 1102 2018 parte
1123 1962 1352 2004 honestatis
1373 1960 1595 2002 dicendum
1621 1961 1674 2002 sit
1692 1978 1702 2002 :

208 2041 257 2081 93
272 2025 313 2066 in
341 2039 424 2081 qua
449 2023 708 2073 verecundia,
740 2031 789 2085 et·
809 2020 926 2077 quasi
948 2021 1118 2076 quidam
1142 2029 1313 2060 ornatus
1332 2018 1442 2068 vitae,
1462 2027 1702 2072 temperan-

270 2081 342 2133 tia,
361 2089 404 2122 et
433 2079 654 2130 modestia,
677 2092 898 2134 ommsque
928 2077 1087 2118 sedatio
1112 2074 1473 2133 perturbationum
1499 2074 1640 2124 animi,
1660 2083 1703 2115 et

269 2152 408 2180 rerum
431 2136 582 2177 modus
607 2135 802 2176 cernitur.
861 2135 961 2174 Hoc
991 2134 1088 2175 loco
1118 2132 1357 2174 continetur
1386 2130 1443 2180 id,
1475 2130 1589 2186 quod
1619 2130 1702 2172 dici

268 2194 418 2235 Latine
446 2193 647 2234 decorum
680 2199 845 2247 potest:
878 2191 1027 2231 Graece
1047 2190 1157 2231 enim
1186 2187 1314 2243 πρέπον
1333 2186 1499 2228 dicitur.
1558 2187 1701 2242 Hujus

268 2251 326 2291 vis
347 2265 398 2291 ea
427 2260 505 2300 est,
527 2258 574 2290 ut
602 2249 655 2289 ab
676 2248 856 2289 honesto
878 2261 959 2288 non
989 2255 1116 2302 queat
1135 2244 1327 2300 separari.
1386 2244 1500 2284 Nam
1522 2251 1565 2284 et
1585 2243 1701 2298 quod

204 2317 256 2358 94
269 2306 406 2357 decet,
428 2307 653 2347 honestum
684 2313 748 2346 est
767 2321 776 2344 :
808 2311 850 2344 et
871 2303 986 2359 quod
1005 2303 1230 2344 honestum
1259 2309 1335 2352 est,
1356 2300 1490 2341 decet.
1549 2299 1700 2356 Qualis

266 2372 408 2404 autem
430 2362 662 2404 differentia
681 2361 736 2402 sit
755 2360 921 2403 honesti
939 2368 980 2401 et
1000 2359 1155 2410 decori,
1176 2357 1338 2399 facilius
1358 2356 1550 2411 intelligi,
1571 2370 1700 2412 quam

264 2420 477 2476 explanari
497 2427 650 2475 potest.
673 2416 879 2474 quidquid
897 2424 961 2460 est
980 2417 1107 2467 enim,
1128 2414 1243 2472 quod
1262 2413 1421 2464 deceat,
1441 2413 1484 2454 id
1513 2422 1604 2454 tum
1625 2426 1700 2467 ap-

264 2486 397 2532 paret,
427 2490 525 2518 cum
560 2484 802 2530 antegressa
830 2482 894 2514 est
922 2473 1134 2515 honestas.
1194 2473 1343 2526 Itaque
1372 2484 1457 2510 non
1487 2469 1625 2510 solum
1655 2469 1698 2509 in

262 2533 343 2574 hac
372 2542 491 2589 parte
517 2531 763 2581 honestatis,
793 2529 847 2571 de
875 2544 958 2585 qua
986 2530 1068 2571 hoc
1093 2530 1190 2570 loco
1217 2525 1504 2568 disserendum
1524 2533 1601 2575 est,
1621 2524 1696 2566 sed

263 2590 391 2631 etiam
422 2590 465 2630 in
495 2589 629 2634 tribus
659 2586 957 2643 superioribus,
987 2586 1088 2642 quid
1118 2585 1278 2634 deceat,
1308 2590 1495 2639 apparet.
1527 2595 1621 2622 nam
1652 2589 1696 2621 et

262 2646 423 2687 ratione
452 2646 529 2697 uti,
556 2653 682 2701 atque
710 2643 899 2685 oratione
928 2642 1184 2698 prudenter;
1214 2649 1257 2681 et
1282 2654 1409 2696 agere
1438 2638 1553 2696 quod
1580 2651 1698 2694 agas,

303 2769 322 2791 2
347 2768 413 2790 tunc
435 2772 491 2790 esse
507 2757 662 2800 putamus]
691 2765 757 2788 tunc
782 2758 868 2788 abest
891 2757 954 2788 Ms.
1043 2763 1060 2787 3
1086 2756 1161 2786 Quae
1178 2761 1228 2794 pr.
1252 2755 1318 2784 bene
1335 2760 1426 2794 parta
1445 2750 1498 2793 sit]
1524 2753 1619 2782 Parta
1640 2752 1697 2781 ha-

258 2803 358 2835 Goth.
381 2811 412 2835 et
433 2805 484 2836 ed.
506 2804 595 2844 Mog.
617 2802 688 2834 Col.
702 2802 797 2833 Rom.
813 2801 954 2844 aliisque.
999 2800 1076 2830 bent
1097 2799 1172 2829 boni
1197 2798 1267 2829 libri
1289 2807 1348 2830 scr.
1371 2803 1403 2827 et
1425 2797 1496 2828 edd.
1518 2796 1570 2826 alii
1586 2795 1695 2827 minus

258 2853 351 2881 tecte.
999 2843 1093 2881 bene,
1108 2848 1230 2887 parata.
