1844 3202
618 127 1024 165 FRAGMENTA.
1463 129 1539 172 897

99 236 184 291 Ap.
207 235 404 287 Claudio,
425 244 468 277 et
487 234 681 276 redierim
701 248 775 289 per
798 232 879 273 Cn.
902 232 1149 287 Pompeium
1167 248 1175 273 :
1207 245 1290 286 ego
1312 246 1416 287 crgo
1437 246 1538 274 cum

100 292 310 334 redierim.

154 350 375 405 Qumc'r.
404 347 520 399 ibid.)
574 347 722 388 Sermo
760 346 913 397 nullus,
950 344 1111 386 scilicet
1142 343 1219 383 nisi
1253 342 1305 383 de
1341 353 1397 384 te.
1436 344 1536 399 quid

98 405 210 446 enim
242 405 410 461 potius?
449 404 561 445 Tum
594 404 772 454 Flavius,
802 405 936 452 Erras,
958 401 1109 457 inquit,
1128 399 1358 450 tabellario,
1379 410 1420 440 et
1453 414 1535 455 ego

100 461 257 502 ibidem
280 475 403 501 orans
425 461 531 501 inter
551 475 696 501 cenam
718 459 897 501 exoravi.
1441 470 1445 475 ·

156 517 378 559 QUINCT.
402 516 514 570 ibid.)
560 518 732 558 Praestat
753 517 865 558 enim
887 515 1043 556 nemini
1064 514 1283 569 imperare,
1308 527 1434 568 quam
1457 513 1534 553 ali-

99 573 167 614 cui
195 569 358 614 servire.
390 574 478 614 sine
511 574 583 615 illo
612 574 722 615 enim
756 575 886 614 vivere
914 573 1088 614 honeste
1116 571 1229 621 licet,
1252 585 1351 611 cum
1374 569 1454 610 hoc
1476 570 1533 610 vi-

99 629 219 671 vendi
241 630 356 671 nulla
375 631 564 672 conditio
586 640 663 672 est.

154 688 375 743 QulNc'r.
404 687 474 728 lib.
493 697 532 728 3.
564 698 652 742 cap.
678 689 752 740 10.)
811 686 956 727 Simne
985 685 1122 726 bonus
1154 684 1228 729 vir,
1259 683 1292 724 si
1325 683 1407 724 hoc
1437 697 1536 724 sua·

99 742 251 784 deam?
287 744 477 785 minime.
536 744 728 785 Suasoris
763 743 875 784 enim
911 751 975 783 est
1006 741 1111 790 finis,
1142 741 1300 781 utilitas
1331 739 1436 795 ejus,
1467 740 1535 781 cui

100 799 278 855 quisque
309 801 471 842 suadet.
529 801 591 842 At
627 812 740 842 recta
771 809 883 841 sunt.
919 798 1012 855 quis
1047 799 1202 852 negat?
1241 796 1315 838 sed
1352 811 1436 837 non
1472 806 1536 838 est

98 870 264 911 semper
285 858 407 899 rectis
427 858 467 898 in
491 857 707 899 suadendo
728 858 861 898 locus.

124 969 132 976 ·
154 914 376 976 ῼυῙΝοΤ.
401 913 470 955 lih.
489 924 525 955 8.
553 924 640 969 cap.
658 917 714 965 6.)
761 913 923 969 Populo
949 911 1244 968 imposuimuS,
1275 919 1319 951 et
1348 918 1534 950 oratores

99 984 170 1010 v1S1
193 984 354 1012 sumus.

158 1026 380 1069 QU1NCT.
403 1026 472 1069 lib.
490 1031 529 1068 6.
549 1037 636 1082 cap.
653 1029 710 1081 4.)
754 1027 835 1069 Res
855 1026 961 1068 mihi
980 1026 1120 1067 invisae
1142 1025 1238 1066 visae
1260 1033 1370 1075 sunt,
1388 1024 1534 1065 Brute.

510 1129 596 1170 AD
629 1128 694 1169 M.
727 1128 944 1169 FILIUM
975 1126 1124 1167 libr.1.

159 1195 321 1237 Pmsc.
344 1195 372 1236 l.
393 1205 429 1237 Β.
452 1203 490 1237 et
514 1195 542 1237 l.
564 1199 641 1250 10.)
681 1197 824 1252 Quare
845 1195 976 1246 effice,
997 1206 1039 1236 et
1057 1194 1228 1235 elabora
1249 1202 1294 1234 ut
1315 1191 1533 1233 excelleas.

601 1273 672 1314 Ad
690 1273 859 1314 eundem
881 1271 950 1313 lib.
970 1273 1028 1312 II.

155 1339 286 1380 NON.
311 1340 602 1393 commodare.)
644 1341 726 1382 Cui
747 1356 845 1398 ego,
867 1341 1205 1397 quibuscumque
1227 1338 1350 1379 rebus
1373 1344 1535 1392 potero,

97 1394 369 1438 libentissime
392 1398 691 1440 commodabo.

518 1477 591 1518 Ad
608 1477 777 1518 camdem
797 1492 848 1518 ex
867 1476 936 1519 lib.
956 1476 1120 1518 incerto.

157 1546 321 1587 D10M.
344 1545 414 1586 lib.
437 1546 487 1598 1.)
524 1545 643 1585 Ceris
664 1543 820 1585 delitis.

154 1603 307 1643 LACT.
329 1601 356 1643 l.
373 1611 413 1643 4.
435 1616 467 1642 c.
491 1603 566 1654 14.)
613 1600 896 1656 Philosophiae
926 1600 1098 1657 quidem
1127 1607 1340 1656 praecepta
1359 1613 1537 1642 noscen-

99 1658 168 1710 da,
187 1657 409 1700 vivendum
428 1668 570 1700 autem
593 1658 782 1699 civiliter.

379 1747 464 1788 AD
496 1746 793 1788 LICINIUM
826 1745 1089 1786 CALVUM
1121 1743 1192 1785 lib.
1215 1745 1251 1784 Ι.

157 1825 320 1865 Pmsc.
344 1823 373 1864 l.
388 1825 445 1878 9.)
486 1823 585 1866 Tuli
611 1823 806 1874 moleste,
827 1822 944 1879 quod
970 1822 1121 1863 litterae
1150 1821 1290 1863 delitae
1312 1830 1411 1863 sunt
1430 1820 1536 1862 mihi

97 1895 122 1922 a
143 1889 184 1921 te
207 1881 396 1922 redditae.

153 1938 198 1978 N
204 1951 287 1979 οΝ.
308 1938 512 1993 Auguro.)
548 1936 767 1978 Praesentit
785 1937 964 1986 animus,
981 1945 1110 1991 atque
1128 1943 1312 1991 augurat
1327 1933 1536 1991 quodam-

99 1994 244 2045 modo,
267 2009 363 2050 quae
384 1992 528 2035 futura
548 1995 602 2036 sit
622 1994 816 2035 suavitas.

248 2084 316 2125 M.
345 2085 551 2126 TULLII
585 2083 637 2125 C.
666 2084 752 2125 AD
783 2072 840 2141 Q.
869 2083 1080 2124 AXIUM
1111 2080 1228 2136 epist.
1252 2077 1322 2120 zio.
1345 2078 1381 2118 1.

156 2166 188 2206 F
194 2164 399 2216 RoN'ro.)
433 2163 506 2204 Ad
525 2163 593 2203 M.
616 2161 819 2203 Bibulum
840 2160 1048 2202 adierunt.

153 2223 396 2273 Fnomo.)
431 2219 476 2260 Si
495 2228 543 2260 tu
561 2233 638 2261 nos
659 2217 819 2274 aliquid
837 2217 1029 2274 adjutare
1051 2224 1187 2271 potes.

156 2279 305 2320 SUET.
334 2276 377 2318 in
400 2275 489 2318 Jul.
514 2276 634 2328 Caes.)
679 2274 825 2316 Caesar
854 2274 897 2315 in
926 2273 1152 2315 consulatu
1180 2270 1444 2314 confirmavit
1471 2283 1536 2312 re-

96 2350 248 2391 gnum,
268 2334 320 2376 de
341 2348 427 2391 quo
449 2331 582 2374 aedilis
602 2331 824 2387 cogitarat.

501 2421 588 2462 AD
621 2419 921 2462 CATONEM
949 2416 1134 2473 epistola.

155 2502 288 2543 NON.
320 2499 422 2541 Plus
448 2507 488 2542 et
515 2499 723 2552 multum.)
767 2499 863 2540 Nec
892 2496 1051 2539 idcirco
1082 2495 1188 2537 mihi
1217 2492 1535 2537 desiderandam

18 2597 23 2599 .
99 2572 190 2600 esse
216 2557 466 2613 dignitatem
494 2571 648 2608 meam,
668 2555 785 2613 quod
805 2569 897 2596 eam
917 2554 1040 2595 multi
1062 2552 1365 2609 impugnarint,
1387 2549 1461 2590 sed
1482 2562 1535 2590 eo

100 2614 235 2671 magis
257 2613 540 2665 recolendam,
561 2613 678 2670 quod
697 2613 792 2669 plus
815 2610 1105 2654 desiderarint.

477 2702 564 2743 AD
597 2699 948 2743 CERELLIAM
974 2697 1162 2754 epistola.

157 2786 380 2828 Qumc'r.
403 2782 432 2824 l.
449 2787 490 2824 6.
510 2798 543 2824 e.
560 2784 617 2834 4.)
651 2783 759 2825 Haec
778 2791 852 2823 aut
870 2780 1014 2823 animo
1035 2779 1212 2823 Catonis
1232 2777 1404 2821 ferenda
1422 2785 1538 2829 sunt,

99 2851 173 2884 aut
193 2840 410 2884 Ciceronis
431 2839 667 2895 stomacho.

831 2907 963 2950 3M3
