1844 3202
646 127 1047 167 FRAGMENTA.
1475 134 1555 175 929

133 249 302 291 prorsus
336 234 563 278 commodo
597 235 852 277 extrinsecus
884 235 1036 290 posito,
1071 242 1113 276 et
1147 233 1264 290 quasi
1293 233 1553 276 lenocinante

135 293 350 334 mercede:
382 293 720 348 voluptatemque
740 292 853 333 illam
874 291 1044 347 Epicuri
1066 290 1164 331 solis
1184 291 1290 331 inter
1318 305 1361 330 se
1391 292 1554 344 pecori-

133 348 215 388 bus
235 363 326 390 esse
346 362 629 398 communem,
651 348 692 389 in
713 363 894 404 quorum
925 348 1167 389 societatem
1196 355 1238 387 et
1262 346 1490 396 hominem,
1512 357 1556 388 et

133 405 361 459 sapientem
382 404 548 445 trudere
570 405 685 445 nefas
705 419 809 446 esse.
870 404 1030 445 Contra
1048 403 1131 453 ille,
1152 410 1349 443 covocata
1375 402 1427 441 de
1454 403 1555 443 hor-

134 460 234 501 tulis
264 461 306 501 iu
335 460 534 501 auxilium
564 461 681 517 quasi
710 461 838 501 libera
859 461 981 502 turba
1001 460 1343 506 temulentorum,
1364 472 1555 513 quaeren-

133 515 240 556 tium
270 526 449 567 tantum,
479 530 603 572 quem
635 517 828 558 incomtis
857 517 1070 572 unguibus
1100 515 1366 563 bacchantes,
1388 529 1557 569 aspero-

132 586 215 628 que
247 587 319 613 ore
351 572 602 628 discerpant,
631 572 855 629 voluptatis
882 587 1052 622 nomen,
1083 572 1340 621 suavitatem,
1371 570 1555 625 quietem

131 637 239 670 teste
271 629 430 684 populo
465 643 737 685 exaggerans,
773 630 900 670 instat
935 629 1096 677 acriter,
1130 637 1178 669 ut
1214 629 1300 668 sine
1327 641 1375 667 ea
1409 627 1555 667 beatus

131 699 257 726 nemo
276 695 367 726 esse
386 700 508 740 posse
528 686 727 727 videatur.
787 686 834 726 In
862 700 1041 741 quorum
1066 685 1196 725 rixam
1219 685 1252 725 si
1274 682 1556 724 Academicus

125 741 363 795 incurrerit,
382 749 584 798 utrosque
603 742 746 783 audiet
765 742 976 783 trahentes
998 756 1041 782 se
1059 741 1112 782 ad
1133 755 1227 781 suas
1247 748 1398 795 partes.
1430 739 1500 780 sed
1522 739 1557 780 si

130 797 174 840 iu
195 797 303 848 illos,
325 806 398 839 aut
417 798 459 840 in
480 798 584 840 istos
605 799 870 848 concesserit,
890 798 943 839 ab
963 797 1035 848 eis,
1053 811 1159 853 quos
1189 796 1354 847 deserit,
1371 796 1555 846 insanus,

130 853 363 909 imperitus,
383 855 711 910 temerariusque
731 855 993 895 clamabitur.
1044 855 1193 909 Itaque
1213 868 1310 894 cum
1332 862 1375 893 et
1393 852 1491 902 huc,
1513 860 1558 894 et

131 909 231 951 illuc
251 925 394 951 aurem
417 910 640 966 diligenter
660 911 904 960 admoverit,
925 910 1218 965 interrogatus,
1239 908 1340 965 quid
1360 908 1397 949 ei
1417 908 1554 948 videa-

131 975 215 1017 tur,
237 967 427 1008 dubitare
454 981 498 1008 se
526 966 650 1010 dicet.
710 968 830 1023 Roga
853 981 963 1009 nunc
984 966 1189 1016 Stoicum,
1209 966 1301 1021 quis
1321 965 1374 1005 sit
1393 964 1557 1015 melior,

132 1023 405 1077 Epicurusne,
426 1023 498 1079 qui
526 1023 700 1064 delirare
729 1024 849 1064 illum
879 1023 1048 1073 clamat,
1078 1037 1130 1063 au
1158 1021 1458 1071 Academicus,
1484 1021 1558 1076 qui

131 1079 210 1120 sibi
239 1079 376 1120 adhuc
409 1079 461 1120 de
489 1094 532 1120 re
560 1088 675 1121 tanta
695 1080 1009 1121 deliberandum
1033 1092 1122 1120 esse
1141 1078 1398 1134 pronuntiat.
1429 1091 1557 1118 nemo

132 1135 312 1185 dubitat,
333 1136 637 1177 Academicum
658 1137 878 1192 praelatum
900 1136 961 1176 iri.
1002 1137 1159 1176 Rursus
1179 1145 1220 1176 te
1241 1134 1294 1175 ad
1315 1133 1432 1174 illum
1453 1148 1555 1174 con-

128 1200 255 1241 verte,
277 1201 319 1231 et
348 1207 501 1247 quaere,
524 1206 651 1248 quem
683 1193 819 1248 magis
851 1201 977 1243 amet,
1000 1193 1230 1240 Zenonem,
1257 1205 1281 1231 a
1311 1204 1395 1245 quo
1422 1190 1559 1230 bestia

132 1248 385 1299 nominatur,
418 1263 470 1289 an
503 1248 752 1299 Arcesilam,
789 1263 813 1289 a
845 1264 930 1305 quo
961 1248 1091 1298 audit,
1121 1257 1168 1289 tu
1203 1248 1379 1288 fortasse
1413 1260 1558 1287 verum

131 1304 249 1355 dicis,
279 1304 351 1345 sed
380 1304 586 1360 requiram
618 1305 890 1360 diligentius:
922 1318 1058 1345 nonne
1091 1313 1282 1360 apertum
1312 1312 1390 1352 est,
1420 1311 1557 1343 totam

129 1360 246 1401 illam
275 1361 500 1416 porticum,
530 1361 731 1412 insanam,
751 1361 1030 1407 Academicos
1061 1370 1202 1406 autem
1234 1375 1320 1420 prae
1351 1358 1433 1408 illis
1464 1373 1558 1399 mo-

130 1416 287 1467 destos,
308 1426 538 1472 cautosque
558 1418 749 1458 homines
769 1418 903 1459 visum
924 1418 974 1458 iri
992 1418 1175 1472 Epicuro
1192 1417 1205 1465 ?
1309 1457 1311 1459 .

187 1474 244 1514 D.
277 1475 405 1515 Aue.
437 1473 506 1514 lib.
529 1483 566 1515 2.
589 1481 728 1514 contra
747 1473 878 1514 Acad.
901 1489 932 1514 c.
960 1475 1036 1525 11.)
1087 1473 1207 1520 Talia
1234 1472 1338 1517 mihi
1365 1471 1558 1516 videntur

130 1530 287 1578 omnia,
319 1545 411 1585 quae
449 1530 695 1585 probabilia,
731 1530 793 1570 vel
824 1529 1061 1570 verisimilia
1097 1529 1239 1585 putavi
1275 1528 1557 1571 nominanda:

132 1600 226 1641 quae
254 1597 301 1628 tu
328 1585 362 1626 si
391 1586 474 1626 alio
501 1586 670 1627 nomine
689 1586 747 1626 vis
767 1600 926 1637 vocare,
946 1585 1048 1626 nihil
1073 1599 1261 1640 repugno
1281 1603 1291 1626 z
1323 1585 1422 1625 satis
1444 1584 1559 1625 enim

130 1641 234 1683 mihi
256 1652 334 1692 est,
355 1650 396 1683 te
420 1641 511 1697 jam
538 1643 645 1684 bene
673 1642 898 1697 accepisse,
919 1642 1019 1698 quid
1046 1642 1183 1682 dicam
1203 1658 1212 1681 ε
1244 1641 1285 1682 id
1307 1650 1384 1691 est,
1405 1641 1558 1696 quibus

131 1699 254 1739 rebus
275 1699 366 1739 haec
387 1699 558 1739 nomina
581 1699 811 1753 imponam.
843 1713 927 1739 non
957 1698 1070 1738 enim
1101 1697 1401 1738 vocabulorum
1436 1696 1558 1752 opifi-

131 1768 240 1804 cem,
261 1754 335 1795 sed
357 1768 492 1795 rerum
514 1755 805 1810 inquisitorem
827 1754 947 1795 decet
966 1768 1055 1794 esse
1075 1754 1321 1809 sapientem.

189 1811 246 1852 D.
268 1811 396 1851 AUG.
420 1810 490 1851 lib.
511 1820 549 1852 3.
578 1818 680 1852 cont.
701 1810 832 1851 Acad.
855 1825 888 1852 e.
909 1812 989 1863 25.)
1041 1811 1142 1851 Mos
1176 1810 1256 1851 fuit
1289 1809 1559 1850 Academicis

129 1867 369 1919 occultandi
399 1868 647 1910 sententiam
679 1881 812 1917 suam,
833 1881 910 1907 nee
940 1881 1031 1907 eam
1064 1867 1276 1922 cuiquam,
1297 1866 1376 1907 nisi
1397 1866 1469 1923 qui
1493 1880 1560 1907 se-

130 1937 227 1965 cum
248 1923 301 1964 ad
322 1932 579 1965 senectutem
602 1938 736 1979 usque
755 1923 965 1973 vixissent,
987 1922 1213 1978 aperiendi.

352 2001 426 2043 Ex
454 2000 524 2043 lib.
554 2002 636 2043 DE
665 2001 918 2043 NATURA
947 2000 1225 2051 DEORUM,
1254 2000 1334 2041 HI.

188 2069 339 2110 LAc'r.
360 2067 429 2109 lib.
447 2078 486 2109 2.
507 2083 540 2110 c.
557 2069 613 2121 9.)
667 2068 851 2109 Primum
875 2068 1004 2124 igitur
1024 2083 1108 2108 non
1130 2077 1192 2108 est
1210 2067 1444 2123 probabile,
1464 2081 1558 2120 eam

131 2124 348 2166 materiam
376 2139 532 2174 rerum,
558 2123 669 2165 unde
698 2134 791 2165 orta
820 2132 916 2166 sunt
945 2124 1101 2175 omnia,
1132 2138 1222 2165 esse
1252 2123 1390 2165 divina
1418 2124 1557 2179 provi-

130 2180 274 2222 dentia
307 2182 514 2232 effectam,
550 2180 625 2222 sed
658 2180 812 2222 habere
845 2189 889 2233 et
923 2180 1119 2221 habuisse
1152 2180 1249 2230 vim,
1284 2188 1328 2220 et
1364 2189 1557 2222 naturam

133 2251 267 2278 suam.
330 2238 391 2279 Ut
417 2237 548 2292 igitur
574 2237 704 2288 faber,
724 2251 823 2278 cum
844 2236 945 2292 quid
967 2237 1245 2278 aedificaturus
1265 2245 1343 2286 est,
1365 2251 1448 2277 non
1468 2237 1558 2291 ipse

132 2293 235 2334 facit
253 2294 486 2344 materiam,
509 2292 582 2334 sed
602 2308 650 2334 ea
669 2293 816 2343 utitur,
838 2300 932 2348 quae
955 2293 1009 2334 sit
1025 2301 1168 2347 parata
1180 2308 1192 2342 3
1225 2293 1429 2348 fictorque
1452 2292 1557 2334 item

132 2364 159 2390 e
188 2363 307 2390 cera:
352 2350 410 2392 sic
443 2350 512 2392 isti
545 2349 813 2405 providentiae
846 2349 993 2390 divinae
1029 2350 1243 2390 materiam
1280 2358 1435 2403 praesto
1467 2362 1559 2389 esse

133 2405 334 2460 oportuit,
353 2421 437 2447 non
457 2420 582 2462 quam
603 2406 694 2460 ipsa
719 2406 888 2456 faceret,
908 2405 980 2446 sed
1001 2420 1126 2460 quam
1148 2405 1322 2446 haberet
1341 2414 1528 2459 paratam
1547 2421 1558 2444 ι

133 2460 248 2518 quod
282 2461 315 2502 si
342 2476 426 2503 non
452 2471 515 2504 est
543 2477 569 2503 a
595 2463 692 2514 Deo
722 2463 896 2514 materia
927 2463 1054 2512 faeta,
1083 2476 1134 2503 ne
1163 2472 1273 2503 terra
1300 2461 1486 2518 quidem,
1514 2470 1557 2502 et

133 2532 255 2574 aqua,
276 2527 315 2557 et
336 2522 420 2567 aer,
440 2527 482 2559 et
500 2518 608 2574 ignis
628 2534 652 2560 a
671 2520 771 2568 Deo,
787 2519 922 2569 factus
943 2528 1019 2571 est.

126 2599 131 2604 ·
190 2575 340 2615 LACT.
364 2572 433 2614 lib.
449 2584 488 2615 2.
508 2585 594 2630 cap.
611 2577 667 2627 3.)
706 2577 808 2616 Non
839 2583 936 2616 sunt
963 2575 1042 2615 ista
1070 2572 1200 2629 vulgo
1219 2572 1484 2628 disputanda,
1504 2587 1556 2626 ne

133 2639 346 2686 susceptas
365 2630 533 2686 publice
552 2631 776 2686 religiones
795 2631 1023 2686 disputatio
1044 2630 1137 2671 talis
1157 2630 1411 2685 exstinguat.

449 2707 522 2749 Ex
550 2707 618 2749 lib.
640 2709 673 2749 Ι.
705 2709 786 2750 DE
814 2708 1236 2750 DIVINATIONE.

189 2774 422 2816 DIOMED.
446 2773 516 2815 lib.
538 2775 588 2826 1.)
631 2775 833 2818 Praeterea
861 2773 1050 2816 similiter
1077 2773 1366 2816 cohortatione
1395 2773 1554 2817 circum

134 2831 411 2873 conciliabula
431 2830 696 2873 antecellunt.

820 2898 939 2942 303
