1844 3202
553 98 749 136 ¹LIBER
785 96 1122 135 SECUNDUS.
1481 100 1555 141 751

124 218 309 262 cumque
328 205 446 256 dixit,
467 204 686 262 pecuniam
707 205 779 261 qui
800 204 968 252 habeat,
986 218 1070 243 non
1091 201 1341 243 reddidisse:
1372 202 1442 258 qui
1464 203 1558 245 red-

123 261 288 313 diderit,
311 277 394 304 non
418 263 570 304 habere
589 280 598 302 ε
630 262 811 317 gratiam
837 269 977 301 autem
1000 268 1043 300 ct
1063 260 1134 315 qui
1158 258 1360 308 retulerit,
1381 260 1556 302 habere:

123 327 166 359 et
199 319 271 373 qui
303 319 468 369 habeat,
500 317 703 359 retulisse.
763 318 837 368 At,
866 317 938 373 qui
963 330 1007 356 se
1038 315 1284 370 locupletes,
1313 315 1557 368 honoratos,

123 374 269 416 beatos
292 383 454 431 putant,
476 374 519 415 hi
549 389 600 415 ne
629 374 809 429 obligari
841 373 1011 429 quidem
1043 372 1244 413 beneficio
1265 370 1425 412 volunt.
1457 373 1557 427 quin

122 432 247 471 etiam
279 431 527 472 beneficium
560 445 603 472 se
634 431 799 472 dedisse
829 429 1098 479 arbitrantur,
1123 443 1219 469 curn
1254 429 1345 483 ipsi,
1371 429 1558 483 quamvis

120 500 324 541 magnum
352 487 524 542 aliquod
545 488 783 543 acceperint
801 504 809 528 :
842 496 968 542 atque
989 485 1116 526 etiam
1138 500 1162 526 a
1183 499 1226 526 se
1246 485 1464 540 postulari,
1487 494 1559 525 aut

120 544 352 597 exspectari
384 544 542 599 aliquid
574 545 866 599 suspicantur:
906 542 1140 598 patrocinio
1168 556 1264 582 vero
1298 556 1341 582 se
1371 556 1485 590 USOS,
1516 550 1559 582 et

119 598 292 641 clientes
311 601 526 655 appellari,
548 601 695 642 mortis
721 600 851 641 instar
870 608 1034 654 putant.
1093 599 1155 639 At
1181 612 1277 639 vero
1305 597 1375 638 ille
1404 597 1556 647 tenuis,
1572 611 1622 650 70

119 670 234 706 cum,
256 656 460 713 quidquid
480 657 639 699 factum
662 658 727 708 sit,
746 671 790 698 se
810 666 1061 712 spectatum,
1080 669 1163 696 non
1186 655 1398 696 fortunam
1420 663 1556 709 putet,

119 726 202 752 non
233 713 363 754 modo
393 714 466 763 illi,
486 715 558 770 qui
586 722 650 756 est
679 713 869 763 meritus,
891 711 965 753 sed
993 713 1120 753 etiam
1146 711 1242 762 illis,
1264 726 1289 752 a
1309 712 1462 767 quibus
1483 726 1554 752 ex·
1570 733 1599 762 p.
1614 730 1666 754 48.

118 778 293 824 spectat,
320 772 433 825 (eget
464 772 576 811 enim
606 770 766 823 multis)
791 778 964 825 gratum
992 783 1035 809 se
1065 768 1194 809 videri
1224 768 1380 809 studet.
1420 782 1555 824 neque
1568 776 1597 797 a,

116 838 213 866 vero
250 827 383 868 verbis
416 836 546 882 auget
577 842 698 868 suum
732 841 901 876 munuS,
929 826 963 866 si
994 839 1079 881 quo
1110 825 1218 866 forte
1248 825 1452 880 fungitur,
1484 825 1557 866 sed

115 880 240 922 etiam
264 893 476 924 extenuat.
525 883 854 939 Videndumque
873 881 978 923 illud
999 890 1077 933 est,
1099 882 1214 938 quod
1235 881 1267 922 si
1290 881 1556 937 opulentum,

116 938 465 996 fortunatumque
498 939 751 990 defenderis,
784 941 826 981 in
858 939 931 980 illo
964 953 1065 989 un0,
1097 947 1171 980 aut
1201 938 1309 979 forte
1339 938 1381 979 in
1412 938 1556 980 liberis

117 994 208 1050 ejus
243 1006 385 1037 manet
420 997 582 1052 gratia:
625 998 687 1038 sin
719 1006 860 1038 autem
894 996 1081 1051 inopem,
1114 995 1296 1051 probum
1326 1004 1482 1046 tamen,
1514 1005 1558 1036 et

116 1051 358 1093 modestum
379 1070 388 1093 :
426 1067 573 1094 omnes
594 1068 678 1094 non
699 1053 879 1108 improbi
901 1052 1081 1093 humiles
1106 1054 1217 1108 (quae
1239 1066 1396 1107 magna
1415 1052 1457 1092 in
1478 1066 1556 1107 po-

114 1107 217 1162 pulo
238 1109 470 1150 multitudo
490 1112 568 1163 est)
593 1109 834 1165 praesidium
861 1109 940 1150 sibi
960 1118 1153 1164 paratum
1174 1108 1328 1149 vident.
1389 1109 1556 1150 Quam-

115 1164 261 1205 obrem
299 1165 448 1206 melius
485 1166 599 1222 apud
632 1167 782 1215 bonos,
813 1180 940 1221 quam
971 1165 1084 1219 apud
1114 1166 1365 1215 fortunatos,
1398 1164 1555 1206 benefi-

113 1220 227 1262 cium
249 1221 449 1263 collocari
478 1231 598 1277 puto.
657 1221 809 1264 Danda
830 1221 1004 1262 omnino
1025 1236 1153 1276 opera
1174 1231 1250 1272 est,
1274 1230 1321 1261 ut
1342 1220 1458 1262 omni
1478 1235 1554 1277 ge·
1568 1234 1615 1274 71

113 1277 201 1318 neri
223 1277 460 1319 satisfacere
481 1279 704 1334 possimus.
727 1287 767 1315 70
778 1278 852 1319 sed
874 1279 907 1319 si
925 1293 989 1319 res
1011 1277 1053 1318 in
1073 1278 1387 1320 contentionem
1402 1278 1555 1329 veniet,

113 1333 311 1375 nimirum
333 1335 640 1377 Themistocles
660 1344 725 1377 est
743 1344 892 1376 auctor
913 1334 1176 1376 adhibendus
1197 1350 1206 1384 3
1239 1334 1312 1389 qui
1333 1348 1428 1375 cum
1451 1349 1554 1375 con-

112 1390 331 1441 suleretur,
353 1400 497 1432 utrum
526 1392 640 1433 bono
667 1392 754 1433 viro
786 1391 974 1446 pauperi,
996 1406 1048 1432 an
1077 1391 1215 1432 minus
1238 1391 1417 1445 probato
1438 1390 1555 1432 diviti

113 1445 242 1488 filiam
261 1447 515 1489 collocaret:
546 1449 641 1505 Ego
665 1463 770 1499 vero,
791 1448 942 1504 inquit,
964 1447 1071 1488 malo
1101 1447 1250 1497 virum,
1280 1446 1352 1502 qui
1379 1447 1555 1501 pecunia

111 1511 243 1559 egeat,
264 1519 388 1560 quam
403 1505 636 1559 pecuniam,
658 1520 753 1561 quoe
774 1504 873 1546 viro.
925 1504 1008 1544 Sed
1029 1504 1218 1560 corrupti
1239 1518 1380 1544 mores
1401 1503 1553 1559 depra-

111 1560 276 1616 vatique
315 1570 413 1602 sunt
450 1561 727 1604 admiratione
768 1561 1040 1602 divitiarum:
1084 1575 1263 1616 quarum
1299 1560 1554 1616 magnitudo

111 1617 213 1672 quid
233 1617 285 1659 ad
306 1632 656 1674 unumquemque
675 1620 868 1659 nostrum
890 1618 1096 1673 pertinet?
1133 1617 1259 1658 Illum
1279 1616 1456 1658 fortasse
1475 1617 1552 1658 ad-

103 1674 240 1730 juvat,
271 1674 344 1729 qui
381 1675 536 1716 habet:
578 1690 630 1716 ne
664 1675 707 1715 id
737 1674 907 1730 quidem
939 1688 1136 1729 semper:
1179 1674 1252 1714 sed
1283 1673 1349 1714 fac
1374 1673 1552 1728 juvare:

113 1738 148 1766 71
162 1731 349 1772 utentior
370 1745 469 1772 sane
491 1731 566 1781 sit3
588 1731 805 1772 honestior
821 1745 918 1772 vero
939 1729 1183 1786 quomodo?
1217 1729 1350 1773 Ouod
1369 1730 1403 1770 si
1423 1730 1551 1772 etiam

112 1786 249 1828 bonus
287 1787 366 1828 erit
399 1788 472 1839 vir,
506 1803 557 1829 ne
592 1788 826 1843 impediant
861 1786 1031 1836 divitiae,
1067 1801 1153 1843 quo
1190 1774 1330 1828 m‘l‘nus
1363 1787 1550 1842 juvetur,

112 1843 244 1884 modo
270 1858 321 1885 ne
353 1843 578 1900 adjuvent:
611 1845 750 1900 sitque
779 1858 904 1884 omne
933 1843 1156 1899 judicium,
1178 1858 1262 1884 non
1282 1857 1410 1899 quam
1430 1844 1551 1885 locu-

109 1900 214 1956 ples,
236 1900 309 1941 sed
341 1900 476 1956 qualis
505 1902 683 1958 quisque
714 1901 781 1942 sit.
841 1902 1091 1941 Extremum
1117 1909 1261 1942 autem
1289 1909 1548 1955 praeceptum

108 1957 151 1997 in
172 1956 402 2008 beneficiis,
423 1972 634 2014 operaque
655 1957 806 2008 danda,
829 1966 909 2008 est,
930 1971 981 1998 ne
1009 1956 1111 2012 quid
1137 1966 1286 1998 contra
1306 1957 1549 2012 aequitatem

108 2013 355 2065 contendas,
376 2028 428 2055 ne
448 2015 550 2069 quid
571 2029 648 2070 pro
669 2014 833 2071 injuria.
855 2013 1180 2055 fundamentum
1200 2013 1314 2055 enim
1333 2022 1548 2069 perpetuae

108 2070 488 2112 commendationis
518 2080 562 2113 et
589 2071 728 2123 famae,
748 2079 812 2112 est
832 2070 1026 2126 justitia3
1059 2071 1147 2112 sine
1167 2084 1251 2127 qua
1275 2069 1382 2111 nihil
1409 2070 1551 2126 potest

109 2140 200 2167 esse
219 2127 446 2169 laudabile.

165 2183 249 2225 Sed
277 2184 478 2240 quoniam
507 2183 560 2225 de
589 2198 642 2226 eo
669 2197 824 2240 genere
850 2183 1150 2225 beneficiorum
1172 2182 1335 2225 dictum
1354 2192 1432 2235 est,
1452 2198 1547 2240 quae
1564 2185 1630 2232 21

108 2239 162 2281 ad
194 2240 384 2296 singulos
417 2249 636 2297 spectant:
683 2241 882 2296 deinceps
916 2240 969 2282 de
1001 2240 1066 2291 iis,
1099 2255 1194 2297 quae
1229 2239 1282 2281 ad
1318 2240 1547 2292 universos,
1562 2259 1613 2300 72

109 2311 290 2353 quaeque
309 2297 362 2338 ad
381 2298 685 2354 rempublicam
705 2297 931 2353 pertinent,
950 2296 1250 2353 disputandum
1271 2306 1347 2338 est.
1384 2299 1547 2340 Eorum

107 2361 252 2394 autem
279 2354 466 2410 ipsorum
496 2355 651 2410 partim
672 2354 884 2411 ejusmodi
904 2362 1016 2405 sunt,
1036 2363 1086 2396 ut
1111 2353 1167 2395 ad
1193 2353 1408 2396 universos
1438 2355 1546 2396 cives
1561 2365 1593 2397 b.

107 2409 358 2464 pertineant,
391 2411 545 2466 partim
578 2411 768 2467 singulos
805 2419 854 2452 ut
886 2410 1115 2467 attingant,
1151 2425 1246 2466 quae
1284 2420 1383 2453 sunt
1416 2412 1546 2453 etiam

106 2466 307 2521 gratiora.
344 2466 480 2508 danda
510 2478 575 2509 est
605 2482 732 2523 opera
770 2467 960 2518 omnino,
991 2468 1024 2508 si
1053 2468 1202 2523 possit,
1232 2468 1437 2524 utrisque,
1468 2482 1545 2509 nec

108 2522 262 2574 minus,
283 2531 330 2565 ut
360 2523 487 2565 etiam
517 2525 695 2581 singulis
726 2524 985 2575 consulatur,
1016 2523 1088 2565 sed
1118 2524 1190 2574 ita,
1220 2533 1269 2565 ut
1297 2538 1347 2565 ea
1376 2539 1441 2566 res
1471 2532 1545 2565 aut

108 2579 256 2634 prosit,
276 2589 350 2622 aut
369 2587 480 2621 certe
499 2595 584 2622 non
614 2581 729 2623 obsit
758 2581 1015 2637 reipublicae.
1075 2580 1128 2622 C.
1151 2581 1337 2623 Gracchi
1356 2581 1544 2622 frumen-

152 2707 194 2737 70
209 2701 258 2731 sed
269 2702 294 2732 εἱ
305 2713 349 2732 res
361 2702 390 2732 in
403 2701 604 2733 contentionem
615 2701 729 2743 veniet]
744 2703 802 2734 La-
846 2703 989 2742 quendos
1006 2709 1169 2743 putarunt.
1187 2704 1292 2733 raritas
1307 2703 1392 2733 verbi
1409 2703 1494 2738 fecit,
1509 2710 1544 2733 ut

107 2744 213 2776 tinitas
229 2745 366 2784 postulat
379 2746 505 2782 venerit,
519 2745 632 2776 saltem
647 2747 759 2777 veniat.
846 2756 887 2775 ex
902 2755 940 2775 eo
949 2746 1093 2786 potentior
1112 2746 1163 2776 vel
1183 2745 1341 2785 opulentior
1357 2745 1454 2776 fieret.
1479 2747 1544 2776 fru-

152 2793 190 2822 71
215 2789 338 2818 utentior
363 2800 430 2818 sane
456 2788 506 2828 sit]
524 2789 576 2818 Sic
598 2788 702 2828 plures
722 2789 803 2820 Μῦς.
846 2796 909 2819 stra
933 2789 1117 2828 obloquitur
1142 2789 1299 2825 Pearcius‚
1321 2789 1375 2829 qui
1402 2788 1544 2828 potcnn'or

108 2836 237 2869 veteres,
253 2841 332 2871 quos
355 2833 412 2863 viri
435 2832 519 2863 docti
542 2838 572 2863 et
595 2831 738 2864 Graevius
756 2842 803 2864 se-
848 2832 1014 2862 revocavit.
1037 2841 1067 2863 v.
1085 2832 1172 2862 Clav.

837 2884 950 2929 302
