<?xml version="1.0" encoding="UTF-8"?>
<!DOCTYPE html PUBLIC "-//W3C//DTD XHTML 1.0 Transitional//EN"
    "http://www.w3.org/TR/xhtml1/DTD/xhtml1-transitional.dtd">
<html xmlns="http://www.w3.org/1999/xhtml" xml:lang="en" lang="en">
 <head>
  <title>
</title>
<meta http-equiv="Content-Type" content="text/html;charset=utf-8" />
  <meta name='ocr-system' content='tesseract 3.04.00' />
  <meta name='ocr-capabilities' content='ocr_page ocr_carea ocr_par ocr_line ocrx_word'/>
</head>
<body>
  <div class='ocr_page' id='page_1' title='image "./p2operaomnia04ciceuoft_0298.png"; bbox 0 0 1844 3202; ppageno 0'>
   <div class='ocr_carea' id='block_1_1' title="bbox 285 130 1350 176">
    <p class='ocr_par' dir='ltr' id='par_1_1' title="bbox 285 130 1350 176">
     <span class='ocr_line' id='line_1_1' title="bbox 285 130 1350 176; baseline 0.004 -10"><span class='ocrx_word' id='word_1_1' title='bbox 285 135 364 176; x_wconf 79' lang='lat'>904</span> <span class='ocrx_word' id='word_1_2' title='bbox 665 130 724 168; x_wconf 90' lang='lat' dir='ltr'>M.</span> <span class='ocrx_word' id='word_1_3' title='bbox 758 131 980 168; x_wconf 90' lang='lat' dir='ltr'>TULLII</span> <span class='ocrx_word' id='word_1_4' title='bbox 1016 131 1350 170; x_wconf 88' lang='lat' dir='ltr'>CICERONIS</span> 
     </span>
    </p>
   </div>
   <div class='ocr_carea' id='block_1_2' title="bbox 276 236 1725 1938">
    <p class='ocr_par' dir='ltr' id='par_1_2' title="bbox 285 236 1724 519">
     <span class='ocr_line' id='line_1_2' title="bbox 285 236 1719 286; baseline 0.003 -10"><span class='ocrx_word' id='word_1_5' title='bbox 285 236 416 286; x_wconf 85' lang='lat' dir='ltr'>sonis,</span> <span class='ocrx_word' id='word_1_6' title='bbox 457 237 676 279; x_wconf 87' lang='lat' dir='ltr'>moderata</span> <span class='ocrx_word' id='word_1_7' title='bbox 715 239 878 280; x_wconf 85' lang='lat' dir='ltr'>ratione</span> <span class='ocrx_word' id='word_1_8' title='bbox 916 238 1058 281; x_wconf 83' lang='lat' dir='ltr'>civitas</span> <span class='ocrx_word' id='word_1_9' title='bbox 1098 255 1306 282; x_wconf 85' lang='lat' dir='ltr'>consensu</span> <span class='ocrx_word' id='word_1_10' title='bbox 1344 239 1719 282; x_wconf 89' lang='lat' dir='ltr'>dissimillimorum</span> 
     </span>
     <span class='ocr_line' id='line_1_3' title="bbox 285 293 1724 351; baseline 0.004 -19"><span class='ocrx_word' id='word_1_11' title='bbox 285 293 486 345; x_wconf 83' lang='lat' dir='ltr'>concinit,</span> <span class='ocrx_word' id='word_1_12' title='bbox 508 303 550 335; x_wconf 89' lang='lat' dir='ltr'>et</span> <span class='ocrx_word' id='word_1_13' title='bbox 585 310 678 351; x_wconf 87' lang='lat' dir='ltr'>quae</span> <span class='ocrx_word' id='word_1_14' title='bbox 712 295 932 337; x_wconf 79' lang='lat' dir='ltr'>harmonia</span> <span class='ocrx_word' id='word_1_15' title='bbox 951 311 975 336; x_wconf 86' lang='lat' dir='ltr'>a</span> <span class='ocrx_word' id='word_1_16' title='bbox 996 298 1167 338; x_wconf 79' lang='lat' dir='ltr'>musicis</span> <span class='ocrx_word' id='word_1_17' title='bbox 1190 297 1343 338; x_wconf 82' lang='lat' dir='ltr'>dicitur</span> <span class='ocrx_word' id='word_1_18' title='bbox 1362 297 1404 337; x_wconf 88' lang='lat' dir='ltr'>in</span> <span class='ocrx_word' id='word_1_19' title='bbox 1425 307 1566 347; x_wconf 86' lang='lat' dir='ltr'>cantu,</span> <span class='ocrx_word' id='word_1_20' title='bbox 1588 310 1638 337; x_wconf 88' lang='lat' dir='ltr'>ea</span> <span class='ocrx_word' id='word_1_21' title='bbox 1658 306 1724 338; x_wconf 86' lang='lat' dir='ltr'>est</span> 
     </span>
     <span class='ocr_line' id='line_1_4' title="bbox 285 349 1722 409; baseline 0.003 -20"><span class='ocrx_word' id='word_1_22' title='bbox 285 349 327 389; x_wconf 90' lang='lat' dir='ltr'>in</span> <span class='ocrx_word' id='word_1_23' title='bbox 360 349 525 392; x_wconf 88' lang='lat' dir='ltr'>civitate</span> <span class='ocrx_word' id='word_1_24' title='bbox 554 352 795 403; x_wconf 87' lang='lat' dir='ltr'>concordia,</span> <span class='ocrx_word' id='word_1_25' title='bbox 821 353 1103 393; x_wconf 76' lang='lat' dir='ltr'>arctissimum</span> <span class='ocrx_word' id='word_1_26' title='bbox 1135 364 1260 409; x_wconf 87' lang='lat' dir='ltr'>atque</span> <span class='ocrx_word' id='word_1_27' title='bbox 1289 354 1496 408; x_wconf 86' lang='lat' dir='ltr'>optimum</span> <span class='ocrx_word' id='word_1_28' title='bbox 1531 353 1646 394; x_wconf 89' lang='lat' dir='ltr'>omni</span> <span class='ocrx_word' id='word_1_29' title='bbox 1681 353 1722 394; x_wconf 90' lang='lat' dir='ltr'>in</span> 
     </span>
     <span class='ocr_line' id='line_1_5' title="bbox 285 407 1722 466; baseline 0.003 -20"><span class='ocrx_word' id='word_1_30' title='bbox 285 407 501 461; x_wconf 83' lang='lat' dir='ltr'>republica</span> <span class='ocrx_word' id='word_1_31' title='bbox 537 408 747 450; x_wconf 89' lang='lat' dir='ltr'>vinculum</span> <span class='ocrx_word' id='word_1_32' title='bbox 786 409 1087 450; x_wconf 73' lang='lat' dir='ltr'>incolumitatis</span> <span class='ocrx_word' id='word_1_33' title='bbox 1107 426 1115 449; x_wconf 74' lang='grc' dir='ltr'><strong>ι</strong></span> <span class='ocrx_word' id='word_1_34' title='bbox 1145 425 1239 465; x_wconf 88' lang='lat' dir='ltr'>quae</span> <span class='ocrx_word' id='word_1_35' title='bbox 1279 410 1367 451; x_wconf 89' lang='lat' dir='ltr'>sine</span> <span class='ocrx_word' id='word_1_36' title='bbox 1399 410 1566 466; x_wconf 84' lang='lat' dir='ltr'>justitia</span> <span class='ocrx_word' id='word_1_37' title='bbox 1605 409 1722 451; x_wconf 90' lang='lat' dir='ltr'>nullo</span> 
     </span>
     <span class='ocr_line' id='line_1_6' title="bbox 285 472 698 519; baseline 0.007 -17"><span class='ocrx_word' id='word_1_38' title='bbox 285 472 411 517; x_wconf 89' lang='lat' dir='ltr'>pacto</span> <span class='ocrx_word' id='word_1_39' title='bbox 432 478 524 505; x_wconf 89' lang='lat' dir='ltr'>esse</span> <span class='ocrx_word' id='word_1_40' title='bbox 545 474 698 519; x_wconf 83' lang='lat' dir='ltr'>potest.</span> 
     </span>
    </p>

    <p class='ocr_par' dir='ltr' id='par_1_3' title="bbox 284 521 1723 633">
     <span class='ocr_line' id='line_1_7' title="bbox 342 521 1723 580; baseline 0.001 -19"><span class='ocrx_word' id='word_1_41' title='bbox 342 521 474 561; x_wconf 90' lang='lat' dir='ltr'>NON.</span> <span class='ocrx_word' id='word_1_42' title='bbox 496 522 759 575; x_wconf 73' lang='lat' dir='ltr'>Prqjeetum.)</span> <span class='ocrx_word' id='word_1_43' title='bbox 793 521 964 563; x_wconf 85' lang='lat' dir='ltr'>Justitia</span> <span class='ocrx_word' id='word_1_44' title='bbox 995 522 1105 562; x_wconf 85' lang='lat' dir='ltr'>foras</span> <span class='ocrx_word' id='word_1_45' title='bbox 1135 531 1310 576; x_wconf 86' lang='lat' dir='ltr'>spectat,</span> <span class='ocrx_word' id='word_1_46' title='bbox 1341 532 1383 564; x_wconf 89' lang='lat' dir='ltr'>et</span> <span class='ocrx_word' id='word_1_47' title='bbox 1413 523 1603 580; x_wconf 76' lang='lat' dir='ltr'>projecta</span> <span class='ocrx_word' id='word_1_48' title='bbox 1631 531 1723 564; x_wconf 89' lang='lat' dir='ltr'>tota</span> 
     </span>
     <span class='ocr_line' id='line_1_8' title="bbox 284 578 703 633; baseline 0.005 -17"><span class='ocrx_word' id='word_1_49' title='bbox 284 586 363 626; x_wconf 81' lang='lat' dir='ltr'>cst,</span> <span class='ocrx_word' id='word_1_50' title='bbox 385 586 512 633; x_wconf 86' lang='lat' dir='ltr'>atque</span> <span class='ocrx_word' id='word_1_51' title='bbox 533 578 703 618; x_wconf 86' lang='lat' dir='ltr'>eminet.</span> 
     </span>
    </p>

    <p class='ocr_par' dir='ltr' id='par_1_4' title="bbox 283 634 1724 748">
     <span class='ocr_line' id='line_1_9' title="bbox 342 634 1724 690; baseline 0.002 -17"><span class='ocrx_word' id='word_1_52' title='bbox 342 634 473 674; x_wconf 84' lang='lat' dir='ltr'>NON.</span> <span class='ocrx_word' id='word_1_53' title='bbox 497 634 753 688; x_wconf 48' lang='lat' dir='ltr'>Eat-plicare.)</span> <span class='ocrx_word' id='word_1_54' title='bbox 786 635 895 690; x_wconf 73' lang='lat' dir='ltr'>Quae</span> <span class='ocrx_word' id='word_1_55' title='bbox 922 634 1049 676; x_wconf 88' lang='lat' dir='ltr'>virtus</span> <span class='ocrx_word' id='word_1_56' title='bbox 1082 644 1232 690; x_wconf 67' lang='lat' dir='ltr'>praeter</span> <span class='ocrx_word' id='word_1_57' title='bbox 1267 644 1425 675; x_wconf 75' lang='lat' dir='ltr'>ceteras</span> <span class='ocrx_word' id='word_1_58' title='bbox 1447 646 1580 676; x_wconf 87' lang='lat' dir='ltr'>totam</span> <span class='ocrx_word' id='word_1_59' title='bbox 1604 650 1648 676; x_wconf 86' lang='lat' dir='ltr'>sc</span> <span class='ocrx_word' id='word_1_60' title='bbox 1670 635 1724 676; x_wconf 87' lang='lat' dir='ltr'>ad</span> 
     </span>
     <span class='ocr_line' id='line_1_10' title="bbox 283 690 1244 748; baseline 0.003 -19"><span class='ocrx_word' id='word_1_61' title='bbox 283 690 437 730; x_wconf 87' lang='lat' dir='ltr'>alienas</span> <span class='ocrx_word' id='word_1_62' title='bbox 459 691 660 732; x_wconf 82' lang='lat' dir='ltr'>utilitates</span> <span class='ocrx_word' id='word_1_63' title='bbox 682 691 876 746; x_wconf 84' lang='lat' dir='ltr'>porrigit,</span> <span class='ocrx_word' id='word_1_64' title='bbox 898 701 1024 748; x_wconf 88' lang='lat' dir='ltr'>atque</span> <span class='ocrx_word' id='word_1_65' title='bbox 1049 691 1244 746; x_wconf 84' lang='lat' dir='ltr'>explicat.</span> 
     </span>
    </p>

    <p class='ocr_par' dir='ltr' id='par_1_5' title="bbox 281 747 1723 900">
     <span class='ocr_line' id='line_1_11' title="bbox 340 747 1723 804; baseline 0 -17"><span class='ocrx_word' id='word_1_66' title='bbox 340 747 473 788; x_wconf 86' lang='lat' dir='ltr'><strong>NON.</strong></span> <span class='ocrx_word' id='word_1_67' title='bbox 506 747 764 801; x_wconf 75' lang='lat' dir='ltr'>Exsultare.)</span> <span class='ocrx_word' id='word_1_68' title='bbox 804 751 829 775; x_wconf 82' lang='grc' dir='ltr'>ΥΕ</span> <span class='ocrx_word' id='word_1_69' title='bbox 847 764 941 804; x_wconf 85' lang='lat' dir='ltr'>quae</span> <span class='ocrx_word' id='word_1_70' title='bbox 973 748 1178 804; x_wconf 85' lang='lat' dir='ltr'>sanguine</span> <span class='ocrx_word' id='word_1_71' title='bbox 1209 748 1349 798; x_wconf 80' lang='lat' dir='ltr'>alitur,</span> <span class='ocrx_word' id='word_1_72' title='bbox 1379 758 1505 802; x_wconf 87' lang='lat' dir='ltr'>atque</span> <span class='ocrx_word' id='word_1_73' title='bbox 1535 749 1575 789; x_wconf 89' lang='lat' dir='ltr'>in</span> <span class='ocrx_word' id='word_1_74' title='bbox 1606 747 1723 789; x_wconf 83' lang='lat' dir='ltr'>omni</span> 
     </span>
     <span class='ocr_line' id='line_1_12' title="bbox 281 802 1722 866; baseline 0.001 -23"><span class='ocrx_word' id='word_1_75' title='bbox 281 802 531 866; x_wconf 70' lang='lat' dir='ltr'>crudelitate</span> <span class='ocrx_word' id='word_1_76' title='bbox 554 805 612 846; x_wconf 87' lang='lat' dir='ltr'>sic</span> <span class='ocrx_word' id='word_1_77' title='bbox 634 805 829 856; x_wconf 83' lang='lat' dir='ltr'>exsultat,</span> <span class='ocrx_word' id='word_1_78' title='bbox 846 815 894 847; x_wconf 87' lang='lat' dir='ltr'>ut</span> <span class='ocrx_word' id='word_1_79' title='bbox 911 805 975 847; x_wconf 85' lang='lat' dir='ltr'>vix</span> <span class='ocrx_word' id='word_1_80' title='bbox 996 805 1219 846; x_wconf 87' lang='lat' dir='ltr'>hominum</span> <span class='ocrx_word' id='word_1_81' title='bbox 1237 804 1397 846; x_wconf 78' lang='lat' dir='ltr'>acerbis</span> <span class='ocrx_word' id='word_1_82' title='bbox 1419 804 1634 846; x_wconf 82' lang='lat' dir='ltr'>funeribus</span> <span class='ocrx_word' id='word_1_83' title='bbox 1655 818 1722 845; x_wconf 87' lang='lat' dir='ltr'>sa-</span> 
     </span>
     <span class='ocr_line' id='line_1_13' title="bbox 282 868 424 900; baseline 0.007 -1"><span class='ocrx_word' id='word_1_84' title='bbox 282 868 424 900; x_wconf 77' lang='lat' dir='ltr'>netur.</span> 
     </span>
    </p>

    <p class='ocr_par' dir='ltr' id='par_1_6' title="bbox 282 916 1723 1070">
     <span class='ocr_line' id='line_1_14' title="bbox 339 916 1723 974; baseline 0 -16"><span class='ocrx_word' id='word_1_85' title='bbox 339 917 472 958; x_wconf 90' lang='lat' dir='ltr'>NON.</span> <span class='ocrx_word' id='word_1_86' title='bbox 495 916 564 957; x_wconf 78' lang='lat' dir='ltr'>lib.</span> <span class='ocrx_word' id='word_1_87' title='bbox 585 917 634 957; x_wconf 83' lang='lat' dir='ltr'>de</span> <span class='ocrx_word' id='word_1_88' title='bbox 654 917 757 958; x_wconf 86' lang='lat' dir='ltr'>doct.</span> <span class='ocrx_word' id='word_1_89' title='bbox 781 916 1004 973; x_wconf 76' lang='lat' dir='ltr'>indagine.)</span> <span class='ocrx_word' id='word_1_90' title='bbox 1032 919 1180 974; x_wconf 89' lang='lat' dir='ltr'>Itaque</span> <span class='ocrx_word' id='word_1_91' title='bbox 1202 917 1401 972; x_wconf 87' lang='lat' dir='ltr'>praeclara</span> <span class='ocrx_word' id='word_1_92' title='bbox 1421 918 1494 959; x_wconf 87' lang='lat' dir='ltr'>illa</span> <span class='ocrx_word' id='word_1_93' title='bbox 1513 917 1723 959; x_wconf 84' lang='lat' dir='ltr'>institutio</span> 
     </span>
     <span class='ocr_line' id='line_1_15' title="bbox 285 973 1722 1036; baseline 0.001 -24"><span class='ocrx_word' id='word_1_94' title='bbox 285 973 455 1036; x_wconf 61' lang='lat' dir='ltr'>Romuli</span> <span class='ocrx_word' id='word_1_95' title='bbox 494 982 593 1014; x_wconf 89' lang='lat' dir='ltr'>cum</span> <span class='ocrx_word' id='word_1_96' title='bbox 634 973 840 1015; x_wconf 83' lang='lat' dir='ltr'>ducentos</span> <span class='ocrx_word' id='word_1_97' title='bbox 879 988 1010 1015; x_wconf 88' lang='lat' dir='ltr'>annos</span> <span class='ocrx_word' id='word_1_98' title='bbox 1045 984 1088 1015; x_wconf 90' lang='lat' dir='ltr'>et</span> <span class='ocrx_word' id='word_1_99' title='bbox 1124 975 1296 1030; x_wconf 83' lang='lat' dir='ltr'>triginta</span> <span class='ocrx_word' id='word_1_100' title='bbox 1331 975 1416 1015; x_wconf 74' lang='lat' dir='ltr'>fere</span> <span class='ocrx_word' id='word_1_101' title='bbox 1450 975 1568 1015; x_wconf 82' lang='lat' dir='ltr'>firma</span> <span class='ocrx_word' id='word_1_102' title='bbox 1601 989 1722 1015; x_wconf 87' lang='lat' dir='ltr'>man-</span> 
     </span>
     <span class='ocr_line' id='line_1_16' title="bbox 282 1038 417 1070; baseline -0.007 0"><span class='ocrx_word' id='word_1_103' title='bbox 282 1038 417 1070; x_wconf 78' lang='lat' dir='ltr'>sisset.</span> 
     </span>
    </p>

    <p class='ocr_par' dir='ltr' id='par_1_7' title="bbox 280 1086 1725 1199">
     <span class='ocr_line' id='line_1_17' title="bbox 338 1086 1725 1144; baseline 0.001 -18"><span class='ocrx_word' id='word_1_104' title='bbox 338 1087 471 1127; x_wconf 86' lang='lat' dir='ltr'>NON.</span> <span class='ocrx_word' id='word_1_105' title='bbox 498 1086 694 1139; x_wconf 74' lang='lat' dir='ltr'>Viritim.)</span> <span class='ocrx_word' id='word_1_106' title='bbox 721 1088 787 1129; x_wconf 92' lang='lat' dir='ltr'>Ac</span> <span class='ocrx_word' id='word_1_107' title='bbox 810 1088 969 1143; x_wconf 79' lang='lat' dir='ltr'>primus</span> <span class='ocrx_word' id='word_1_108' title='bbox 990 1102 1130 1144; x_wconf 82' lang='lat' dir='ltr'>agros,</span> <span class='ocrx_word' id='word_1_109' title='bbox 1151 1102 1258 1144; x_wconf 88' lang='lat' dir='ltr'>quos</span> <span class='ocrx_word' id='word_1_110' title='bbox 1286 1087 1401 1129; x_wconf 85' lang='lat' dir='ltr'>bello</span> <span class='ocrx_word' id='word_1_111' title='bbox 1428 1087 1635 1129; x_wconf 86' lang='lat' dir='ltr'>Romulus</span> <span class='ocrx_word' id='word_1_112' title='bbox 1655 1101 1725 1128; x_wconf 88' lang='lat' dir='ltr'>ce—</span> 
     </span>
     <span class='ocr_line' id='line_1_18' title="bbox 280 1143 941 1199; baseline 0.003 -16"><span class='ocrx_word' id='word_1_113' title='bbox 280 1153 415 1199; x_wconf 83' lang='lat' dir='ltr'>perat,</span> <span class='ocrx_word' id='word_1_114' title='bbox 435 1143 573 1185; x_wconf 83' lang='lat' dir='ltr'>divisit</span> <span class='ocrx_word' id='word_1_115' title='bbox 593 1144 745 1185; x_wconf 82' lang='lat' dir='ltr'>viritim</span> <span class='ocrx_word' id='word_1_116' title='bbox 768 1144 941 1186; x_wconf 85' lang='lat' dir='ltr'>civibus.</span> 
     </span>
    </p>

    <p class='ocr_par' dir='ltr' id='par_1_8' title="bbox 340 1199 1663 1257">
     <span class='ocr_line' id='line_1_19' title="bbox 340 1199 1663 1257; baseline 0.001 -17"><span class='ocrx_word' id='word_1_117' title='bbox 340 1200 583 1254; x_wconf 86' lang='lat' dir='ltr'>FRONTO.)</span> <span class='ocrx_word' id='word_1_118' title='bbox 611 1200 724 1242; x_wconf 90' lang='lat' dir='ltr'>Cum</span> <span class='ocrx_word' id='word_1_119' title='bbox 745 1201 861 1243; x_wconf 84' lang='lat' dir='ltr'>aliud</span> <span class='ocrx_word' id='word_1_120' title='bbox 881 1201 984 1242; x_wconf 86' lang='lat' dir='ltr'>nihil</span> <span class='ocrx_word' id='word_1_121' title='bbox 1004 1202 1179 1242; x_wconf 88' lang='lat' dir='ltr'>domum</span> <span class='ocrx_word' id='word_1_122' title='bbox 1205 1215 1322 1242; x_wconf 86' lang='lat' dir='ltr'>suam</span> <span class='ocrx_word' id='word_1_123' title='bbox 1345 1199 1663 1257; x_wconf 75' lang='lat' dir='ltr'>deportaviSset.</span> 
     </span>
    </p>

    <p class='ocr_par' dir='ltr' id='par_1_9' title="bbox 279 1257 1723 1427">
     <span class='ocr_line' id='line_1_20' title="bbox 337 1257 1723 1314; baseline 0.001 -17"><span class='ocrx_word' id='word_1_124' title='bbox 337 1257 470 1298; x_wconf 85' lang='lat' dir='ltr'>NON.</span> <span class='ocrx_word' id='word_1_125' title='bbox 508 1258 781 1310; x_wconf 70' lang='lat' dir='ltr'>Peczmz&#39;osus.)</span> <span class='ocrx_word' id='word_1_126' title='bbox 825 1260 850 1286; x_wconf 91' lang='grc' dir='ltr'>ΥΕ</span> <span class='ocrx_word' id='word_1_127' title='bbox 865 1258 1083 1314; x_wconf 87' lang='lat' dir='ltr'>multaque</span> <span class='ocrx_word' id='word_1_128' title='bbox 1119 1258 1278 1298; x_wconf 78' lang='lat' dir='ltr'>ditione</span> <span class='ocrx_word' id='word_1_129' title='bbox 1311 1259 1466 1309; x_wconf 85' lang='lat' dir='ltr'>ovium,</span> <span class='ocrx_word' id='word_1_130' title='bbox 1501 1268 1544 1298; x_wconf 89' lang='lat' dir='ltr'>et</span> <span class='ocrx_word' id='word_1_131' title='bbox 1574 1258 1723 1308; x_wconf 89' lang='lat' dir='ltr'>boum,</span> 
     </span>
     <span class='ocr_line' id='line_1_21' title="bbox 280 1313 1720 1371; baseline 0.001 -18"><span class='ocrx_word' id='word_1_132' title='bbox 280 1313 394 1368; x_wconf 90' lang='lat' dir='ltr'>quod</span> <span class='ocrx_word' id='word_1_133' title='bbox 419 1324 518 1354; x_wconf 88' lang='lat' dir='ltr'>tunc</span> <span class='ocrx_word' id='word_1_134' title='bbox 540 1325 628 1355; x_wconf 87' lang='lat' dir='ltr'>erat</span> <span class='ocrx_word' id='word_1_135' title='bbox 658 1331 724 1356; x_wconf 78' lang='lat' dir='ltr'>res</span> <span class='ocrx_word' id='word_1_136' title='bbox 754 1316 794 1355; x_wconf 87' lang='lat' dir='ltr'>in</span> <span class='ocrx_word' id='word_1_137' title='bbox 827 1330 993 1370; x_wconf 85' lang='lat' dir='ltr'>pecore,</span> <span class='ocrx_word' id='word_1_138' title='bbox 1014 1325 1056 1356; x_wconf 88' lang='lat' dir='ltr'>et</span> <span class='ocrx_word' id='word_1_139' title='bbox 1087 1315 1128 1355; x_wconf 89' lang='lat' dir='ltr'>in</span> <span class='ocrx_word' id='word_1_140' title='bbox 1154 1315 1345 1355; x_wconf 79' lang='lat' dir='ltr'>locorum</span> <span class='ocrx_word' id='word_1_141' title='bbox 1369 1315 1720 1371; x_wconf 84' lang='lat' dir='ltr'>possessionibus,</span> 
     </span>
     <span class='ocr_line' id='line_1_22' title="bbox 279 1372 1296 1427; baseline 0.003 -18"><span class='ocrx_word' id='word_1_142' title='bbox 279 1384 330 1410; x_wconf 89' lang='lat' dir='ltr'>ex</span> <span class='ocrx_word' id='word_1_143' title='bbox 352 1385 436 1425; x_wconf 90' lang='lat' dir='ltr'>quo</span> <span class='ocrx_word' id='word_1_144' title='bbox 457 1372 689 1426; x_wconf 83' lang='lat' dir='ltr'>pecuniosi,</span> <span class='ocrx_word' id='word_1_145' title='bbox 709 1383 751 1413; x_wconf 88' lang='lat' dir='ltr'>et</span> <span class='ocrx_word' id='word_1_146' title='bbox 772 1372 1006 1427; x_wconf 86' lang='lat' dir='ltr'>locupletes</span> <span class='ocrx_word' id='word_1_147' title='bbox 1026 1372 1296 1412; x_wconf 81' lang='lat' dir='ltr'>vocabantur.</span> 
     </span>
    </p>

    <p class='ocr_par' dir='ltr' id='par_1_10' title="bbox 278 1427 1720 1542">
     <span class='ocr_line' id='line_1_23' title="bbox 334 1427 1720 1484; baseline 0.001 -16"><span class='ocrx_word' id='word_1_148' title='bbox 334 1428 468 1468; x_wconf 87' lang='lat' dir='ltr'>NON.</span> <span class='ocrx_word' id='word_1_149' title='bbox 507 1427 756 1481; x_wconf 74' lang='lat' dir='ltr'>calumnia.)</span> <span class='ocrx_word' id='word_1_150' title='bbox 800 1432 825 1456; x_wconf 43' lang='lat' dir='ltr'>²³ss</span> <span class='ocrx_word' id='word_1_151' title='bbox 842 1440 886 1470; x_wconf 88' lang='lat' dir='ltr'>ut</span> <span class='ocrx_word' id='word_1_152' title='bbox 922 1428 1129 1470; x_wconf 82' lang='lat' dir='ltr'>Carneadi</span> <span class='ocrx_word' id='word_1_153' title='bbox 1165 1428 1466 1483; x_wconf 80' lang='lat' dir='ltr'>respondeatis,</span> <span class='ocrx_word' id='word_1_154' title='bbox 1499 1428 1571 1484; x_wconf 90' lang='lat' dir='ltr'>qui</span> <span class='ocrx_word' id='word_1_155' title='bbox 1609 1443 1720 1484; x_wconf 84' lang='lat' dir='ltr'>saepe</span> 
     </span>
     <span class='ocr_line' id='line_1_24' title="bbox 278 1484 1464 1542; baseline 0.003 -19"><span class='ocrx_word' id='word_1_156' title='bbox 278 1484 462 1539; x_wconf 86' lang='lat' dir='ltr'>optimas</span> <span class='ocrx_word' id='word_1_157' title='bbox 483 1499 629 1527; x_wconf 82' lang='lat' dir='ltr'>causas</span> <span class='ocrx_word' id='word_1_158' title='bbox 650 1485 809 1542; x_wconf 81' lang='lat' dir='ltr'>ingenii</span> <span class='ocrx_word' id='word_1_159' title='bbox 830 1486 1040 1527; x_wconf 90' lang='lat' dir='ltr'>calumnia</span> <span class='ocrx_word' id='word_1_160' title='bbox 1061 1485 1266 1526; x_wconf 85' lang='lat' dir='ltr'>ludificari</span> <span class='ocrx_word' id='word_1_161' title='bbox 1288 1485 1464 1526; x_wconf 84' lang='lat' dir='ltr'>solebat.</span> 
     </span>
    </p>

    <p class='ocr_par' dir='ltr' id='par_1_11' title="bbox 277 1541 1719 1638">
     <span class='ocr_line' id='line_1_25' title="bbox 337 1541 1719 1599; baseline 0.001 -19"><span class='ocrx_word' id='word_1_162' title='bbox 337 1541 599 1595; x_wconf 76' lang='lat' dir='ltr'>FRONTO.),</span> <span class='ocrx_word' id='word_1_163' title='bbox 616 1544 770 1599; x_wconf 89' lang='lat' dir='ltr'>Neque</span> <span class='ocrx_word' id='word_1_164' title='bbox 791 1543 902 1583; x_wconf 86' lang='lat' dir='ltr'>enim</span> <span class='ocrx_word' id='word_1_165' title='bbox 923 1543 977 1583; x_wconf 86' lang='lat' dir='ltr'>ad</span> <span class='ocrx_word' id='word_1_166' title='bbox 999 1557 1113 1583; x_wconf 82' lang='lat' dir='ltr'>mare</span> <span class='ocrx_word' id='word_1_167' title='bbox 1134 1541 1335 1592; x_wconf 85' lang='lat' dir='ltr'>admovit,</span> <span class='ocrx_word' id='word_1_168' title='bbox 1359 1542 1476 1597; x_wconf 89' lang='lat' dir='ltr'>quod</span> <span class='ocrx_word' id='word_1_169' title='bbox 1498 1543 1535 1584; x_wconf 87' lang='lat' dir='ltr'>ei</span> <span class='ocrx_word' id='word_1_170' title='bbox 1556 1542 1637 1583; x_wconf 89' lang='lat' dir='ltr'>fuit</span> <span class='ocrx_word' id='word_1_171' title='bbox 1658 1542 1719 1583; x_wconf 86' lang='lat' dir='ltr'>fa-</span> 
     </span>
     <span class='ocr_line' id='line_1_26' title="bbox 277 1596 498 1638; baseline 0.005 -1"><span class='ocrx_word' id='word_1_172' title='bbox 277 1596 498 1638; x_wconf 88' lang='lat' dir='ltr'>cillimum.</span> 
     </span>
    </p>

    <p class='ocr_par' dir='ltr' id='par_1_12' title="bbox 276 1653 1722 1938">
     <span class='ocr_line' id='line_1_27' title="bbox 334 1653 1720 1710; baseline 0.001 -16"><span class='ocrx_word' id='word_1_173' title='bbox 334 1654 392 1694; x_wconf 89' lang='lat' dir='ltr'>D.</span> <span class='ocrx_word' id='word_1_174' title='bbox 411 1654 542 1695; x_wconf 72' lang='lat' dir='ltr'>Auo.</span> <span class='ocrx_word' id='word_1_175' title='bbox 565 1653 635 1695; x_wconf 76' lang='lat' dir='ltr'>lib.</span> <span class='ocrx_word' id='word_1_176' title='bbox 658 1664 695 1695; x_wconf 82' lang='lat'>2.</span> <span class='ocrx_word' id='word_1_177' title='bbox 718 1669 752 1695; x_wconf 80' lang='lat' dir='ltr'>c.</span> <span class='ocrx_word' id='word_1_178' title='bbox 774 1666 837 1695; x_wconf 77' lang='lat'>21.</span> <span class='ocrx_word' id='word_1_179' title='bbox 874 1655 1016 1708; x_wconf 74' lang='lat' dir='ltr'>Civit.)</span> <span class='ocrx_word' id='word_1_180' title='bbox 1047 1656 1169 1697; x_wconf 86' lang='lat' dir='ltr'>Nihil</span> <span class='ocrx_word' id='word_1_181' title='bbox 1189 1665 1267 1705; x_wconf 87' lang='lat' dir='ltr'>est,</span> <span class='ocrx_word' id='word_1_182' title='bbox 1286 1654 1402 1710; x_wconf 91' lang='lat' dir='ltr'>quod</span> <span class='ocrx_word' id='word_1_183' title='bbox 1420 1654 1560 1696; x_wconf 91' lang='lat' dir='ltr'>adhuc</span> <span class='ocrx_word' id='word_1_184' title='bbox 1581 1655 1634 1696; x_wconf 90' lang='lat' dir='ltr'>de</span> <span class='ocrx_word' id='word_1_185' title='bbox 1656 1669 1720 1696; x_wconf 87' lang='lat' dir='ltr'>re—</span> 
     </span>
     <span class='ocr_line' id='line_1_28' title="bbox 277 1710 1722 1769; baseline 0.001 -18"><span class='ocrx_word' id='word_1_186' title='bbox 277 1710 448 1765; x_wconf 90' lang='lat' dir='ltr'>publica</span> <span class='ocrx_word' id='word_1_187' title='bbox 468 1719 615 1766; x_wconf 88' lang='lat' dir='ltr'>putem</span> <span class='ocrx_word' id='word_1_188' title='bbox 638 1711 816 1763; x_wconf 86' lang='lat' dir='ltr'>dictum,</span> <span class='ocrx_word' id='word_1_189' title='bbox 838 1721 881 1753; x_wconf 87' lang='lat' dir='ltr'>et</span> <span class='ocrx_word' id='word_1_190' title='bbox 900 1728 985 1769; x_wconf 88' lang='lat' dir='ltr'>quo</span> <span class='ocrx_word' id='word_1_191' title='bbox 1005 1713 1164 1768; x_wconf 88' lang='lat' dir='ltr'>possim</span> <span class='ocrx_word' id='word_1_192' title='bbox 1195 1712 1367 1767; x_wconf 84' lang='lat' dir='ltr'>longius</span> <span class='ocrx_word' id='word_1_193' title='bbox 1399 1711 1612 1767; x_wconf 84' lang='lat' dir='ltr'>progredi,</span> <span class='ocrx_word' id='word_1_194' title='bbox 1643 1712 1722 1752; x_wconf 86' lang='lat' dir='ltr'>nisi</span> 
     </span>
     <span class='ocr_line' id='line_1_29' title="bbox 277 1767 1718 1825; baseline 0.001 -18"><span class='ocrx_word' id='word_1_195' title='bbox 277 1768 332 1808; x_wconf 87' lang='lat' dir='ltr'>sit</span> <span class='ocrx_word' id='word_1_196' title='bbox 351 1767 662 1819; x_wconf 85' lang='lat' dir='ltr'>confirmatum,</span> <span class='ocrx_word' id='word_1_197' title='bbox 683 1784 768 1810; x_wconf 87' lang='lat' dir='ltr'>non</span> <span class='ocrx_word' id='word_1_198' title='bbox 783 1769 913 1810; x_wconf 90' lang='lat' dir='ltr'>modo</span> <span class='ocrx_word' id='word_1_199' title='bbox 934 1769 1087 1810; x_wconf 82' lang='lat' dir='ltr'>falsum</span> <span class='ocrx_word' id='word_1_200' title='bbox 1109 1784 1198 1812; x_wconf 89' lang='lat' dir='ltr'>esse</span> <span class='ocrx_word' id='word_1_201' title='bbox 1218 1768 1339 1819; x_wconf 92' lang='lat' dir='ltr'>illud,</span> <span class='ocrx_word' id='word_1_202' title='bbox 1357 1769 1444 1809; x_wconf 84' lang='lat' dir='ltr'>sine</span> <span class='ocrx_word' id='word_1_203' title='bbox 1460 1767 1615 1825; x_wconf 88' lang='lat' dir='ltr'>injuria</span> <span class='ocrx_word' id='word_1_204' title='bbox 1634 1782 1718 1809; x_wconf 86' lang='lat' dir='ltr'>non</span> 
     </span>
     <span class='ocr_line' id='line_1_30' title="bbox 276 1824 1719 1888; baseline 0.002 -24"><span class='ocrx_word' id='word_1_205' title='bbox 276 1838 417 1888; x_wconf 74' lang='lat' dir='ltr'>posse,</span> <span class='ocrx_word' id='word_1_206' title='bbox 437 1824 511 1866; x_wconf 88' lang='lat' dir='ltr'>sed</span> <span class='ocrx_word' id='word_1_207' title='bbox 531 1824 614 1866; x_wconf 84' lang='lat' dir='ltr'>hoc</span> <span class='ocrx_word' id='word_1_208' title='bbox 636 1826 912 1878; x_wconf 83' lang='lat' dir='ltr'>verissimum,</span> <span class='ocrx_word' id='word_1_209' title='bbox 932 1826 1020 1868; x_wconf 88' lang='lat' dir='ltr'>sine</span> <span class='ocrx_word' id='word_1_210' title='bbox 1042 1841 1208 1868; x_wconf 86' lang='lat' dir='ltr'>summa</span> <span class='ocrx_word' id='word_1_211' title='bbox 1223 1825 1390 1883; x_wconf 86' lang='lat' dir='ltr'>justitia</span> <span class='ocrx_word' id='word_1_212' title='bbox 1411 1824 1719 1882; x_wconf 85' lang='lat' dir='ltr'>rempublicam</span> 
     </span>
     <span class='ocr_line' id='line_1_31' title="bbox 277 1895 627 1938; baseline 0.009 -17"><span class='ocrx_word' id='word_1_213' title='bbox 277 1895 367 1937; x_wconf 75' lang='lat' dir='ltr'>regi</span> <span class='ocrx_word' id='word_1_214' title='bbox 388 1896 472 1922; x_wconf 90' lang='lat' dir='ltr'>non</span> <span class='ocrx_word' id='word_1_215' title='bbox 489 1896 627 1938; x_wconf 88' lang='lat' dir='ltr'>posse.</span> 
     </span>
    </p>
   </div>
   <div class='ocr_carea' id='block_1_3' title="bbox 617 1995 1368 2179">
    <p class='ocr_par' dir='ltr' id='par_1_13' title="bbox 617 1995 1368 2179">
     <span class='ocr_line' id='line_1_32' title="bbox 971 1995 1021 2019; baseline 0.02 -1"><span class='ocrx_word' id='word_1_216' title='bbox 971 1995 1021 2019; x_wconf 80' lang='lat' dir='ltr'>Ex</span> 
     </span>
     <span class='ocr_line' id='line_1_33' title="bbox 703 2057 1288 2099; baseline -0.003 0"><span class='ocrx_word' id='word_1_217' title='bbox 703 2058 975 2099; x_wconf 67' lang='lat' dir='ltr'>M.Tm1,11</span> <span class='ocrx_word' id='word_1_218' title='bbox 1002 2057 1288 2098; x_wconf 79' lang='lat' dir='ltr'>CICERONIS</span> 
     </span>
     <span class='ocr_line' id='line_1_34' title="bbox 617 2134 1368 2179; baseline -0.004 0"><span class='ocrx_word' id='word_1_219' title='bbox 617 2136 661 2179; x_wconf 95' lang='lat' dir='ltr'>D</span> <span class='ocrx_word' id='word_1_220' title='bbox 693 2138 729 2178; x_wconf 91' lang='lat' dir='ltr'>E</span> <span class='ocrx_word' id='word_1_221' title='bbox 802 2137 839 2178; x_wconf 89' lang='lat' dir='ltr'>R</span> <span class='ocrx_word' id='word_1_222' title='bbox 868 2137 904 2179; x_wconf 92' lang='lat' dir='ltr'>E</span> <span class='ocrx_word' id='word_1_223' title='bbox 936 2136 966 2177; x_wconf 94' lang='lat' dir='ltr'>P</span> <span class='ocrx_word' id='word_1_224' title='bbox 997 2136 1040 2177; x_wconf 94' lang='lat' dir='ltr'>U</span> <span class='ocrx_word' id='word_1_225' title='bbox 1070 2137 1105 2177; x_wconf 91' lang='lat' dir='ltr'><strong>B</strong></span> <span class='ocrx_word' id='word_1_226' title='bbox 1137 2136 1174 2176; x_wconf 95' lang='lat' dir='ltr'>L</span> <span class='ocrx_word' id='word_1_227' title='bbox 1206 2136 1224 2177; x_wconf 96' lang='lat' dir='ltr'>I</span> <span class='ocrx_word' id='word_1_228' title='bbox 1258 2134 1296 2176; x_wconf 91' lang='lat' dir='ltr'>C</span> <span class='ocrx_word' id='word_1_229' title='bbox 1326 2136 1368 2177; x_wconf 88' lang='lat' dir='ltr'>A</span> 
     </span>
    </p>
   </div>
   <div class='ocr_carea' id='block_1_4' title="bbox 860 2217 1123 2259">
    <p class='ocr_par' dir='ltr' id='par_1_14' title="bbox 860 2217 1123 2259">
     <span class='ocr_line' id='line_1_35' title="bbox 860 2217 1123 2259; baseline -0.008 -1"><span class='ocrx_word' id='word_1_230' title='bbox 860 2218 1005 2259; x_wconf 81' lang='lat' dir='ltr'>LIBR.</span> <span class='ocrx_word' id='word_1_231' title='bbox 1039 2217 1123 2258; x_wconf 90' lang='lat' dir='ltr'>III.</span> 
     </span>
    </p>
   </div>
   <div class='ocr_carea' id='block_1_5' title="bbox 271 2295 1717 2693">
    <p class='ocr_par' dir='ltr' id='par_1_15' title="bbox 271 2295 1717 2623">
     <span class='ocr_line' id='line_1_36' title="bbox 327 2295 1715 2353; baseline -0.002 -14"><span class='ocrx_word' id='word_1_232' title='bbox 327 2299 386 2340; x_wconf 95' lang='lat' dir='ltr'>D.</span> <span class='ocrx_word' id='word_1_233' title='bbox 407 2298 538 2340; x_wconf 75' lang='lat' dir='ltr'>Auo.</span> <span class='ocrx_word' id='word_1_234' title='bbox 570 2296 641 2338; x_wconf 75' lang='lat' dir='ltr'>lib.</span> <span class='ocrx_word' id='word_1_235' title='bbox 663 2305 701 2338; x_wconf 81' lang='lat'>4.</span> <span class='ocrx_word' id='word_1_236' title='bbox 724 2304 864 2338; x_wconf 80' lang='lat' dir='ltr'>contra</span> <span class='ocrx_word' id='word_1_237' title='bbox 894 2295 1146 2353; x_wconf 79' lang='lat' dir='ltr'>Pelagium.)</span> <span class='ocrx_word' id='word_1_238' title='bbox 1173 2296 1321 2337; x_wconf 89' lang='lat' dir='ltr'>Homo</span> <span class='ocrx_word' id='word_1_239' title='bbox 1348 2309 1431 2336; x_wconf 91' lang='lat' dir='ltr'>non</span> <span class='ocrx_word' id='word_1_240' title='bbox 1452 2303 1499 2335; x_wconf 89' lang='lat' dir='ltr'>ut</span> <span class='ocrx_word' id='word_1_241' title='bbox 1520 2308 1545 2334; x_wconf 87' lang='lat' dir='ltr'>a</span> <span class='ocrx_word' id='word_1_242' title='bbox 1564 2302 1715 2345; x_wconf 85' lang='lat' dir='ltr'>matre,</span> 
     </span>
     <span class='ocr_line' id='line_1_37' title="bbox 272 2350 1717 2406; baseline -0.002 -10"><span class='ocrx_word' id='word_1_243' title='bbox 272 2355 346 2396; x_wconf 87' lang='lat' dir='ltr'>sed</span> <span class='ocrx_word' id='word_1_244' title='bbox 364 2364 412 2396; x_wconf 87' lang='lat' dir='ltr'>ut</span> <span class='ocrx_word' id='word_1_245' title='bbox 431 2369 455 2396; x_wconf 90' lang='lat' dir='ltr'>a</span> <span class='ocrx_word' id='word_1_246' title='bbox 475 2368 651 2396; x_wconf 87' lang='lat' dir='ltr'>noverca</span> <span class='ocrx_word' id='word_1_247' title='bbox 679 2363 829 2396; x_wconf 85' lang='lat' dir='ltr'>natura</span> <span class='ocrx_word' id='word_1_248' title='bbox 858 2353 994 2395; x_wconf 89' lang='lat' dir='ltr'>editus</span> <span class='ocrx_word' id='word_1_249' title='bbox 1015 2362 1079 2393; x_wconf 90' lang='lat' dir='ltr'>est</span> <span class='ocrx_word' id='word_1_250' title='bbox 1103 2352 1146 2393; x_wconf 90' lang='lat' dir='ltr'>in</span> <span class='ocrx_word' id='word_1_251' title='bbox 1174 2353 1301 2394; x_wconf 88' lang='lat' dir='ltr'>vitam</span> <span class='ocrx_word' id='word_1_252' title='bbox 1322 2365 1498 2406; x_wconf 87' lang='lat' dir='ltr'>corpore</span> <span class='ocrx_word' id='word_1_253' title='bbox 1521 2350 1651 2402; x_wconf 90' lang='lat' dir='ltr'>nudo,</span> <span class='ocrx_word' id='word_1_254' title='bbox 1673 2361 1717 2393; x_wconf 92' lang='lat' dir='ltr'>et</span> 
     </span>
     <span class='ocr_line' id='line_1_38' title="bbox 271 2407 1715 2467; baseline -0.003 -14"><span class='ocrx_word' id='word_1_255' title='bbox 271 2411 427 2467; x_wconf 85' lang='lat' dir='ltr'>fragili,</span> <span class='ocrx_word' id='word_1_256' title='bbox 448 2420 492 2453; x_wconf 90' lang='lat' dir='ltr'>et</span> <span class='ocrx_word' id='word_1_257' title='bbox 523 2411 689 2452; x_wconf 88' lang='lat' dir='ltr'>infirmo</span> <span class='ocrx_word' id='word_1_258' title='bbox 711 2428 720 2452; x_wconf 78' lang='lat' dir='ltr'>z</span> <span class='ocrx_word' id='word_1_259' title='bbox 751 2411 893 2451; x_wconf 85' lang='lat' dir='ltr'>animo</span> <span class='ocrx_word' id='word_1_260' title='bbox 921 2419 1064 2451; x_wconf 87' lang='lat' dir='ltr'>autem</span> <span class='ocrx_word' id='word_1_261' title='bbox 1090 2409 1214 2450; x_wconf 85' lang='lat' dir='ltr'>anxio</span> <span class='ocrx_word' id='word_1_262' title='bbox 1235 2408 1288 2449; x_wconf 88' lang='lat' dir='ltr'>ad</span> <span class='ocrx_word' id='word_1_263' title='bbox 1309 2408 1540 2457; x_wconf 89' lang='lat' dir='ltr'>molestias,</span> <span class='ocrx_word' id='word_1_264' title='bbox 1561 2407 1715 2449; x_wconf 84' lang='lat' dir='ltr'>humili</span> 
     </span>
     <span class='ocr_line' id='line_1_39' title="bbox 271 2464 1715 2521; baseline -0.003 -11"><span class='ocrx_word' id='word_1_265' title='bbox 271 2468 326 2510; x_wconf 88' lang='lat' dir='ltr'>ad</span> <span class='ocrx_word' id='word_1_266' title='bbox 357 2468 545 2519; x_wconf 90' lang='lat' dir='ltr'>timores,</span> <span class='ocrx_word' id='word_1_267' title='bbox 573 2467 694 2509; x_wconf 89' lang='lat' dir='ltr'>molli</span> <span class='ocrx_word' id='word_1_268' title='bbox 715 2467 767 2508; x_wconf 89' lang='lat' dir='ltr'>ad</span> <span class='ocrx_word' id='word_1_269' title='bbox 798 2467 979 2517; x_wconf 86' lang='lat' dir='ltr'>labores,</span> <span class='ocrx_word' id='word_1_270' title='bbox 1000 2480 1135 2521; x_wconf 84' lang='lat' dir='ltr'>prono</span> <span class='ocrx_word' id='word_1_271' title='bbox 1156 2465 1210 2507; x_wconf 88' lang='lat' dir='ltr'>ad</span> <span class='ocrx_word' id='word_1_272' title='bbox 1229 2464 1447 2506; x_wconf 90' lang='lat' dir='ltr'>libidines:</span> <span class='ocrx_word' id='word_1_273' title='bbox 1478 2465 1519 2505; x_wconf 92' lang='lat' dir='ltr'>in</span> <span class='ocrx_word' id='word_1_274' title='bbox 1542 2479 1628 2520; x_wconf 93' lang='lat' dir='ltr'>quo</span> <span class='ocrx_word' id='word_1_275' title='bbox 1650 2473 1715 2506; x_wconf 88' lang='lat' dir='ltr'>ta-</span> 
     </span>
     <span class='ocr_line' id='line_1_40' title="bbox 271 2521 1715 2581; baseline -0.003 -15"><span class='ocrx_word' id='word_1_276' title='bbox 271 2539 369 2566; x_wconf 89' lang='lat' dir='ltr'>men</span> <span class='ocrx_word' id='word_1_277' title='bbox 391 2524 499 2566; x_wconf 88' lang='lat' dir='ltr'>inest</span> <span class='ocrx_word' id='word_1_278' title='bbox 519 2532 736 2581; x_wconf 88' lang='lat' dir='ltr'>tamquam</span> <span class='ocrx_word' id='word_1_279' title='bbox 759 2524 937 2565; x_wconf 86' lang='lat' dir='ltr'>obrutus</span> <span class='ocrx_word' id='word_1_280' title='bbox 959 2522 1131 2579; x_wconf 89' lang='lat' dir='ltr'>quidam</span> <span class='ocrx_word' id='word_1_281' title='bbox 1157 2522 1319 2563; x_wconf 89' lang='lat' dir='ltr'>divinus</span> <span class='ocrx_word' id='word_1_282' title='bbox 1337 2521 1447 2577; x_wconf 85' lang='lat' dir='ltr'>ignis</span> <span class='ocrx_word' id='word_1_283' title='bbox 1475 2521 1649 2577; x_wconf 75' lang='lat' dir='ltr'>ingenii,</span> <span class='ocrx_word' id='word_1_284' title='bbox 1671 2529 1715 2562; x_wconf 88' lang='lat' dir='ltr'>et</span> 
     </span>
     <span class='ocr_line' id='line_1_41' title="bbox 272 2582 442 2623; baseline 0 0"><span class='ocrx_word' id='word_1_285' title='bbox 272 2582 442 2623; x_wconf 85' lang='lat' dir='ltr'>mentis.</span> 
     </span>
    </p>

    <p class='ocr_par' dir='ltr' id='par_1_16' title="bbox 330 2633 1714 2693">
     <span class='ocr_line' id='line_1_42' title="bbox 330 2633 1714 2693; baseline -0.004 -13"><span class='ocrx_word' id='word_1_286' title='bbox 330 2639 524 2680; x_wconf 77' lang='lat' dir='ltr'>SENECA</span> <span class='ocrx_word' id='word_1_287' title='bbox 547 2637 616 2679; x_wconf 77' lang='lat' dir='ltr'>lib.</span> <span class='ocrx_word' id='word_1_288' title='bbox 638 2647 699 2688; x_wconf 89' lang='lat'>19.</span> <span class='ocrx_word' id='word_1_289' title='bbox 719 2637 854 2691; x_wconf 78' lang='lat' dir='ltr'>epist.)</span> <span class='ocrx_word' id='word_1_290' title='bbox 898 2635 1113 2693; x_wconf 71' lang='lat' dir='ltr'>Quoniam</span> <span class='ocrx_word' id='word_1_291' title='bbox 1133 2649 1279 2676; x_wconf 90' lang='lat' dir='ltr'>sumus</span> <span class='ocrx_word' id='word_1_292' title='bbox 1300 2635 1353 2675; x_wconf 87' lang='lat' dir='ltr'>ab</span> <span class='ocrx_word' id='word_1_293' title='bbox 1381 2634 1471 2690; x_wconf 88' lang='lat' dir='ltr'>ipsa</span> <span class='ocrx_word' id='word_1_294' title='bbox 1491 2634 1605 2675; x_wconf 82' lang='lat' dir='ltr'>calce</span> <span class='ocrx_word' id='word_1_295' title='bbox 1622 2633 1714 2691; x_wconf 88' lang='lat' dir='ltr'>ejus</span> 
     </span>
    </p>
   </div>
   <div class='ocr_carea' id='block_1_6' title="bbox 270 2694 1713 2863">
    <p class='ocr_par' dir='ltr' id='par_1_17' title="bbox 270 2694 1713 2863">
     <span class='ocr_line' id='line_1_43' title="bbox 270 2694 823 2751; baseline -0.004 -15"><span class='ocrx_word' id='word_1_296' title='bbox 270 2695 607 2751; x_wconf 85' lang='lat' dir='ltr'>interpellatione</span> <span class='ocrx_word' id='word_1_297' title='bbox 628 2694 823 2736; x_wconf 85' lang='lat' dir='ltr'>revocati.</span> 
     </span>
     <span class='ocr_line' id='line_1_44' title="bbox 327 2747 1713 2807; baseline -0.004 -14"><span class='ocrx_word' id='word_1_298' title='bbox 327 2753 479 2793; x_wconf 80' lang='lat' dir='ltr'>LACT.</span> <span class='ocrx_word' id='word_1_299' title='bbox 502 2752 696 2807; x_wconf 80' lang='lat' dir='ltr'>Epitome</span> <span class='ocrx_word' id='word_1_300' title='bbox 727 2760 815 2805; x_wconf 79' lang='lat' dir='ltr'>cap.</span> <span class='ocrx_word' id='word_1_301' title='bbox 849 2751 902 2803; x_wconf 86' lang='lat'>1.)</span> <span class='ocrx_word' id='word_1_302' title='bbox 932 2748 1116 2791; x_wconf 88' lang='lat' dir='ltr'>Nullum</span> <span class='ocrx_word' id='word_1_303' title='bbox 1149 2758 1214 2789; x_wconf 87' lang='lat' dir='ltr'>est</span> <span class='ocrx_word' id='word_1_304' title='bbox 1235 2747 1308 2804; x_wconf 88' lang='lat' dir='ltr'>jus</span> <span class='ocrx_word' id='word_1_305' title='bbox 1337 2747 1539 2788; x_wconf 86' lang='lat' dir='ltr'>naturale.</span> <span class='ocrx_word' id='word_1_306' title='bbox 1569 2747 1713 2802; x_wconf 85' lang='lat' dir='ltr'>itaque</span> 
     </span>
     <span class='ocr_line' id='line_1_45' title="bbox 271 2803 1711 2863; baseline -0.003 -15"><span class='ocrx_word' id='word_1_307' title='bbox 271 2824 418 2850; x_wconf 89' lang='lat' dir='ltr'>omnes</span> <span class='ocrx_word' id='word_1_308' title='bbox 449 2809 683 2850; x_wconf 89' lang='lat' dir='ltr'>animantes</span> <span class='ocrx_word' id='word_1_309' title='bbox 713 2808 805 2863; x_wconf 89' lang='lat' dir='ltr'>ipsa</span> <span class='ocrx_word' id='word_1_310' title='bbox 834 2807 1016 2848; x_wconf 90' lang='lat' dir='ltr'>ducente</span> <span class='ocrx_word' id='word_1_311' title='bbox 1047 2814 1194 2846; x_wconf 85' lang='lat' dir='ltr'>natura</span> <span class='ocrx_word' id='word_1_312' title='bbox 1223 2804 1452 2846; x_wconf 89' lang='lat' dir='ltr'>commoda</span> <span class='ocrx_word' id='word_1_313' title='bbox 1469 2818 1546 2845; x_wconf 86' lang='lat' dir='ltr'>sua</span> <span class='ocrx_word' id='word_1_314' title='bbox 1564 2803 1711 2845; x_wconf 89' lang='lat' dir='ltr'>defen-</span> 
     </span>
    </p>
   </div>
   <div class='ocr_carea' id='block_1_7' title="bbox 269 2861 1712 2922">
    <p class='ocr_par' dir='ltr' id='par_1_18' title="bbox 269 2861 1712 2922">
     <span class='ocr_line' id='line_1_46' title="bbox 269 2861 1712 2922; baseline -0.004 -15"><span class='ocrx_word' id='word_1_315' title='bbox 269 2864 406 2908; x_wconf 87' lang='lat' dir='ltr'>dunt:</span> <span class='ocrx_word' id='word_1_316' title='bbox 434 2875 478 2909; x_wconf 86' lang='lat' dir='ltr'>et</span> <span class='ocrx_word' id='word_1_317' title='bbox 509 2865 605 2908; x_wconf 86' lang='lat' dir='ltr'>ideo</span> <span class='ocrx_word' id='word_1_318' title='bbox 633 2864 815 2922; x_wconf 82' lang='lat' dir='ltr'>justitia,</span> <span class='ocrx_word' id='word_1_319' title='bbox 848 2863 883 2906; x_wconf 88' lang='lat' dir='ltr'>si</span> <span class='ocrx_word' id='word_1_320' title='bbox 913 2862 1058 2907; x_wconf 82' lang='lat' dir='ltr'>alienis</span> <span class='ocrx_word' id='word_1_321' title='bbox 1090 2861 1343 2906; x_wconf 86' lang='lat' dir='ltr'>utilitatibus</span> <span class='ocrx_word' id='word_1_322' title='bbox 1371 2861 1579 2913; x_wconf 84' lang='lat' dir='ltr'>consulat,</span> <span class='ocrx_word' id='word_1_323' title='bbox 1616 2874 1712 2902; x_wconf 87' lang='lat' dir='ltr'>suas</span> 
     </span>
    </p>
   </div>
  </div>
 </body>
</html>
