1844 3202
278 117 362 161 726]
811 114 888 152 DE
925 113 1181 154 OFFICIIS
1221 111 1227 115 ’

273 227 429 279 poe'tae,
449 236 573 264 suurn
603 222 781 288 quisque
811 238 918 280 opus
949 239 974 265 a
1001 224 1131 280 vulgo
1161 223 1415 267 considerari
1444 225 1548 276 vult,
1579 233 1641 277 ut,
1671 229 1715 269 si

275 278 377 334 quid
395 279 691 335 reprehensum
719 280 773 322 sit
798 296 822 321 a
853 281 1057 344 pluribus,
1081 281 1122 322 id
1143 282 1401 337 corrigatur:
1431 282 1560 337 hique
1579 292 1707 324 etse-

274 347 389 387 cum,
409 346 453 377 et
481 351 578 377 cum
607 337 712 387 aliis,
733 337 835 393 quid
866 352 905 378 m
937 352 990 378 eo
1019 347 1242 393 peccatum
1269 339 1706 403 sit,exqui1unt:sic

273 392 453 434 aliorum
477 393 643 448 judicio
674 394 883 449 peimulta
911 394 1031 435 nobis
1053 403 1095 435 et
1114 394 1316 446 facienda,
1338 405 1379 436 et
1399 411 1483 437 non
1503 395 1531 436 f
1532 395 1708 448 menda,

189 462 262 497 148
274 458 316 491 et
337 449 555 514 mutanda,
575 458 620 490 et
646 450 897 505 corrigenda
925 459 1035 492 sunt.
1095 452 1204 506 Quae
1234 466 1330 493 vero
1360 466 1478 493 more
1508 462 1708 508 aguntur,

271 505 560 570 institutisque
592 506 798 557 civilibus,
831 506 883 547 de
916 506 965 547 iis
1001 494 1133 547 1111111
1138 516 1203 547 est
1227 508 1570 563 praecipiendum.
1631 510 1710 551 Illa

271 563 384 603 enim
416 562 508 618 ipsa
535 572 745 618 praecepta
776 571 896 604 sunt:
929 577 1006 604 nee
1037 577 1295 619 quemquam
1327 565 1409 605 hoc
1438 580 1578 606 errore
1610 566 1709 608 duci

272 628 458 675 oportet,
479 628 542 670 ut,
565 619 599 660 si
629 619 732 675 quid
763 620 971 671 Socrates,
997 629 1071 660 aut
1100 620 1343 676 Aristippus
1374 627 1535 662 contra
1543 636 1707 663 morem

271 675 710 740 consuetudinemque
737 676 901 717 civilem
931 677 1121 726 fecerint,
1151 676 1332 718 locutive
1363 677 1460 728 sint,
1485 679 1597 719 idem
1628 678 1707 719 sibi

271 732 500 774 arbitretur
521 733 661 774 licere.
716 733 890 789 Magnis
912 733 972 774 illi
992 742 1035 774 et
1056 733 1202 774 dixinis
1224 734 1346 775 bonis
1367 734 1475 775 hanc
1495 735 1708 776 licentiam

271 790 619 854 assequebantur.
681 789 943 846 Cynicorum
964 804 1060 831 vero
1081 790 1189 831 ratio
1210 800 1301 832 tota
1321 800 1383 832 est
1404 790 1622 847 ejicienda.
1645 802 1710 833 est

271 847 385 887 enim
406 847 574 888 inimica
593 847 871 898 verecundiae,
891 847 980 888 sine
1009 862 1091 902 qua
1123 847 1225 888 nihil
1257 857 1418 888 rectum
1443 862 1533 888 esse
1552 856 1707 903 potest,

186 901 376 958 1491111111
396 902 638 943 honestum.
696 904 783 944 Eos
803 912 962 953 autem,
980 917 1161 959 quorum
1182 904 1265 944 vita
1284 914 1503 960 perspecta
1522 905 1564 945 in
1584 905 1709 946 rebus

269 958 459 1000 honestis
487 968 613 1023 atque
637 959 804 1014 magnis
831 969 909 1010 est,
933 960 1041 1000 bene
1065 959 1116 1000 de
1143 961 1360 1015 republica
1389 962 1630 1025 sentientes,
1660 975 1709 1002 ac

268 1016 378 1057 bene
397 1016 587 1066 meritos,
608 1024 682 1056 aut
702 1024 927 1066 merentes,
948 1016 1058 1057 sicut
1078 1015 1220 1071 aliquo
1241 1016 1415 1067 honore,
1439 1026 1512 1058 aut
1531 1018 1710 1073 imperio

268 1072 458 1124 affectos,
480 1072 702 1113 observare
731 1081 773 1113 et
802 1073 941 1113 colere
972 1072 1204 1123 debemus,
1236 1073 1419 1114 tribuere
1445 1074 1571 1114 etiarn
1597 1074 1710 1115 mul-

268 1137 362 1170 tum
384 1129 619 1170 senectuti.
651 1128 800 1170 cedere
830 1129 895 1180 iis,
926 1129 999 1193 qui
1026 1128 1325 1194 magis-tratum
1351 1130 1598 1172 habebunt·
1631 1131 1709 1171 ha-⁴

267 1185 370 1226 bere
388 1186 600 1227 delectum
627 1185 726 1226 civis
754 1194 799 1227 et
827 1185 1066 1250 peregrini:
1098 1201 1139 1225 m
1161 1186 1338 1242 ipsoque
1360 1187 1601 1252 peregrino,
1622 1187 1710 1243 pri-

210 1247 214 1250 ’
240 1252 241 1255 ’
270 1243 454 1284 vatimne
473 1258 526 1284 an
544 1242 714 1298 publice
732 1243 920 1284 venerit:
952 1243 1006 1284 ad
1030 1257 1254 1292 summam,
1276 1257 1327 1284 ue
1346 1257 1469 1299 agam
1489 1244 1541 1284 de
1563 1245 1711 1300 singu-

270 1299 337 1350 lis,
371 1313 643 1340 communem
679 1299 811 1341 totius
841 1300 1008 1355 generis
1042 1298 1262 1340 hominum
1298 1300 1636 1341 conciliationem
1667 1308 1711 1341 et

187 1366 257 1414 42
272 1356 631 1398 consociationem
652 1356 806 1407 colere,
827 1357 948 1406 tueri,
967 1370 1126 1397 servae
1146 1356 1365 1397 debemus.
1419 1358 1443 1398 J
1448 1371 1515 1397 am
1538 1356 1590 1397 de
1610 1357 1712 1398 arti-

185 1440 260 1473 150
273 1413 374 1453 ficiis
409 1422 453 1454 et
483 1413 729 1469 quaestibus,
762 1412 835 1469 qui
869 1413 1060 1454 liberales
1096 1413 1293 1464 habendi,
1322 1413 1394 1469 qui
1423 1413 1582 1455 sordidi
1613 1414 1710 1463 sint,

270 1468 364 1510 haec
388 1470 475 1510 iere
501 1483 758 1525 accepnnus.
819 1470 1005 1510 Primum
1034 1470 1364 1533 improbantur
1354 1471 1383 1511 11
1411 1479 1614 1525 quaestus,
1637 1471 1711 1526 qui

269 1526 312 1567 in
343 1526 442 1567 odia
471 1525 694 1567 hominum
725 1526 956 1576 incurrunt,
983 1535 1032 1567 ut
1061 1526 1331 1581 portitorum,
1353 1536 1400 1568 ut
1429 1533 1471 1559 60
1485 1527 1710 1568 faenerato-

223 1599 257 1631 b
270 1598 379 1624 rum.
440 1583 671 1624 Illiberales
697 1592 840 1623 autem
865 1591 910 1624 et
936 1582 1093 1624 sordidi
1123 1592 1310 1638 quaestus
1340 1583 1710 1634 mercenariorum,

270 1638 563 1695 omniumque,
584 1654 765 1694 quorum
786 1653 939 1694 operae,
960 1646 997 1670 6¹
1015 1654 1099 1680 11011
1130 1649 1239 1680 artes
1268 1651 1481 1681 emuntur.
1511 1649 1576 1681 est
1596 1640 1712 1681 enim

269 1695 352 1737 illis
383 1696 473 1751 ipsa
505 1710 666 1737 merces
696 1703 1062 1737 auctoramentum
1095 1696 1320 1737 servitutis
1381 1696 1550 1737 Sordidi
1580 1697 1708 1737 etiam

269 1752 462 1808 putandi,
483 1753 556 1808 qui
576 1762 817 1793 mercantur
837 1767 862 1793 a
882 1753 1203 1803 mercatoribus,
1221 1752 1336 1816 quod
1355 1754 1496 1794 statim
1514 1753 1709 1794 vendant.

270 1809 375 1850 nihil
410 1810 521 1850 enim
555 1809 794 1864 proficiunt,
830 1809 907 1849 nisi
939 1808 1173 1850 admodum
1204 1810 1474 1851 mentiantur.
1506 1824 1581 1850 nec
1614 1823 1710 1851 vero

269 1865 501 1921 quidquam
532 1875 595 1906 est
625 1866 788 1921 turpius
821 1872 859 1897 62
874 1866 1069 1906 vanitate.
1109 1866 1365 1922 opificesque
1387 1880 1533 1907 omnes
1555 1867 1594 1906 in
1617 1881 1710 1907 sor-

268 1922 370 1963 dida
388 1932 478 1964 arte
500 1932 726 1963 xeisantur.
751 1936 825 1962 nec
845 1922 957 1963 enim
979 1922 1238 1978 quidquam'
1230 1937 1460 1978 ingenuum
1479 1932 1619 1977 potest
1635 1922 1711 1963 ha-

228 2010 234 2014 .
267 1979 369 2020 bere
391 1979 570 2020 officina.
601 1979 860 2041 minimeque
891 1988 1000 2020 artes
1030 1979 1094 2020 hae
1124 1979 1370 2041 probandae,
1391 1994 1485 2034 quae
1507 1978 1709 2020 ministrae

270 2045 369 2077 sunt
394 2036 675 2091 voluptatum,
698 2035 854 2086 cetarii,
877 2034 994 2086 lanii,
1016 2049 1146 2091 coquz,
1166 2035 1369 2091 faotores,
1404 2035 1638 2089 piscatores,
1659 2044 1711 2076 ut

268 2092 328 2133 ait
355 2092 592 2133 Terentius.
622 2091 729 2132 adde
758 2091 856 2142 huc,
887 2092 921 2133 si
950 2092 1104 2147 placet,
1134 2091 1453 2147 unguentariOS,
1475 2092 1710 2142 saltatores,

182 2163 252 2195 151
269 2156 496 2204 totumque
520 2148 671 2190 ludum
700 2148 909 2189 talasium.
967 2148 1134 2204 Quibus
1163 2158 1304 2189 autem
1333 2148 1493 2189 artibus
1514 2159 1587 2190 aut
1608 2163 1709 2204 pru-

180 2224 189 2231 ’
269 2204 412 2246 dentia
440 2204 576 2261 major
605 2205 725 2255 inest,
757 2213 831 2245 aut
860 2220 944 2246 non
974 2205 1198 2245 inediocris
1228 2205 1387 2246 utilitas
1417 2205 1631 2259 quaeritur,
1660 2213 1709 2246 ut

268 2261 492 2309 medicina,
514 2270 562 2302 ut
582 2236 875 2312 architectura,
897 2272 945 2302 ut
973 2265 1011 2292 ὁὸ
1028 2262 1219 2302 doctrina
1250 2276 1387 2302 rerum
1417 2261 1707 2312 honestarum,

268 2317 337 2360 hae
358 2326 456 2359 sunt
476 2318 541 2368 iis,
560 2333 740 2374 quorum
763 2318 898 2359 ordini
916 2319 1183 2369 conveniunt,
1205 2318 1408 2360 honestae.
1462 2319 1710 2359 Mercatura

270 2382 429 2425 autem,
451 2375 484 2415 si
506 2375 641 2416 tenuis
662 2383 739 2425 est,
761 2375 934 2417 sordida
962 2374 1149 2431 putanda
1169 2384 1259 2416 est:
1291 2375 1353 2415 sin
1380 2388 1537 2430 magna
1563 2384 1606 2416 et
1633 2386 1709 2415 co-‘-

269 2431 404 2488 piosa,
425 2431 561 2472 multa
579 2431 766 2487 undique
789 2441 1029 2488 apportanS,
1052 2431 1280 2487 multisque
1309 2432 1397 2472 sine
1426 2432 1608 2472 vanitate
1628 2431 1710 2472 im-

315 2554 356 2580 60
367 2547 563 2589 feneratores]
590 2549 664 2579 Non
692 2550 744 2579 hic
773 2549 966 2588 intelligendi
1056 2555 1092 2579 61
1119 2561 1172 2579 non
1188 2561 1306 2591 quorum
1329 2557 1406 2579 artes
1427 2549 1571 2588 emuntur]
1591 2561 1711 2591 quorum

269 2599 346 2622 sunt
375 2602 487 2622 omnes
515 2593 726 2622 feneratores:
765 2602 841 2622 nam
873 2593 967 2622 multi
1011 2593 1079 2622 sine
1105 2594 1202 2622 dubio
1225 2593 1397 2623 delendum
1419 2601 1485 2623 cst:
1508 2603 1618 2623 sensus
1641 2600 1709 2623 est:

271 2635 395 2665 honesti
423 2634 491 2672 viri,
516 2642 550 2664 ut
573 2645 674 2671 nunc,
697 2637 883 2665 feneratores
906 2636 969 2665 Ro·
1013 2637 1043 2665 in
1060 2646 1199 2673 quorum
1215 2637 1362 2675 operibus
1378 2638 1520 2667 emendis
1536 2637 1709 2667 artificium

270 2688 335 2708 mae
351 2685 449 2708 erant.
473 2679 526 2708 sed
543 2679 596 2717 qui
615 2678 694 2707 nihil
714 2678 800 2707 aliud
821 2679 968 2717 agebant,
1012 2686 1181 2718 spectatur,
1199 2689 1262 2708 nou
1281 2679 1378 2709 labor.

270 2722 329 2751 nisi
362 2728 396 2751 ut
426 2722 563 2760 pecunia
595 2722 656 2751 sub
694 2722 796 2751 usuris
834 2721 968 2751 locanda
1055 2727 1094 2751 62
1120 2721 1267 2760 vanitate]
1287 2723 1324 2752 V.
1343 2722 1431 2752 Clav.
1447 2722 1479 2751 in
1498 2722 1571 2751 h.v.

268 2765 582 2805 quaesturngacerent
596 2777 602 2793 ς
628 2765 711 2804 quod
730 2765 761 2793 111
778 2764 968 2804 plerumque
1056 2770 1093 2794 03
1113 2765 1241 2793 dzctrina
1258 2776 1352 2794 rerum
1368 2762 1561 2806 honestarum]
1580 2765 1625 2795 Ut
1640 2763 1711 2799 lite-

269 2814 428 2844 quaestum
447 2808 629 2848 improbum
651 2808 789 2838 cruentis
805 2808 908 2839 usuris
925 2808 969 2839 fa-
1012 2817 1131 2845 rarum,
1148 2808 1338 2848 eloquentiae
1355 2809 1416 2838 &c-

269 2850 406 2880 ciebant.
