1844 3202
599 118 780 157 LIBER
817 115 1066 155 PRIMUS.
1471 123 1550 163 72⁵

118 237 182 272 ret
206 228 412 284 collegam
442 227 482 269 in
511 233 694 281 praetura
723 223 979 280 Sophoclem
1004 228 1192 279 poetam,
1211 222 1339 279 hique
1361 221 1412 264 de
1433 238 1554 266 com-

119 286 238 326 muni
260 285 398 326 officio
419 282 720 331 convenissent,
740 290 782 322 et
802 295 902 322 casu
929 281 1140 322 formosus
1171 293 1277 334 puer
1306 282 1553 334 praeteriret,

119 341 375 397 dixissetque
395 338 642 394 Sophocles,
664 339 701 380 O
725 352 901 393 puerum
924 336 1135 393 pulcrum,
1159 335 1336 377 Pericle!
1358 336 1420 376 At
1441 338 1553 379 enim

118 407 359 453 praetorem,
395 395 622 450 Sophocle,
655 395 778 436 decet
814 408 900 434 non
936 394 1075 435 solum
1115 407 1280 443 manus,
1317 391 1390 432 sed
1424 393 1553 435 etiam

119 454 267 494 oculos
286 452 541 496 abstinentes
563 452 730 492 habere.
801 451 946 506 Atque
967 450 1050 490 hoc
1072 449 1183 491 idem
1204 448 1437 504 Sophocles
1458 448 1491 488 si
1510 449 1555 490 in

118 509 370 550 athletarum
392 509 640 564 probatione
660 508 844 556 dixisset,
858 508 976 563 justa
995 506 1319 562 reprehensione
1339 505 1555 547 caruisset.

118 575 237 606 tanta
266 566 324 606 vis
353 576 416 606 est
445 573 487 606 et
515 565 612 615 loci,
632 574 675 606 et
699 565 916 620 temporis.
976 565 1040 605 Ut
1070 563 1103 604 si
1134 562 1243 618 quis,
1263 576 1362 603 cum
1384 576 1555 603 causam

119 621 175 662 sit
201 631 385 672 acturus,
407 621 449 662 in
476 621 638 672 itinere,
659 629 733 662 aut
762 621 805 662 in
831 619 1117 661 ambulatione
1145 634 1288 660 secum
1310 618 1400 674 ipse
1419 617 1555 659 medi-

118 685 248 727 tetur,
268 687 341 719 aut
362 679 396 720 si
416 677 520 734 quid
539 678 654 720 aliud
675 677 874 719 attentius
896 677 1072 732 cogitet,
1092 691 1176 717 non
1198 674 1526 731 reprehendatur
1544 685 1601 718 εἰ).

119 743 163 775 at
184 734 266 776 hoc
286 735 397 775 idem
427 735 461 776 si
491 735 533 775 in
561 734 749 776 convivio
770 733 911 785 faciat,
930 733 1185 774 inhumanus
1204 732 1408 782 videatur,
1429 731 1555 773 insci-

119 791 232 833 entia
259 792 477 846 temporis.
538 791 621 832 Sed
642 805 704 841 ea,
724 805 819 846 quae
839 790 1023 832 multum
1043 790 1096 831 ab
1118 788 1381 831 humanitate
1401 787 1645 832 disere-145

119 855 236 902 pant,
252 857 314 899 ut,
330 849 364 889 si
385 848 478 904 quis
495 847 539 888 in
559 848 653 889 foro
674 857 830 898 cantet,
850 854 924 889 aut
944 847 978 888 si
999 861 1084 902 qua
1102 856 1167 888 est
1187 846 1268 887 alia
1285 859 1442 900 magna
1460 860 1558 902 per·

120 904 306 955 versitas,
339 904 462 946 facile
494 914 712 960 apparent,
744 918 820 945 nec
855 918 1115 960 magnopere
1147 902 1480 945 admonitionem
1513 911 1560 944 et

119 969 334 1016 praecepta
353 961 605 1003 desiderant.
637 976 732 1017 quae
760 969 902 1002 autem
927 975 1052 1017 parva
1070 959 1260 1001 videntur
1278 973 1368 1000 esse
1389 959 1561 1011 delicta,

122 1031 258 1073 neque
286 1032 312 1058 a
341 1017 486 1062 multis
514 1017 694 1073 intelligi
718 1026 911 1074 possunt,
932 1018 985 1058 ab
1010 1017 1060 1058 iis
1079 1026 1144 1059 est
1164 1016 1407 1072 diligentius
1427 1015 1562 1057 decli-

121 1074 308 1115 nandum
328 1091 338 1114 t
359 1084 408 1116 ut
428 1074 470 1116 in
490 1074 658 1125 fidibus,
677 1085 751 1116 aut
771 1075 813 1115 in
833 1074 961 1125 tibiis,
981 1073 1169 1130 quamvis
1188 1072 1379 1129 paullum
1400 1073 1560 1114 discre-

120 1140 237 1185 pent,
257 1140 399 1172 tamen
419 1131 462 1173 id
482 1147 505 1172 a
525 1132 683 1172 sciente
703 1131 975 1172 animadverti
996 1130 1103 1172 solet
1125 1147 1134 1172 ε
1170 1130 1229 1172 sic
1249 1129 1477 1171 videndum
1495 1137 1562 1171 est

122 1186 165 1228 in
185 1187 281 1238 vita,
303 1202 355 1228 ne
376 1189 485 1229 forte
506 1187 608 1244 quid
628 1187 863 1242 discrepet3
893 1187 957 1228 vel
982 1187 1120 1228 multo
1146 1187 1273 1227 etiam
1299 1185 1451 1241 magis,
1472 1201 1559 1242 quo

122 1243 272 1298 major,
287 1253 329 1285 et
343 1244 492 1285 melior
507 1244 737 1294 actionum,
757 1258 882 1299 quam
902 1258 1104 1285 sonorum
1121 1252 1351 1284 concentus
1364 1251 1441 1284 est.
1472 1244 1558 1284 lta-
1572 1249 1633 1298 4]

123 1314 222 1355 que,
243 1310 290 1341 ut
317 1300 358 1341 in
379 1301 530 1342 fidibus
551 1300 809 1341 musicorum
831 1315 953 1342 aures
973 1301 1034 1341 vel
1056 1300 1230 1341 minima
1257 1299 1467 1341 sentiunt:
1499 1299 1558 1340 sic
1576 1317 1652 1355 146

123 1370 216 1407 nos,
251 1363 289 1389 ⁵6
306 1357 341 1398 si
368 1371 483 1398 acres
517 1372 565 1398 ac
597 1357 821 1411 diligentes
854 1371 943 1398 esse
974 1357 1168 1398 volumus
1201 1356 1560 1398 animadversores

123 1412 335 1464 vitiorum,
357 1428 514 1470 magna
534 1428 645 1469 saepc
666 1414 954 1468 intelligemus
976 1428 1026 1454 ex
1046 1413 1194 1469 parvis.
1253 1414 1316 1454 Ex
1338 1413 1562 1454 oculorum

126 1469 294 1519 obtutu,
314 1485 364 1511 ex
384 1471 703 1526 superciliorum
726 1482 799 1511 aut
819 1470 1077 1519 remissione,
1094 1479 1168 1511 aut
1186 1469 1493 1520 contractione,
1509 1484 1562 1511 ex

125 1526 337 1577 maestitfa,
358 1542 408 1568 ex
428 1527 652 1578 hilaritate,
673 1542 722 1568 ex
748 1527 848 1577 risu,
869 1542 920 1569 ex
939 1527 1169 1577 locutione,
1188 1541 1240 1567 ex
1261 1526 1492 1576 reticentia,
1512 1541 1565 1568 ex

124 1584 394 1625 contentione
415 1585 541 1634 vocis,
563 1599 613 1625 ex
634 1584 930 1634 submissione,
952 1599 1003 1625 ex
1027 1584 1176 1624 ceteris
1197 1583 1417 1633 similibus,
1440 1583 1564 1624 facile

118 1638 421 1695 judicabimus,
444 1649 481 1678 ⁵7
501 1641 602 1696 quid
623 1656 771 1682 eorum
800 1650 898 1696 apte
920 1641 1004 1691 fiat,
1026 1640 1128 1695 quid
1150 1640 1203 1681 ab
1223 1640 1377 1690 officio,
1396 1649 1567 1680 natura-

125 1710 208 1751 que
227 1696 453 1752 discrepet.
513 1698 615 1739 Quo
648 1697 691 1738 in
718 1712 875 1752 genere
898 1712 983 1738 non
1004 1705 1066 1737 est
1084 1695 1421 1746 incommodum,
1442 1696 1566 1751 quale

127 1752 328 1808 quodque
348 1768 496 1795 eorum
518 1754 586 1804 sit,
607 1768 658 1795 ex
686 1754 778 1795 aliis
799 1753 1016 1810 judicare:
1048 1762 1111 1803 ut,
1131 1753 1165 1794 si
1185 1752 1288 1809 quid
1310 1760 1348 1785 ⁵8
1364 1751 1566 1794 dedeceat

126 1808 168 1849 in
190 1808 285 1860 illis,
309 1810 486 1852 vitemus
507 1820 549 1852 et
578 1810 671 1865 ipsi.
703 1811 748 1852 fit
769 1811 898 1861 enim,
920 1810 1063 1851 nescio
1085 1824 1171 1866 quo
1192 1809 1338 1859 modo,
1359 1817 1408 1850 ut
1428 1809 1566 1864 magis

126 1864 167 1907 in
190 1865 280 1906 aliis
300 1881 534 1917 cernamus,
550 1882 677 1923 quam
699 1867 741 1908 in
762 1867 1091 1922 nobismetipsiS,
1112 1867 1147 1907 si
1167 1866 1271 1922 quid
1291 1865 1565 1921 delinquitur.

126 1921 268 1977 itaque
297 1923 496 1964 facillime
520 1924 790 1978 corriguntur
821 1924 862 1964 in
891 1923 1107 1973 discendo,
1135 1937 1318 1979 quorum
1345 1922 1444 1963 vitia
1467 1921 1565 1963 imi-

125 1986 282 2029 tantur,
310 1978 562 2021 emendandi
592 1994 732 2029 causa,
758 1980 963 2035 magistri.
1022 1981 1116 2021 Nec
1146 1994 1242 2020 vero
1271 1978 1455 2020 alienum
1486 1987 1566 2029 est,
1580 1992 1654 2032 147

128 2033 182 2075 ad
211 2049 262 2076 ea
289 2035 561 2091 eligenda,»⁵9
575 2052 670 2092 quae
700 2036 1009 2092 dubitationem
1035 2037 1228 2085 afferunt,
1255 2035 1455 2076 adhibere
1485 2034 1565 2077 do-

127 2100 218 2132 ctos
240 2091 450 2144 homines,
472 2094 536 2134 vel
566 2093 693 2134 etiam
720 2109 800 2134 usu
828 2094 1001 2148 peritos,
1022 2102 1079 2142 et,
1101 2093 1202 2149 quid
1224 2092 1288 2133 his
1316 2091 1369 2133 de
1393 2106 1565 2147 quoque

127 2148 254 2189 officii
281 2163 437 2204 genere
466 2149 646 2205 placeat,
666 2149 896 2205 exquirere.
956 2149 1102 2205 Major
1130 2149 1242 2190 enim
1271 2162 1367 2203 pars
1396 2162 1448 2189 eo
1478 2148 1566 2189 fere

127 2203 281 2247 deferri
302 2205 424 2257 solet,
438 2221 524 2262 quo
541 2221 566 2247 a
582 2215 731 2248 natura
746 2207 836 2262 ipsa
851 2206 1086 2248 deducitur.
1112 2206 1151 2246 in
1171 2206 1324 2261 quibus
1339 2204 1565 2246 videndum
1578 2221 1675 2254 pao.

129 2268 207 2312 est,
225 2277 310 2304 non
341 2262 472 2304 modo
499 2263 603 2319 quid
633 2263 813 2319 quisque
838 2262 1051 2319 loquatur,
1071 2262 1143 2304 sed
1163 2262 1306 2312 etiam,
1327 2261 1428 2317 quid
1451 2262 1566 2318 quis·
1578 2268 1609 2290 a.

130 2331 214 2373 que
234 2319 398 2370 sentiat,
417 2329 547 2376 atque
567 2319 711 2370 etiam,
733 2334 815 2376 qua
841 2319 894 2360 de
922 2334 1049 2360 causa
1075 2319 1254 2376 quisque
1275 2318 1443 2359 sentiat.
1505 2319 1569 2359 Ut

131 2373 245 2415 enim
277 2375 475 2431 pictores,
511 2385 556 2418 et
589 2376 634 2428 ii,
669 2376 741 2433 qui
774 2375 896 2432 signa
928 2376 1202 2427 fabricantur,
1235 2384 1282 2417 et
1311 2389 1411 2417 vero
1439 2375 1569 2418 etiam

175 2516 215 2543 ⁵6
238 2511 264 2541 si
285 2523 364 2542 acres
383 2523 418 2542 ae
436 2512 587 2553 diligentes
604 2525 629 2544 e.
645 2524 680 2543 v.
697 2513 828 2543 animad-
871 2520 943 2553 apte
958 2514 1088 2550 faciant,
1105 2524 1199 2543 eorum
1221 2521 1264 2543 sc.
1288 2521 1362 2552 quae
1384 2518 1457 2542 ante
1479 2521 1570 2542 eom-

132 2566 259 2585 versores
273 2555 427 2594 vitiorum]
447 2556 544 2588 Multi
562 2557 681 2587 habent
696 2557 829 2585 animad-
873 2565 1049 2587 memorata
1068 2565 1156 2594 sunt,
1174 2557 1306 2587 obtutus
1328 2555 1513 2592 oculorum,
1530 2555 1571 2585 ri·

132 2609 314 2639 versansque
339 2599 492 2635 vitiorum,
517 2610 633 2639 nempe
659 2601 735 2639 quia
756 2607 829 2629 ante
870 2610 924 2631 sus
942 2602 1002 2630 &c-

131 2641 275 2672 additum
300 2649 365 2672 erat
377 2641 493 2681 judices
505 2654 515 2671 .·
529 2643 644 2682 judices
666 2655 722 2672 esse
742 2643 826 2671 volu-
917 2650 954 2674 58
975 2642 1106 2672 dedeceat
1122 2642 1151 2670 in
1167 2640 1242 2681 illis]
1262 2640 1388 2672 Praetuli
1403 2640 1466 2670 hoc
1481 2639 1570 2670 alteri

132 2694 194 2712 mus
207 2683 359 2715 vitiorum.
377 2686 463 2724 quod
478 2694 556 2715 cum
571 2695 728 2716 consensu
744 2686 828 2715 dele·
871 2685 953 2721 alios,
968 2685 1017 2715 vel
1034 2686 1063 2714 in
1079 2684 1158 2716 aliis.

132 2734 204 2756 tum
219 2726 271 2763 sit,
287 2728 383 2758 ctiam
399 2727 515 2766 copula
537 2727 591 2758 illa
613 2729 707 2759 deleri
722 2729 827 2763 debet,
917 2736 956 2762 59
972 2739 1036 2770 quae
1053 2727 1259 2757 dubitationem
1271 2722 1415 2767 affimat]
1430 2724 1481 2754 An
1497 2724 1573 2765 :ffl-

131 2776 170 2801 ut
191 2775 263 2799 ante
285 2780 343 2801 nos
362 2771 431 2809 jam
455 2770 508 2801 alii
529 2771 640 2801 fecere.
662 2772 795 2802 abestret
811 2781 829 2800 a
873 2781 968 2810 rant?
987 2781 1230 2820 compendium,
1248 2771 1337 2820 affe—rt
1360 2781 1392 2810 j„
1418 2780 1486 2810 aid,
1509 2779 1572 2820 pri,

134 2813 198 2844 ΜΞ·
213 2813 329 2861 Πυῐξῦ·
763 2857 768 2862 ‚
810 2856 827 2861 ..
874 2825 934 2854 mis
951 2823 1060 2854 locum
1076 2823 1168 2854 errori
1186 2823 1267 2853 fecit.

178 2861 214 2891 ⁵7
240 2856 314 2897 qutd
335 2867 428 2887 eorum
450 2862 518 2897 apte
527 2855 607 2899 fiat]
630 2856 700 2894 Pro,
716 2857 792 2897 quid
809 2866 829 2886 n
