<?xml version="1.0" encoding="UTF-8"?>
<!DOCTYPE html PUBLIC "-//W3C//DTD XHTML 1.0 Transitional//EN"
    "http://www.w3.org/TR/xhtml1/DTD/xhtml1-transitional.dtd">
<html xmlns="http://www.w3.org/1999/xhtml" xml:lang="en" lang="en">
 <head>
  <title>
</title>
<meta http-equiv="Content-Type" content="text/html;charset=utf-8" />
  <meta name='ocr-system' content='tesseract 3.04.00' />
  <meta name='ocr-capabilities' content='ocr_page ocr_carea ocr_par ocr_line ocrx_word'/>
</head>
<body>
  <div class='ocr_page' id='page_1' title='image "./p2operaomnia04ciceuoft_0273.png"; bbox 0 0 1844 3202; ppageno 0'>
   <div class='ocr_carea' id='block_1_1' title="bbox 619 100 1542 145">
    <p class='ocr_par' dir='ltr' id='par_1_1' title="bbox 619 100 1542 145">
     <span class='ocr_line' id='line_1_1' title="bbox 619 100 1542 145; baseline -0.004 -5"><span class='ocrx_word' id='word_1_1' title='bbox 619 100 1026 140; x_wconf 88' lang='lat' dir='ltr'>FRAGMENTA.</span> <span class='ocrx_word' id='word_1_2' title='bbox 1466 103 1542 145; x_wconf 87' lang='lat'><strong>879</strong></span> 
     </span>
    </p>
   </div>
   <div class='ocr_carea' id='block_1_2' title="bbox 153 207 1542 526">
    <p class='ocr_par' dir='ltr' id='par_1_2' title="bbox 153 207 1542 526">
     <span class='ocr_line' id='line_1_2' title="bbox 160 207 1540 257; baseline -0.004 -10"><span class='ocrx_word' id='word_1_3' title='bbox 160 209 490 249; x_wconf 80' lang='lat' dir='ltr'><strong>animadvertebant.</strong></span> <span class='ocrx_word' id='word_1_4' title='bbox 545 209 658 246; x_wconf 74' lang='lat' dir='ltr'><strong>Extat</strong></span> <span class='ocrx_word' id='word_1_5' title='bbox 683 210 786 247; x_wconf 86' lang='lat' dir='ltr'><strong>oratio</strong></span> <span class='ocrx_word' id='word_1_6' title='bbox 813 208 950 246; x_wconf 84' lang='lat' dir='ltr'><strong>bominis</strong></span> <span class='ocrx_word' id='word_1_7' title='bbox 976 207 1204 244; x_wconf 84' lang='lat' dir='ltr'><strong>accusatoris:</strong></span> <span class='ocrx_word' id='word_1_8' title='bbox 1232 221 1333 257; x_wconf 84' lang='lat' dir='ltr'><strong>quam</strong></span> <span class='ocrx_word' id='word_1_9' title='bbox 1358 219 1484 244; x_wconf 81' lang='lat' dir='ltr'><strong>sumere</strong></span> <span class='ocrx_word' id='word_1_10' title='bbox 1505 207 1540 243; x_wconf 86' lang='lat' dir='ltr'><strong>in</strong></span> 
     </span>
     <span class='ocr_line' id='line_1_3' title="bbox 160 260 1542 314; baseline -0.003 -14"><span class='ocrx_word' id='word_1_11' title='bbox 160 276 293 308; x_wconf 88' lang='lat' dir='ltr'><strong>manus,</strong></span> <span class='ocrx_word' id='word_1_12' title='bbox 321 274 370 301; x_wconf 81' lang='lat' dir='ltr'><strong>est</strong></span> <span class='ocrx_word' id='word_1_13' title='bbox 398 261 535 314; x_wconf 86' lang='lat' dir='ltr'><em>aliquod</em></span> <span class='ocrx_word' id='word_1_14' title='bbox 562 273 668 313; x_wconf 80' lang='lat' dir='ltr'><strong>operae</strong></span> <span class='ocrx_word' id='word_1_15' title='bbox 691 263 850 314; x_wconf 80' lang='lat' dir='ltr'><strong>pretium,</strong></span> <span class='ocrx_word' id='word_1_16' title='bbox 885 275 946 299; x_wconf 88' lang='lat' dir='ltr'><strong>non</strong></span> <span class='ocrx_word' id='word_1_17' title='bbox 978 261 1080 298; x_wconf 87' lang='lat' dir='ltr'><strong>solum</strong></span> <span class='ocrx_word' id='word_1_18' title='bbox 1106 267 1238 310; x_wconf 80' lang='lat' dir='ltr'><strong>propter</strong></span> <span class='ocrx_word' id='word_1_19' title='bbox 1273 260 1434 297; x_wconf 77' lang='lat' dir='ltr'><em>Ciceronis</em></span> <span class='ocrx_word' id='word_1_20' title='bbox 1463 272 1542 296; x_wconf 82' lang='lat' dir='ltr'><strong>ora·</strong></span> 
     </span>
     <span class='ocr_line' id='line_1_4' title="bbox 161 313 1540 368; baseline -0.002 -15"><span class='ocrx_word' id='word_1_21' title='bbox 161 317 276 361; x_wconf 84' lang='lat' dir='ltr'><strong>tiones,</strong></span> <span class='ocrx_word' id='word_1_22' title='bbox 297 331 382 368; x_wconf 87' lang='lat' dir='ltr'><strong>quas</strong></span> <span class='ocrx_word' id='word_1_23' title='bbox 403 327 464 367; x_wconf 89' lang='lat' dir='ltr'><strong>pro</strong></span> <span class='ocrx_word' id='word_1_24' title='bbox 485 316 633 354; x_wconf 80' lang='lat' dir='ltr'><strong>Cornelio</strong></span> <span class='ocrx_word' id='word_1_25' title='bbox 650 316 819 358; x_wconf 80' lang='lat' dir='ltr'><strong>babemus,</strong></span> <span class='ocrx_word' id='word_1_26' title='bbox 839 314 899 352; x_wconf 86' lang='lat' dir='ltr'><strong>sed</strong></span> <span class='ocrx_word' id='word_1_27' title='bbox 913 315 1013 352; x_wconf 81' lang='lat' dir='ltr'><strong>etiam</strong></span> <span class='ocrx_word' id='word_1_28' title='bbox 1037 321 1171 363; x_wconf 67' lang='lat' dir='ltr'><strong>propter</strong></span> <span class='ocrx_word' id='word_1_29' title='bbox 1190 323 1287 349; x_wconf 72' lang='lat' dir='ltr'><strong>semet</strong></span> <span class='ocrx_word' id='word_1_30' title='bbox 1314 315 1418 363; x_wconf 81' lang='lat' dir='ltr'><em>ipsam</em></span> <span class='ocrx_word' id='word_1_31' title='bbox 1435 330 1446 348; x_wconf 94' lang='lat'><strong>.·</strong></span> <span class='ocrx_word' id='word_1_32' title='bbox 1481 313 1540 350; x_wconf 84' lang='lat' dir='ltr'><strong>Ci-</strong></span> 
     </span>
     <span class='ocr_line' id='line_1_5' title="bbox 157 366 1542 420; baseline -0.004 -14"><span class='ocrx_word' id='word_1_33' title='bbox 157 382 228 406; x_wconf 82' lang='lat' dir='ltr'><strong>cero</strong></span> <span class='ocrx_word' id='word_1_34' title='bbox 254 371 321 420; x_wconf 84' lang='lat' dir='ltr'><strong>ipse</strong></span> <span class='ocrx_word' id='word_1_35' title='bbox 346 369 525 420; x_wconf 63' lang='lat' dir='ltr'><strong>significat,</strong></span> <span class='ocrx_word' id='word_1_36' title='bbox 552 369 733 420; x_wconf 83' lang='lat' dir='ltr'><em>quatriduo</em></span> <span class='ocrx_word' id='word_1_37' title='bbox 763 369 950 407; x_wconf 76' lang='lat' dir='ltr'><em>Cornelium</em></span> <span class='ocrx_word' id='word_1_38' title='bbox 978 366 1169 415; x_wconf 54' lang='lat' dir='ltr'><strong>diffudisse,</strong></span> <span class='ocrx_word' id='word_1_39' title='bbox 1197 380 1282 417; x_wconf 83' lang='lat' dir='ltr'><strong>quas</strong></span> <span class='ocrx_word' id='word_1_40' title='bbox 1303 367 1444 403; x_wconf 77' lang='lat' dir='ltr'><em>actiones</em></span> <span class='ocrx_word' id='word_1_41' title='bbox 1466 380 1542 402; x_wconf 80' lang='lat' dir='ltr'><em>con-</em></span> 
     </span>
     <span class='ocr_line' id='line_1_6' title="bbox 158 419 1542 475; baseline -0.004 -16"><span class='ocrx_word' id='word_1_42' title='bbox 158 423 273 459; x_wconf 84' lang='lat' dir='ltr'><em>tulisse</em></span> <span class='ocrx_word' id='word_1_43' title='bbox 289 436 362 460; x_wconf 79' lang='lat' dir='ltr'><strong>eum</strong></span> <span class='ocrx_word' id='word_1_44' title='bbox 382 423 417 459; x_wconf 86' lang='lat' dir='ltr'><strong>in</strong></span> <span class='ocrx_word' id='word_1_45' title='bbox 434 421 521 460; x_wconf 87' lang='lat' dir='ltr'><strong>duas</strong></span> <span class='ocrx_word' id='word_1_46' title='bbox 539 424 701 460; x_wconf 78' lang='lat' dir='ltr'><strong>orationes</strong></span> <span class='ocrx_word' id='word_1_47' title='bbox 719 431 873 475; x_wconf 79' lang='lat' dir='ltr'><strong>apparet.</strong></span> <span class='ocrx_word' id='word_1_48' title='bbox 929 420 1108 470; x_wconf 81' lang='lat' dir='ltr'><em>Judicium</em></span> <span class='ocrx_word' id='word_1_49' title='bbox 1127 420 1165 456; x_wconf 84' lang='lat' dir='ltr'><strong>id</strong></span> <span class='ocrx_word' id='word_1_50' title='bbox 1181 420 1324 456; x_wconf 61' lang='lat' dir='ltr'><strong>marcuit</strong></span> <span class='ocrx_word' id='word_1_51' title='bbox 1348 420 1391 469; x_wconf 99' lang='lat' dir='ltr'><em>Q</em></span> <span class='ocrx_word' id='word_1_52' title='bbox 1410 419 1542 456; x_wconf 77' lang='lat' dir='ltr'><strong>Gallius</strong></span> 
     </span>
     <span class='ocr_line' id='line_1_7' title="bbox 153 484 295 526; baseline 0.007 -14"><span class='ocrx_word' id='word_1_53' title='bbox 153 484 295 526; x_wconf 84' lang='lat' dir='ltr'><strong>praetor.</strong></span> 
     </span>
    </p>
   </div>
   <div class='ocr_carea' id='block_1_3' title="bbox 320 579 1319 626">
    <p class='ocr_par' dir='ltr' id='par_1_3' title="bbox 320 579 1319 626">
     <span class='ocr_line' id='line_1_8' title="bbox 320 579 1319 626; baseline -0.006 0"><span class='ocrx_word' id='word_1_54' title='bbox 320 583 517 626; x_wconf 85' lang='lat' dir='ltr'>VERSU</span> <span class='ocrx_word' id='word_1_55' title='bbox 548 584 591 625; x_wconf 94' lang='lat' dir='ltr'>A</span> <span class='ocrx_word' id='word_1_56' title='bbox 624 583 813 626; x_wconf 90' lang='lat' dir='ltr'>PRIMO</span> <span class='ocrx_word' id='word_1_57' title='bbox 847 581 1129 624; x_wconf 89' lang='lat' dir='ltr'>CIRCITER</span> <span class='ocrx_word' id='word_1_58' title='bbox 1160 579 1319 622; x_wconf 91' lang='lat' dir='ltr'>CLXI.</span> 
     </span>
    </p>
   </div>
   <div class='ocr_carea' id='block_1_4' title="bbox 178 687 1475 758">
    <p class='ocr_par' dir='ltr' id='par_1_4' title="bbox 178 687 1475 758">
     <span class='ocr_line' id='line_1_9' title="bbox 178 687 1475 716; baseline -0.003 -1"><span class='ocrx_word' id='word_1_59' title='bbox 178 688 204 715; x_wconf 56' lang='grc' dir='ltr'><strong>*ι</strong></span> <span class='ocrx_word' id='word_1_60' title='bbox 432 690 458 716; x_wconf 55' lang='lat' dir='ltr'><strong>a&lt;</strong></span> <span class='ocrx_word' id='word_1_61' title='bbox 686 691 712 716; x_wconf 61' lang='lat' dir='ltr'><strong>at</strong></span> <span class='ocrx_word' id='word_1_62' title='bbox 939 690 965 715; x_wconf 61' lang='lat' dir='ltr'><strong>aa&lt;</strong></span> <span class='ocrx_word' id='word_1_63' title='bbox 1195 688 1219 713; x_wconf 65' lang='lat' dir='ltr'><strong>&gt;tf</strong></span> <span class='ocrx_word' id='word_1_64' title='bbox 1450 687 1475 711; x_wconf 57' lang='lat' dir='ltr'><strong>a*</strong></span> 
     </span>
     <span class='ocr_line' id='line_1_10' title="bbox 306 727 1348 758; baseline -0.004 -3"><span class='ocrx_word' id='word_1_65' title='bbox 306 731 332 755; x_wconf 69' lang='lat' dir='ltr'><strong>:xz</strong></span> <span class='ocrx_word' id='word_1_66' title='bbox 560 732 586 758; x_wconf 63' lang='lat' dir='ltr'><strong>&gt;rs</strong></span> <span class='ocrx_word' id='word_1_67' title='bbox 813 731 839 756; x_wconf 63' lang='lat' dir='ltr'><strong>a:</strong></span> <span class='ocrx_word' id='word_1_68' title='bbox 1065 728 1091 754; x_wconf 63' lang='lat' dir='ltr'><strong>sa&lt;</strong></span> <span class='ocrx_word' id='word_1_69' title='bbox 1322 727 1348 751; x_wconf 59' lang='grc' dir='ltr'><strong>»ε</strong></span> 
     </span>
    </p>
   </div>
   <div class='ocr_carea' id='block_1_5' title="bbox 104 788 1553 1935">
    <p class='ocr_par' dir='ltr' id='par_1_5' title="bbox 105 788 1550 1045">
     <span class='ocr_line' id='line_1_11' title="bbox 107 788 1548 876; baseline -0.003 -17"><span class='ocrx_word' id='word_1_70' title='bbox 107 788 529 862; x_wconf 86' lang='lat' dir='ltr'>POSTULATUR</span> <span class='ocrx_word' id='word_1_71' title='bbox 559 819 671 876; x_wconf 85' lang='lat' dir='ltr'><strong>apud</strong></span> <span class='ocrx_word' id='word_1_72' title='bbox 705 834 774 860; x_wconf 92' lang='lat' dir='ltr'><strong>me</strong></span> <span class='ocrx_word' id='word_1_73' title='bbox 806 827 1031 875; x_wconf 79' lang='lat' dir='ltr'><strong>praetorem</strong></span> <span class='ocrx_word' id='word_1_74' title='bbox 1063 818 1248 873; x_wconf 88' lang='lat' dir='ltr'><strong>primum</strong></span> <span class='ocrx_word' id='word_1_75' title='bbox 1278 814 1331 856; x_wconf 91' lang='lat' dir='ltr'><strong>de</strong></span> <span class='ocrx_word' id='word_1_76' title='bbox 1359 815 1548 871; x_wconf 79' lang='lat' dir='ltr'><strong>pecuniis</strong></span> 
     </span>
     <span class='ocr_line' id='line_1_12' title="bbox 106 873 1548 932; baseline -0.003 -16"><span class='ocrx_word' id='word_1_77' title='bbox 106 875 364 930; x_wconf 87' lang='lat' dir='ltr'><strong>repetundis.</strong></span> <span class='ocrx_word' id='word_1_78' title='bbox 427 878 671 932; x_wconf 86' lang='lat' dir='ltr'><strong>Prospectat</strong></span> <span class='ocrx_word' id='word_1_79' title='bbox 698 876 890 918; x_wconf 87' lang='lat' dir='ltr'><strong>videlicet</strong></span> <span class='ocrx_word' id='word_1_80' title='bbox 922 875 1161 925; x_wconf 90' lang='lat' dir='ltr'><strong>Cominius,</strong></span> <span class='ocrx_word' id='word_1_81' title='bbox 1182 873 1284 929; x_wconf 91' lang='lat' dir='ltr'><strong>quid</strong></span> <span class='ocrx_word' id='word_1_82' title='bbox 1305 882 1468 928; x_wconf 85' lang='lat' dir='ltr'><strong>agatur.</strong></span> <span class='ocrx_word' id='word_1_83' title='bbox 1488 873 1548 913; x_wconf 88' lang='lat' dir='ltr'><strong>vi-</strong></span> 
     </span>
     <span class='ocr_line' id='line_1_13' title="bbox 105 930 1550 986; baseline -0.002 -14"><span class='ocrx_word' id='word_1_84' title='bbox 105 931 260 973; x_wconf 88' lang='lat' dir='ltr'><strong>delicet</strong></span> <span class='ocrx_word' id='word_1_85' title='bbox 279 932 471 975; x_wconf 90' lang='lat' dir='ltr'><strong>homines</strong></span> <span class='ocrx_word' id='word_1_86' title='bbox 491 934 652 974; x_wconf 89' lang='lat' dir='ltr'><strong>foeneos</strong></span> <span class='ocrx_word' id='word_1_87' title='bbox 677 933 721 974; x_wconf 89' lang='lat' dir='ltr'><strong>in</strong></span> <span class='ocrx_word' id='word_1_88' title='bbox 749 933 935 975; x_wconf 89' lang='lat' dir='ltr'><strong>medium</strong></span> <span class='ocrx_word' id='word_1_89' title='bbox 962 931 1015 973; x_wconf 87' lang='lat' dir='ltr'><strong>ad</strong></span> <span class='ocrx_word' id='word_1_90' title='bbox 1037 930 1285 973; x_wconf 84' lang='lat' dir='ltr'><strong>tentandum</strong></span> <span class='ocrx_word' id='word_1_91' title='bbox 1312 930 1550 986; x_wconf 89' lang='lat' dir='ltr'><strong>periculum</strong></span> 
     </span>
     <span class='ocr_line' id='line_1_14' title="bbox 105 988 339 1045; baseline 0.013 -17"><span class='ocrx_word' id='word_1_92' title='bbox 105 988 339 1045; x_wconf 87' lang='lat' dir='ltr'><strong>projectos.</strong></span> 
     </span>
    </p>

    <p class='ocr_par' dir='ltr' id='par_1_6' title="bbox 104 1041 1550 1369">
     <span class='ocr_line' id='line_1_15' title="bbox 161 1041 1544 1101; baseline -0.004 -14"><span class='ocrx_word' id='word_1_93' title='bbox 161 1046 279 1101; x_wconf 71' lang='lat' dir='ltr'><strong>Quid</strong></span> <span class='ocrx_word' id='word_1_94' title='bbox 299 1051 312 1089; x_wconf 92' lang='lat'>?</span> <span class='ocrx_word' id='word_1_95' title='bbox 346 1046 548 1088; x_wconf 86' lang='lat' dir='ltr'><strong>Metellus</strong></span> <span class='ocrx_word' id='word_1_96' title='bbox 576 1062 742 1089; x_wconf 89' lang='lat' dir='ltr'><strong>summa</strong></span> <span class='ocrx_word' id='word_1_97' title='bbox 769 1045 989 1087; x_wconf 88' lang='lat' dir='ltr'><strong>nobilitate</strong></span> <span class='ocrx_word' id='word_1_98' title='bbox 1017 1059 1064 1086; x_wconf 94' lang='lat' dir='ltr'><strong>ac</strong></span> <span class='ocrx_word' id='word_1_99' title='bbox 1085 1045 1251 1094; x_wconf 87' lang='lat' dir='ltr'><strong>virtute,</strong></span> <span class='ocrx_word' id='word_1_100' title='bbox 1273 1057 1370 1084; x_wconf 90' lang='lat' dir='ltr'><strong>cum</strong></span> <span class='ocrx_word' id='word_1_101' title='bbox 1391 1042 1456 1083; x_wconf 91' lang='lat' dir='ltr'><strong>bis</strong></span> <span class='ocrx_word' id='word_1_102' title='bbox 1469 1041 1544 1099; x_wconf 92' lang='lat' dir='ltr'><strong>ju-</strong></span> 
     </span>
     <span class='ocr_line' id='line_1_16' title="bbox 105 1100 1550 1159; baseline -0.002 -17"><span class='ocrx_word' id='word_1_103' title='bbox 105 1111 264 1143; x_wconf 87' lang='lat' dir='ltr'><strong>rasset:</strong></span> <span class='ocrx_word' id='word_1_104' title='bbox 298 1104 427 1144; x_wconf 90' lang='lat' dir='ltr'><strong>semel</strong></span> <span class='ocrx_word' id='word_1_105' title='bbox 447 1103 638 1159; x_wconf 85' lang='lat' dir='ltr'><strong>privatim</strong></span> <span class='ocrx_word' id='word_1_106' title='bbox 659 1119 683 1144; x_wconf 84' lang='lat' dir='ltr'><strong>a</strong></span> <span class='ocrx_word' id='word_1_107' title='bbox 703 1113 820 1159; x_wconf 90' lang='lat' dir='ltr'><strong>patre</strong></span> <span class='ocrx_word' id='word_1_108' title='bbox 841 1120 849 1144; x_wconf 90' lang='lat'><strong>:</strong></span> <span class='ocrx_word' id='word_1_109' title='bbox 882 1103 1032 1143; x_wconf 90' lang='lat' dir='ltr'><strong>iterum</strong></span> <span class='ocrx_word' id='word_1_110' title='bbox 1057 1100 1247 1157; x_wconf 88' lang='lat' dir='ltr'><strong>publice:</strong></span> <span class='ocrx_word' id='word_1_111' title='bbox 1289 1114 1313 1140; x_wconf 91' lang='lat' dir='ltr'><strong>a</strong></span> <span class='ocrx_word' id='word_1_112' title='bbox 1332 1100 1428 1155; x_wconf 90' lang='lat' dir='ltr'><strong>lege</strong></span> <span class='ocrx_word' id='word_1_113' title='bbox 1451 1112 1550 1140; x_wconf 89' lang='lat' dir='ltr'><strong>coa-</strong></span> 
     </span>
     <span class='ocr_line' id='line_1_17' title="bbox 104 1155 1549 1212; baseline -0.003 -13"><span class='ocrx_word' id='word_1_114' title='bbox 104 1166 199 1199; x_wconf 90' lang='lat' dir='ltr'><strong>ctus</strong></span> <span class='ocrx_word' id='word_1_115' title='bbox 219 1158 380 1200; x_wconf 85' lang='lat' dir='ltr'><strong>destitit</strong></span> <span class='ocrx_word' id='word_1_116' title='bbox 399 1160 681 1201; x_wconf 84' lang='lat' dir='ltr'><strong>accusatione.</strong></span> <span class='ocrx_word' id='word_1_117' title='bbox 702 1175 753 1201; x_wconf 88' lang='lat' dir='ltr'><strong>an</strong></span> <span class='ocrx_word' id='word_1_118' title='bbox 781 1159 834 1210; x_wconf 82' lang='lat' dir='ltr'><strong>vi,</strong></span> <span class='ocrx_word' id='word_1_119' title='bbox 855 1174 906 1200; x_wconf 89' lang='lat' dir='ltr'><strong>an</strong></span> <span class='ocrx_word' id='word_1_120' title='bbox 930 1159 1099 1200; x_wconf 88' lang='lat' dir='ltr'><strong>veritate</strong></span> <span class='ocrx_word' id='word_1_121' title='bbox 1118 1160 1131 1198; x_wconf 90' lang='lat'>?</span> <span class='ocrx_word' id='word_1_122' title='bbox 1166 1158 1215 1197; x_wconf 90' lang='lat' dir='ltr'><strong>In</strong></span> <span class='ocrx_word' id='word_1_123' title='bbox 1237 1171 1322 1212; x_wconf 91' lang='lat' dir='ltr'><strong>quo</strong></span> <span class='ocrx_word' id='word_1_124' title='bbox 1344 1155 1549 1211; x_wconf 85' lang='lat' dir='ltr'><strong>suspicio-</strong></span> 
     </span>
     <span class='ocr_line' id='line_1_18' title="bbox 108 1212 1549 1269; baseline -0.001 -15"><span class='ocrx_word' id='word_1_125' title='bbox 108 1228 205 1255; x_wconf 88' lang='lat' dir='ltr'><strong>nem</strong></span> <span class='ocrx_word' id='word_1_126' title='bbox 243 1229 415 1257; x_wconf 90' lang='lat' dir='ltr'><strong>omnem</strong></span> <span class='ocrx_word' id='word_1_127' title='bbox 457 1216 569 1257; x_wconf 90' lang='lat' dir='ltr'><strong>tollit</strong></span> <span class='ocrx_word' id='word_1_128' title='bbox 610 1217 661 1257; x_wconf 89' lang='lat' dir='ltr'><strong>C.</strong></span> <span class='ocrx_word' id='word_1_129' title='bbox 699 1216 895 1258; x_wconf 85' lang='lat' dir='ltr'><strong>Curionis</strong></span> <span class='ocrx_word' id='word_1_130' title='bbox 933 1216 1061 1257; x_wconf 84' lang='lat' dir='ltr'><strong>virtus</strong></span> <span class='ocrx_word' id='word_1_131' title='bbox 1095 1229 1143 1255; x_wconf 91' lang='lat' dir='ltr'><strong>ac</strong></span> <span class='ocrx_word' id='word_1_132' title='bbox 1178 1213 1377 1269; x_wconf 82' lang='lat' dir='ltr'><strong>dignitas,</strong></span> <span class='ocrx_word' id='word_1_133' title='bbox 1409 1221 1452 1253; x_wconf 90' lang='lat' dir='ltr'><strong>et</strong></span> <span class='ocrx_word' id='word_1_134' title='bbox 1491 1212 1549 1254; x_wconf 80' lang='lat' dir='ltr'><strong>Q.</strong></span> 
     </span>
     <span class='ocr_line' id='line_1_19' title="bbox 109 1268 1549 1325; baseline -0.001 -14"><span class='ocrx_word' id='word_1_135' title='bbox 109 1270 278 1313; x_wconf 88' lang='lat' dir='ltr'><strong>Metelli</strong></span> <span class='ocrx_word' id='word_1_136' title='bbox 314 1272 613 1325; x_wconf 82' lang='lat' dir='ltr'><strong>adolescentia,</strong></span> <span class='ocrx_word' id='word_1_137' title='bbox 650 1273 703 1314; x_wconf 87' lang='lat' dir='ltr'><strong>ad</strong></span> <span class='ocrx_word' id='word_1_138' title='bbox 738 1287 949 1314; x_wconf 88' lang='lat' dir='ltr'><strong>summam</strong></span> <span class='ocrx_word' id='word_1_139' title='bbox 983 1272 1153 1314; x_wconf 90' lang='lat' dir='ltr'><strong>laudem</strong></span> <span class='ocrx_word' id='word_1_140' title='bbox 1188 1270 1386 1311; x_wconf 87' lang='lat' dir='ltr'><strong>omnibus</strong></span> <span class='ocrx_word' id='word_1_141' title='bbox 1424 1268 1549 1310; x_wconf 90' lang='lat' dir='ltr'><strong>rebus</strong></span> 
     </span>
     <span class='ocr_line' id='line_1_20' title="bbox 109 1336 273 1369; baseline 0.006 -1"><span class='ocrx_word' id='word_1_142' title='bbox 109 1336 273 1369; x_wconf 85' lang='lat' dir='ltr'><strong>ornata.</strong></span> 
     </span>
    </p>

    <p class='ocr_par' dir='ltr' id='par_1_7' title="bbox 105 1381 1553 1710">
     <span class='ocr_line' id='line_1_21' title="bbox 162 1381 1549 1441; baseline -0.002 -16"><span class='ocrx_word' id='word_1_143' title='bbox 162 1385 340 1440; x_wconf 84' lang='lat' dir='ltr'><strong>Legem,</strong></span> <span class='ocrx_word' id='word_1_144' title='bbox 369 1385 519 1441; x_wconf 88' lang='lat' dir='ltr'><strong>inquit,</strong></span> <span class='ocrx_word' id='word_1_145' title='bbox 550 1385 602 1427; x_wconf 91' lang='lat' dir='ltr'><strong>de</strong></span> <span class='ocrx_word' id='word_1_146' title='bbox 631 1385 924 1427; x_wconf 88' lang='lat' dir='ltr'><strong>libertinorum</strong></span> <span class='ocrx_word' id='word_1_147' title='bbox 954 1383 1163 1440; x_wconf 84' lang='lat' dir='ltr'><strong>suffragiis</strong></span> <span class='ocrx_word' id='word_1_148' title='bbox 1196 1381 1419 1424; x_wconf 90' lang='lat' dir='ltr'><strong>Cornelius</strong></span> <span class='ocrx_word' id='word_1_149' title='bbox 1449 1396 1549 1423; x_wconf 91' lang='lat' dir='ltr'><strong>cum</strong></span> 
     </span>
     <span class='ocr_line' id='line_1_22' title="bbox 106 1439 1550 1498; baseline -0.001 -17"><span class='ocrx_word' id='word_1_150' title='bbox 106 1441 289 1483; x_wconf 86' lang='lat' dir='ltr'><strong>Manilio</strong></span> <span class='ocrx_word' id='word_1_151' title='bbox 320 1441 448 1483; x_wconf 89' lang='lat' dir='ltr'><strong>dedit.</strong></span> <span class='ocrx_word' id='word_1_152' title='bbox 483 1442 584 1498; x_wconf 90' lang='lat' dir='ltr'><strong>quid</strong></span> <span class='ocrx_word' id='word_1_153' title='bbox 614 1450 677 1483; x_wconf 86' lang='lat' dir='ltr'><strong>est</strong></span> <span class='ocrx_word' id='word_1_154' title='bbox 707 1442 803 1494; x_wconf 84' lang='lat' dir='ltr'><strong>hoc,</strong></span> <span class='ocrx_word' id='word_1_155' title='bbox 838 1442 1030 1483; x_wconf 83' lang='lat' dir='ltr'>DEDIT?</span> <span class='ocrx_word' id='word_1_156' title='bbox 1063 1455 1117 1482; x_wconf 89' lang='lat' dir='ltr'><strong>an</strong></span> <span class='ocrx_word' id='word_1_157' title='bbox 1146 1439 1260 1490; x_wconf 86' lang='lat' dir='ltr'><strong>tulit,</strong></span> <span class='ocrx_word' id='word_1_158' title='bbox 1290 1454 1343 1479; x_wconf 87' lang='lat' dir='ltr'><strong>an</strong></span> <span class='ocrx_word' id='word_1_159' title='bbox 1372 1439 1550 1494; x_wconf 85' lang='lat' dir='ltr'><strong>rogavit,</strong></span> 
     </span>
     <span class='ocr_line' id='line_1_23' title="bbox 105 1494 1550 1552; baseline -0.002 -14"><span class='ocrx_word' id='word_1_160' title='bbox 105 1511 160 1539; x_wconf 90' lang='lat' dir='ltr'><strong>an</strong></span> <span class='ocrx_word' id='word_1_161' title='bbox 183 1497 376 1541; x_wconf 84' lang='lat' dir='ltr'><strong>hortatus</strong></span> <span class='ocrx_word' id='word_1_162' title='bbox 397 1507 461 1540; x_wconf 88' lang='lat' dir='ltr'><strong>est</strong></span> <span class='ocrx_word' id='word_1_163' title='bbox 481 1500 493 1539; x_wconf 93' lang='lat'>?</span> <span class='ocrx_word' id='word_1_164' title='bbox 527 1513 624 1540; x_wconf 89' lang='lat' dir='ltr'><strong>nam</strong></span> <span class='ocrx_word' id='word_1_165' title='bbox 655 1499 801 1540; x_wconf 82' lang='lat' dir='ltr'><strong>tulisse</strong></span> <span class='ocrx_word' id='word_1_166' title='bbox 828 1498 1054 1539; x_wconf 90' lang='lat' dir='ltr'><strong>ridiculum</strong></span> <span class='ocrx_word' id='word_1_167' title='bbox 1075 1505 1154 1548; x_wconf 87' lang='lat' dir='ltr'><strong>est,</strong></span> <span class='ocrx_word' id='word_1_168' title='bbox 1174 1495 1293 1552; x_wconf 84' lang='lat' dir='ltr'><strong>quasi</strong></span> <span class='ocrx_word' id='word_1_169' title='bbox 1312 1495 1452 1551; x_wconf 89' lang='lat' dir='ltr'><strong>legem</strong></span> <span class='ocrx_word' id='word_1_170' title='bbox 1473 1494 1550 1536; x_wconf 91' lang='lat' dir='ltr'><strong>ali-</strong></span> 
     </span>
     <span class='ocr_line' id='line_1_24' title="bbox 108 1552 1549 1610; baseline -0.003 -14"><span class='ocrx_word' id='word_1_171' title='bbox 108 1565 238 1610; x_wconf 80' lang='lat' dir='ltr'><strong>quam</strong></span> <span class='ocrx_word' id='word_1_172' title='bbox 258 1564 333 1596; x_wconf 90' lang='lat' dir='ltr'><strong>aut</strong></span> <span class='ocrx_word' id='word_1_173' title='bbox 350 1555 402 1596; x_wconf 91' lang='lat' dir='ltr'><strong>ad</strong></span> <span class='ocrx_word' id='word_1_174' title='bbox 423 1555 692 1596; x_wconf 87' lang='lat' dir='ltr'><strong>scribendum</strong></span> <span class='ocrx_word' id='word_1_175' title='bbox 714 1554 943 1605; x_wconf 86' lang='lat' dir='ltr'><strong>difficilem,</strong></span> <span class='ocrx_word' id='word_1_176' title='bbox 964 1562 1038 1596; x_wconf 85' lang='lat' dir='ltr'><strong>aut</strong></span> <span class='ocrx_word' id='word_1_177' title='bbox 1055 1553 1110 1595; x_wconf 91' lang='lat' dir='ltr'><strong>ad</strong></span> <span class='ocrx_word' id='word_1_178' title='bbox 1130 1552 1460 1608; x_wconf 82' lang='lat' dir='ltr'><strong>excogitandum</strong></span> <span class='ocrx_word' id='word_1_179' title='bbox 1482 1566 1549 1593; x_wconf 88' lang='lat' dir='ltr'><strong>re-</strong></span> 
     </span>
     <span class='ocr_line' id='line_1_25' title="bbox 106 1607 1553 1668; baseline -0.001 -17"><span class='ocrx_word' id='word_1_180' title='bbox 106 1611 338 1653; x_wconf 86' lang='lat' dir='ltr'><strong>conditam.</strong></span> <span class='ocrx_word' id='word_1_181' title='bbox 368 1627 463 1668; x_wconf 86' lang='lat' dir='ltr'><strong>quae</strong></span> <span class='ocrx_word' id='word_1_182' title='bbox 493 1612 561 1653; x_wconf 84' lang='lat' dir='ltr'><strong>lex</strong></span> <span class='ocrx_word' id='word_1_183' title='bbox 588 1612 732 1668; x_wconf 88' lang='lat' dir='ltr'><strong>paucis</strong></span> <span class='ocrx_word' id='word_1_184' title='bbox 764 1612 829 1653; x_wconf 89' lang='lat' dir='ltr'><strong>his</strong></span> <span class='ocrx_word' id='word_1_185' title='bbox 859 1611 977 1652; x_wconf 88' lang='lat' dir='ltr'><strong>annis</strong></span> <span class='ocrx_word' id='word_1_186' title='bbox 1008 1625 1093 1652; x_wconf 91' lang='lat' dir='ltr'><strong>non</strong></span> <span class='ocrx_word' id='word_1_187' title='bbox 1124 1609 1255 1651; x_wconf 90' lang='lat' dir='ltr'><strong>modo</strong></span> <span class='ocrx_word' id='word_1_188' title='bbox 1286 1609 1456 1665; x_wconf 88' lang='lat' dir='ltr'><strong>scripta,</strong></span> <span class='ocrx_word' id='word_1_189' title='bbox 1477 1607 1553 1650; x_wconf 90' lang='lat' dir='ltr'><strong>sed</strong></span> 
     </span>
     <span class='ocr_line' id='line_1_26' title="bbox 107 1667 480 1710; baseline 0.003 -2"><span class='ocrx_word' id='word_1_190' title='bbox 107 1667 236 1709; x_wconf 86' lang='lat' dir='ltr'><strong>etiam</strong></span> <span class='ocrx_word' id='word_1_191' title='bbox 254 1669 340 1710; x_wconf 91' lang='lat' dir='ltr'><strong>lata</strong></span> <span class='ocrx_word' id='word_1_192' title='bbox 357 1676 480 1710; x_wconf 90' lang='lat' dir='ltr'><strong>esset.</strong></span> 
     </span>
    </p>

    <p class='ocr_par' dir='ltr' id='par_1_8' title="bbox 111 1720 1552 1821">
     <span class='ocr_line' id='line_1_27' title="bbox 165 1720 1552 1788; baseline -0.001 -24"><span class='ocrx_word' id='word_1_193' title='bbox 165 1724 216 1788; x_wconf 45' lang='lat' dir='ltr'><strong>I·n</strong></span> <span class='ocrx_word' id='word_1_194' title='bbox 245 1739 330 1779; x_wconf 94' lang='lat' dir='ltr'><strong>quo</strong></span> <span class='ocrx_word' id='word_1_195' title='bbox 354 1739 452 1766; x_wconf 90' lang='lat' dir='ltr'><strong>cum</strong></span> <span class='ocrx_word' id='word_1_196' title='bbox 473 1724 609 1766; x_wconf 90' lang='lat' dir='ltr'><strong>multa</strong></span> <span class='ocrx_word' id='word_1_197' title='bbox 628 1723 877 1780; x_wconf 85' lang='lat' dir='ltr'><strong>reprehensa</strong></span> <span class='ocrx_word' id='word_1_198' title='bbox 897 1723 995 1774; x_wconf 88' lang='lat' dir='ltr'><strong>sint,</strong></span> <span class='ocrx_word' id='word_1_199' title='bbox 1016 1732 1108 1764; x_wconf 86' lang='lat' dir='ltr'><strong>tum</strong></span> <span class='ocrx_word' id='word_1_200' title='bbox 1130 1722 1173 1764; x_wconf 89' lang='lat' dir='ltr'><strong>in</strong></span> <span class='ocrx_word' id='word_1_201' title='bbox 1193 1721 1340 1778; x_wconf 87' lang='lat' dir='ltr'><strong>primis</strong></span> <span class='ocrx_word' id='word_1_202' title='bbox 1361 1720 1552 1763; x_wconf 88' lang='lat' dir='ltr'><strong>celeritas</strong></span> 
     </span>
     <span class='ocr_line' id='line_1_28' title="bbox 111 1781 304 1821; baseline 0.005 -1"><span class='ocrx_word' id='word_1_203' title='bbox 111 1781 304 1821; x_wconf 81' lang='lat' dir='ltr'><strong>actionis.</strong></span> 
     </span>
    </p>

    <p class='ocr_par' dir='ltr' id='par_1_9' title="bbox 110 1835 1550 1935">
     <span class='ocr_line' id='line_1_29' title="bbox 168 1835 1550 1892; baseline -0.001 -15"><span class='ocrx_word' id='word_1_204' title='bbox 168 1837 316 1878; x_wconf 89' lang='lat' dir='ltr'><strong>Petivit</strong></span> <span class='ocrx_word' id='word_1_205' title='bbox 335 1845 476 1878; x_wconf 89' lang='lat' dir='ltr'><strong>tamen</strong></span> <span class='ocrx_word' id='word_1_206' title='bbox 497 1852 522 1878; x_wconf 91' lang='lat' dir='ltr'><strong>a</strong></span> <span class='ocrx_word' id='word_1_207' title='bbox 540 1851 610 1878; x_wconf 91' lang='lat' dir='ltr'><strong>me</strong></span> <span class='ocrx_word' id='word_1_208' title='bbox 629 1846 810 1892; x_wconf 79' lang='lat' dir='ltr'><strong>praetore</strong></span> <span class='ocrx_word' id='word_1_209' title='bbox 832 1837 1015 1877; x_wconf 87' lang='lat' dir='ltr'><strong>maxima</strong></span> <span class='ocrx_word' id='word_1_210' title='bbox 1036 1835 1361 1887; x_wconf 88' lang='lat' dir='ltr'><strong>contestatione,</strong></span> <span class='ocrx_word' id='word_1_211' title='bbox 1379 1843 1428 1876; x_wconf 87' lang='lat' dir='ltr'><strong>ut</strong></span> <span class='ocrx_word' id='word_1_212' title='bbox 1449 1849 1550 1876; x_wconf 86' lang='lat' dir='ltr'><strong>cau-</strong></span> 
     </span>
     <span class='ocr_line' id='line_1_30' title="bbox 110 1892 699 1935; baseline 0.002 -2"><span class='ocrx_word' id='word_1_213' title='bbox 110 1906 202 1934; x_wconf 87' lang='lat' dir='ltr'><strong>sam</strong></span> <span class='ocrx_word' id='word_1_214' title='bbox 224 1893 396 1935; x_wconf 90' lang='lat' dir='ltr'><strong>Manilii</strong></span> <span class='ocrx_word' id='word_1_215' title='bbox 417 1892 699 1935; x_wconf 86' lang='lat' dir='ltr'><strong>defenderem.</strong></span> 
     </span>
    </p>
   </div>
   <div class='ocr_carea' id='block_1_6' title="bbox 438 1980 1225 2104">
    <p class='ocr_par' dir='ltr' id='par_1_10' title="bbox 438 1980 1225 2104">
     <span class='ocr_line' id='line_1_31' title="bbox 438 1980 1225 2024; baseline -0.004 0"><span class='ocrx_word' id='word_1_216' title='bbox 438 1983 633 2024; x_wconf 81' lang='lat' dir='ltr'>VERSU</span> <span class='ocrx_word' id='word_1_217' title='bbox 666 1984 709 2024; x_wconf 93' lang='lat' dir='ltr'>A</span> <span class='ocrx_word' id='word_1_218' title='bbox 740 1981 929 2024; x_wconf 89' lang='lat' dir='ltr'><strong>PRIMO</strong></span> <span class='ocrx_word' id='word_1_219' title='bbox 959 1980 1225 2023; x_wconf 91' lang='lat' dir='ltr'><strong>DCCCCL.</strong></span> 
     </span>
     <span class='ocr_line' id='line_1_32' title="bbox 441 2059 1224 2104; baseline -0.003 -1"><span class='ocrx_word' id='word_1_220' title='bbox 441 2061 560 2103; x_wconf 82' lang='lat' dir='ltr'><strong>Dicit</strong></span> <span class='ocrx_word' id='word_1_221' title='bbox 580 2062 628 2104; x_wconf 81' lang='lat' dir='ltr'><strong>de</strong></span> <span class='ocrx_word' id='word_1_222' title='bbox 648 2062 782 2104; x_wconf 84' lang='lat' dir='ltr'><strong>eodem</strong></span> <span class='ocrx_word' id='word_1_223' title='bbox 799 2059 977 2103; x_wconf 78' lang='lat' dir='ltr'><strong>Manilii</strong></span> <span class='ocrx_word' id='word_1_224' title='bbox 995 2060 1224 2102; x_wconf 73' lang='lat' dir='ltr'><strong>tribunatu.</strong></span> 
     </span>
    </p>
   </div>
   <div class='ocr_carea' id='block_1_7' title="bbox 114 2137 1556 2366">
    <p class='ocr_par' dir='ltr' id='par_1_11' title="bbox 114 2137 1556 2366">
     <span class='ocr_line' id='line_1_33' title="bbox 167 2137 1553 2197; baseline -0.001 -16"><span class='ocrx_word' id='word_1_225' title='bbox 167 2140 282 2181; x_wconf 90' lang='lat' dir='ltr'><strong>Nam</strong></span> <span class='ocrx_word' id='word_1_226' title='bbox 315 2154 413 2181; x_wconf 91' lang='lat' dir='ltr'><strong>cum</strong></span> <span class='ocrx_word' id='word_1_227' title='bbox 439 2140 473 2181; x_wconf 89' lang='lat' dir='ltr'><strong>is</strong></span> <span class='ocrx_word' id='word_1_228' title='bbox 501 2140 696 2182; x_wconf 84' lang='lat' dir='ltr'><strong>tribunus</strong></span> <span class='ocrx_word' id='word_1_229' title='bbox 722 2139 858 2197; x_wconf 89' lang='lat' dir='ltr'><strong>plebis</strong></span> <span class='ocrx_word' id='word_1_230' title='bbox 878 2139 982 2182; x_wconf 88' lang='lat' dir='ltr'><strong>duas</strong></span> <span class='ocrx_word' id='word_1_231' title='bbox 1003 2139 1123 2195; x_wconf 91' lang='lat' dir='ltr'><strong>leges</strong></span> <span class='ocrx_word' id='word_1_232' title='bbox 1143 2138 1310 2181; x_wconf 87' lang='lat' dir='ltr'><strong>tulisset</strong></span> <span class='ocrx_word' id='word_1_233' title='bbox 1330 2137 1373 2178; x_wconf 90' lang='lat' dir='ltr'><strong>in</strong></span> <span class='ocrx_word' id='word_1_234' title='bbox 1390 2151 1442 2179; x_wconf 88' lang='lat' dir='ltr'><strong>eo</strong></span> <span class='ocrx_word' id='word_1_235' title='bbox 1461 2152 1553 2180; x_wconf 88' lang='lat' dir='ltr'><strong>ma—</strong></span> 
     </span>
     <span class='ocr_line' id='line_1_34' title="bbox 116 2194 1554 2253; baseline -0.001 -15"><span class='ocrx_word' id='word_1_236' title='bbox 116 2196 313 2252; x_wconf 87' lang='lat' dir='ltr'><strong>gistratu,</strong></span> <span class='ocrx_word' id='word_1_237' title='bbox 343 2211 469 2238; x_wconf 86' lang='lat' dir='ltr'><strong>unam</strong></span> <span class='ocrx_word' id='word_1_238' title='bbox 500 2197 794 2253; x_wconf 89' lang='lat' dir='ltr'><strong>perniciosam,</strong></span> <span class='ocrx_word' id='word_1_239' title='bbox 815 2197 992 2239; x_wconf 85' lang='lat' dir='ltr'><strong>alteram</strong></span> <span class='ocrx_word' id='word_1_240' title='bbox 1022 2196 1271 2252; x_wconf 87' lang='lat' dir='ltr'><strong>egregiam:</strong></span> <span class='ocrx_word' id='word_1_241' title='bbox 1303 2194 1418 2251; x_wconf 93' lang='lat' dir='ltr'><strong>quod</strong></span> <span class='ocrx_word' id='word_1_242' title='bbox 1439 2210 1554 2236; x_wconf 90' lang='lat' dir='ltr'><strong>sum-</strong></span> 
     </span>
     <span class='ocr_line' id='line_1_35' title="bbox 114 2251 1556 2310; baseline -0.001 -17"><span class='ocrx_word' id='word_1_243' title='bbox 114 2267 228 2294; x_wconf 91' lang='lat' dir='ltr'><strong>mam</strong></span> <span class='ocrx_word' id='word_1_244' title='bbox 259 2253 565 2308; x_wconf 85' lang='lat' dir='ltr'><strong>rempublicam</strong></span> <span class='ocrx_word' id='word_1_245' title='bbox 595 2254 719 2306; x_wconf 81' lang='lat' dir='ltr'><strong>laesit,</strong></span> <span class='ocrx_word' id='word_1_246' title='bbox 749 2253 794 2295; x_wconf 88' lang='lat' dir='ltr'><strong>id</strong></span> <span class='ocrx_word' id='word_1_247' title='bbox 824 2254 878 2295; x_wconf 88' lang='lat' dir='ltr'><strong>ab</strong></span> <span class='ocrx_word' id='word_1_248' title='bbox 910 2253 1003 2310; x_wconf 91' lang='lat' dir='ltr'><strong>ipso</strong></span> <span class='ocrx_word' id='word_1_249' title='bbox 1031 2252 1203 2294; x_wconf 88' lang='lat' dir='ltr'><strong>tribuno</strong></span> <span class='ocrx_word' id='word_1_250' title='bbox 1236 2251 1451 2309; x_wconf 87' lang='lat' dir='ltr'><strong>abjectum</strong></span> <span class='ocrx_word' id='word_1_251' title='bbox 1478 2262 1556 2293; x_wconf 85' lang='lat' dir='ltr'><strong>est.</strong></span> 
     </span>
     <span class='ocr_line' id='line_1_36' title="bbox 115 2309 1100 2366; baseline 0 -17"><span class='ocrx_word' id='word_1_252' title='bbox 115 2309 276 2350; x_wconf 93' lang='lat' dir='ltr'><strong>bonum</strong></span> <span class='ocrx_word' id='word_1_253' title='bbox 296 2319 438 2352; x_wconf 89' lang='lat' dir='ltr'><strong>autem</strong></span> <span class='ocrx_word' id='word_1_254' title='bbox 459 2310 502 2351; x_wconf 85' lang='lat' dir='ltr'><strong>in</strong></span> <span class='ocrx_word' id='word_1_255' title='bbox 524 2325 690 2352; x_wconf 89' lang='lat' dir='ltr'><strong>summa</strong></span> <span class='ocrx_word' id='word_1_256' title='bbox 707 2310 924 2366; x_wconf 90' lang='lat' dir='ltr'><strong>republica</strong></span> <span class='ocrx_word' id='word_1_257' title='bbox 943 2317 1100 2351; x_wconf 90' lang='lat' dir='ltr'><strong>manet.</strong></span> 
     </span>
    </p>
   </div>
   <div class='ocr_carea' id='block_1_8' title="bbox 395 2396 1274 2455">
    <p class='ocr_par' dir='ltr' id='par_1_12' title="bbox 395 2396 1274 2455">
     <span class='ocr_line' id='line_1_37' title="bbox 395 2396 1274 2455; baseline -0.003 -14"><span class='ocrx_word' id='word_1_258' title='bbox 395 2399 512 2441; x_wconf 84' lang='lat' dir='ltr'><strong>Dicit</strong></span> <span class='ocrx_word' id='word_1_259' title='bbox 533 2400 582 2442; x_wconf 83' lang='lat' dir='ltr'><strong>de</strong></span> <span class='ocrx_word' id='word_1_260' title='bbox 601 2399 829 2442; x_wconf 80' lang='lat' dir='ltr'><strong>disturbato</strong></span> <span class='ocrx_word' id='word_1_261' title='bbox 839 2399 999 2455; x_wconf 83' lang='lat' dir='ltr'><strong>judicio</strong></span> <span class='ocrx_word' id='word_1_262' title='bbox 1021 2396 1274 2441; x_wconf 79' lang='lat' dir='ltr'><strong>Maniliano.</strong></span> 
     </span>
    </p>
   </div>
   <div class='ocr_carea' id='block_1_9' title="bbox 93 2475 1558 2705">
    <p class='ocr_par' dir='ltr' id='par_1_13' title="bbox 93 2475 1558 2705">
     <span class='ocr_line' id='line_1_38' title="bbox 171 2475 1558 2535; baseline -0.001 -16"><span class='ocrx_word' id='word_1_263' title='bbox 171 2476 281 2519; x_wconf 90' lang='lat' dir='ltr'><strong>Aliis</strong></span> <span class='ocrx_word' id='word_1_264' title='bbox 310 2477 381 2519; x_wconf 91' lang='lat' dir='ltr'><strong>ille</strong></span> <span class='ocrx_word' id='word_1_265' title='bbox 409 2478 452 2520; x_wconf 90' lang='lat' dir='ltr'><strong>in</strong></span> <span class='ocrx_word' id='word_1_266' title='bbox 481 2479 604 2522; x_wconf 86' lang='lat' dir='ltr'><strong>illum</strong></span> <span class='ocrx_word' id='word_1_267' title='bbox 634 2479 820 2521; x_wconf 90' lang='lat' dir='ltr'><strong>furorem</strong></span> <span class='ocrx_word' id='word_1_268' title='bbox 852 2479 1019 2535; x_wconf 89' lang='lat' dir='ltr'><strong>magnis</strong></span> <span class='ocrx_word' id='word_1_269' title='bbox 1049 2477 1294 2519; x_wconf 90' lang='lat' dir='ltr'><strong>hominibus</strong></span> <span class='ocrx_word' id='word_1_270' title='bbox 1314 2475 1558 2518; x_wconf 88' lang='lat' dir='ltr'><strong>auctoribus</strong></span> 
     </span>
     <span class='ocr_line' id='line_1_39' title="bbox 114 2533 1557 2593; baseline -0.001 -18"><span class='ocrx_word' id='word_1_271' title='bbox 114 2533 323 2590; x_wconf 87' lang='lat' dir='ltr'><strong>impulsus</strong></span> <span class='ocrx_word' id='word_1_272' title='bbox 352 2543 431 2586; x_wconf 87' lang='lat' dir='ltr'><strong>est,</strong></span> <span class='ocrx_word' id='word_1_273' title='bbox 450 2536 523 2592; x_wconf 90' lang='lat' dir='ltr'><strong>qui</strong></span> <span class='ocrx_word' id='word_1_274' title='bbox 547 2536 721 2593; x_wconf 88' lang='lat' dir='ltr'><strong>aliquod</strong></span> <span class='ocrx_word' id='word_1_275' title='bbox 739 2536 902 2578; x_wconf 86' lang='lat' dir='ltr'><strong>institui</strong></span> <span class='ocrx_word' id='word_1_276' title='bbox 922 2535 1162 2591; x_wconf 84' lang='lat' dir='ltr'><strong>exemplum</strong></span> <span class='ocrx_word' id='word_1_277' title='bbox 1184 2533 1557 2576; x_wconf 89' lang='lat' dir='ltr'><strong>disturbandorum</strong></span> 
     </span>
     <span class='ocr_line' id='line_1_40' title="bbox 110 2588 1558 2648; baseline -0.002 -16"><span class='ocrx_word' id='word_1_278' title='bbox 110 2590 371 2648; x_wconf 86' lang='lat' dir='ltr'><strong>judiciorum</strong></span> <span class='ocrx_word' id='word_1_279' title='bbox 402 2592 818 2647; x_wconf 87' lang='lat' dir='ltr'><strong>perniciosissimum,</strong></span> <span class='ocrx_word' id='word_1_280' title='bbox 847 2592 1112 2648; x_wconf 88' lang='lat' dir='ltr'><strong>temporibus</strong></span> <span class='ocrx_word' id='word_1_281' title='bbox 1143 2592 1228 2633; x_wconf 87' lang='lat' dir='ltr'><strong>suis</strong></span> <span class='ocrx_word' id='word_1_282' title='bbox 1259 2588 1558 2631; x_wconf 87' lang='lat' dir='ltr'><strong>accommoda-</strong></span> 
     </span>
     <span class='ocr_line' id='line_1_41' title="bbox 93 2647 1318 2705; baseline -0.002 -16"><span class='ocrx_word' id='word_1_283' title='bbox 93 2666 95 2669; x_wconf 93' lang='lat'>·</span> <span class='ocrx_word' id='word_1_284' title='bbox 115 2647 345 2700; x_wconf 86' lang='lat' dir='ltr'><strong>tissimum,</strong></span> <span class='ocrx_word' id='word_1_285' title='bbox 365 2647 469 2690; x_wconf 86' lang='lat' dir='ltr'><strong>meis</strong></span> <span class='ocrx_word' id='word_1_286' title='bbox 488 2649 790 2692; x_wconf 88' lang='lat' dir='ltr'><strong>alienissimum</strong></span> <span class='ocrx_word' id='word_1_287' title='bbox 810 2650 1060 2701; x_wconf 84' lang='lat' dir='ltr'><strong>rationibus,</strong></span> <span class='ocrx_word' id='word_1_288' title='bbox 1080 2648 1318 2705; x_wconf 87' lang='lat' dir='ltr'><strong>cupierunt.</strong></span> 
     </span>
    </p>
   </div>
   <div class='ocr_carea' id='block_1_10' title="bbox 590 2737 1090 2782">
    <p class='ocr_par' dir='ltr' id='par_1_14' title="bbox 590 2737 1090 2782">
     <span class='ocr_line' id='line_1_42' title="bbox 590 2737 1090 2782; baseline -0.006 0"><span class='ocrx_word' id='word_1_289' title='bbox 590 2739 785 2782; x_wconf 89' lang='lat' dir='ltr'>VERSU</span> <span class='ocrx_word' id='word_1_290' title='bbox 819 2738 935 2780; x_wconf 88' lang='lat' dir='ltr'><strong>CIR.</strong></span> <span class='ocrx_word' id='word_1_291' title='bbox 968 2737 1090 2780; x_wconf 89' lang='lat' dir='ltr'><strong>CXI.</strong></span> 
     </span>
    </p>
   </div>
   <div class='ocr_carea' id='block_1_11' title="bbox 177 2812 1560 2930">
    <p class='ocr_par' dir='ltr' id='par_1_15' title="bbox 177 2812 1560 2930">
     <span class='ocr_line' id='line_1_43' title="bbox 177 2812 1560 2871; baseline -0.002 -14"><span class='ocrx_word' id='word_1_292' title='bbox 177 2815 352 2859; x_wconf 86' lang='lat' dir='ltr'><strong>Possum</strong></span> <span class='ocrx_word' id='word_1_293' title='bbox 392 2815 551 2869; x_wconf 85' lang='lat' dir='ltr'><strong>dicere,</strong></span> <span class='ocrx_word' id='word_1_294' title='bbox 583 2815 800 2860; x_wconf 83' lang='lat' dir='ltr'><strong>hominem</strong></span> <span class='ocrx_word' id='word_1_295' title='bbox 841 2831 1007 2859; x_wconf 90' lang='lat' dir='ltr'><strong>summa</strong></span> <span class='ocrx_word' id='word_1_296' title='bbox 1045 2814 1267 2871; x_wconf 87' lang='lat' dir='ltr'><strong>prudentia</strong></span> <span class='ocrx_word' id='word_1_297' title='bbox 1305 2812 1467 2855; x_wconf 82' lang='lat' dir='ltr'><strong>clarum</strong></span> <span class='ocrx_word' id='word_1_298' title='bbox 1506 2813 1560 2855; x_wconf 88' lang='lat' dir='ltr'><strong>C.</strong></span> 
     </span>
     <span class='ocr_line' id='line_1_44' title="bbox 815 2886 940 2930; baseline 0.016 -16"><span class='ocrx_word' id='word_1_299' title='bbox 815 2887 839 2930; x_wconf 84' lang='lat'>3</span> <span class='ocrx_word' id='word_1_300' title='bbox 867 2887 892 2914; x_wconf 88' lang='lat'><strong>1.</strong></span> <span class='ocrx_word' id='word_1_301' title='bbox 918 2886 940 2916; x_wconf 84' lang='lat'>2</span> 
     </span>
    </p>
   </div>
  </div>
 </body>
</html>
