<?xml version="1.0" encoding="UTF-8"?>
<!DOCTYPE html PUBLIC "-//W3C//DTD XHTML 1.0 Transitional//EN"
    "http://www.w3.org/TR/xhtml1/DTD/xhtml1-transitional.dtd">
<html xmlns="http://www.w3.org/1999/xhtml" xml:lang="en" lang="en">
 <head>
  <title>
</title>
<meta http-equiv="Content-Type" content="text/html;charset=utf-8" />
  <meta name='ocr-system' content='tesseract 3.04.00' />
  <meta name='ocr-capabilities' content='ocr_page ocr_carea ocr_par ocr_line ocrx_word'/>
</head>
<body>
  <div class='ocr_page' id='page_1' title='image "./p2operaomnia04ciceuoft_0038.png"; bbox 0 0 1844 3202; ppageno 0'>
   <div class='ocr_carea' id='block_1_1' title="bbox 196 84 1779 1604">
    <p class='ocr_par' dir='ltr' id='par_1_1' title="bbox 312 84 1754 531">
     <span class='ocr_line' id='line_1_1' title="bbox 327 84 1230 124; baseline 0.001 -2"><span class='ocrx_word' id='word_1_1' title='bbox 327 86 406 123; x_wconf 89' lang='lat'><em>650</em></span> <span class='ocrx_word' id='word_1_2' title='bbox 850 85 926 124; x_wconf 93' lang='lat' dir='ltr'><em>DE</em></span> <span class='ocrx_word' id='word_1_3' title='bbox 964 84 1230 123; x_wconf 89' lang='lat' dir='ltr'>LEGIBUS</span> 
     </span>
     <span class='ocr_line' id='line_1_2' title="bbox 325 189 1751 251; baseline 0.001 -20"><span class='ocrx_word' id='word_1_4' title='bbox 325 198 518 247; x_wconf 86' lang='lat' dir='ltr'><em>guranto,</em></span> <span class='ocrx_word' id='word_1_5' title='bbox 541 191 690 249; x_wconf 83' lang='lat' dir='ltr'><em>quique</em></span> <span class='ocrx_word' id='word_1_6' title='bbox 708 200 831 250; x_wconf 85' lang='lat' dir='ltr'><em>agent</em></span> <span class='ocrx_word' id='word_1_7' title='bbox 850 193 1094 246; x_wconf 85' lang='lat' dir='ltr'><em>rem-duelli,</em></span> <span class='ocrx_word' id='word_1_8' title='bbox 1117 194 1266 251; x_wconf 84' lang='lat' dir='ltr'><em>quique</em></span> <span class='ocrx_word' id='word_1_9' title='bbox 1282 191 1536 249; x_wconf 83' lang='lat' dir='ltr'><em>popularem,</em></span> <span class='ocrx_word' id='word_1_10' title='bbox 1559 197 1596 223; x_wconf 76' lang='lat'><em>⁵3</em></span> <span class='ocrx_word' id='word_1_11' title='bbox 1614 189 1751 247; x_wconf 75' lang='lat' dir='ltr'><em>auspi-</em></span> 
     </span>
     <span class='ocr_line' id='line_1_3' title="bbox 327 248 1750 306; baseline 0.002 -19"><span class='ocrx_word' id='word_1_12' title='bbox 327 248 433 288; x_wconf 85' lang='lat' dir='ltr'><em>cium</em></span> <span class='ocrx_word' id='word_1_13' title='bbox 465 258 756 304; x_wconf 82' lang='lat' dir='ltr'><em>proemonento,</em></span> <span class='ocrx_word' id='word_1_14' title='bbox 795 250 944 306; x_wconf 83' lang='lat' dir='ltr'><em>ollique</em></span> <span class='ocrx_word' id='word_1_15' title='bbox 982 250 1276 306; x_wconf 74' lang='lat' dir='ltr'><em>obtemperanto</em></span> <span class='ocrx_word' id='word_1_16' title='bbox 1297 267 1309 290; x_wconf 90' lang='lat'><em>:</em></span> <span class='ocrx_word' id='word_1_17' title='bbox 1365 250 1627 304; x_wconf 73' lang='lat' dir='ltr'><em>divorumque</em></span> <span class='ocrx_word' id='word_1_18' title='bbox 1666 248 1750 290; x_wconf 84' lang='lat' dir='ltr'><em>iras</em></span> 
     </span>
     <span class='ocr_line' id='line_1_4' title="bbox 328 304 1750 363; baseline 0 -17"><span class='ocrx_word' id='word_1_19' title='bbox 328 305 626 358; x_wconf 80' lang='lat' dir='ltr'><em>⁵⁴providento‚</em></span> <span class='ocrx_word' id='word_1_20' title='bbox 647 306 775 362; x_wconf 84' lang='lat' dir='ltr'><em>iisque</em></span> <span class='ocrx_word' id='word_1_21' title='bbox 801 314 1020 361; x_wconf 85' lang='lat' dir='ltr'><em>apparento</em></span> <span class='ocrx_word' id='word_1_22' title='bbox 1037 324 1049 348; x_wconf 86' lang='lat'><em>.-</em></span> <span class='ocrx_word' id='word_1_23' title='bbox 1082 306 1447 363; x_wconf 84' lang='lat' dir='ltr'><em>coeliquefulgura</em></span> <span class='ocrx_word' id='word_1_24' title='bbox 1468 315 1505 338; x_wconf 83' lang='lat'><em>5⁵</em></span> <span class='ocrx_word' id='word_1_25' title='bbox 1523 304 1750 360; x_wconf 79' lang='lat' dir='ltr'><em>regionibus</em></span> 
     </span>
     <span class='ocr_line' id='line_1_5' title="bbox 325 360 1752 419; baseline 0.001 -19"><span class='ocrx_word' id='word_1_26' title='bbox 325 360 430 401; x_wconf 84' lang='lat' dir='ltr'><em>ratis</em></span> <span class='ocrx_word' id='word_1_27' title='bbox 450 369 699 416; x_wconf 84' lang='lat' dir='ltr'><em>temperanto</em></span> <span class='ocrx_word' id='word_1_28' title='bbox 712 381 723 403; x_wconf 90' lang='lat'><em>:</em></span> <span class='ocrx_word' id='word_1_29' title='bbox 746 362 976 418; x_wconf 77' lang='lat' dir='ltr'><strong><em>urbemque,</em></strong></span> <span class='ocrx_word' id='word_1_30' title='bbox 993 371 1031 403; x_wconf 87' lang='lat' dir='ltr'><em>et</em></span> <span class='ocrx_word' id='word_1_31' title='bbox 1051 378 1185 419; x_wconf 86' lang='lat' dir='ltr'><em>agros,</em></span> <span class='ocrx_word' id='word_1_32' title='bbox 1207 370 1243 403; x_wconf 89' lang='lat' dir='ltr'><em>et</em></span> <span class='ocrx_word' id='word_1_33' title='bbox 1266 363 1416 416; x_wconf 84' lang='lat' dir='ltr'><em>templa</em></span> <span class='ocrx_word' id='word_1_34' title='bbox 1440 361 1611 403; x_wconf 80' lang='lat' dir='ltr'><em>liberata</em></span> <span class='ocrx_word' id='word_1_35' title='bbox 1631 369 1669 402; x_wconf 91' lang='lat' dir='ltr'><em>et</em></span> <span class='ocrx_word' id='word_1_36' title='bbox 1689 360 1752 416; x_wconf 79' lang='lat' dir='ltr'><em>ef-</em></span> 
     </span>
     <span class='ocr_line' id='line_1_6' title="bbox 312 416 1751 475; baseline 0.001 -17"><span class='ocrx_word' id='word_1_37' title='bbox 312 416 419 473; x_wconf 86' lang='lat' dir='ltr'><em>fata</em></span> <span class='ocrx_word' id='word_1_38' title='bbox 456 417 625 459; x_wconf 77' lang='lat' dir='ltr'><em>habento</em></span> <span class='ocrx_word' id='word_1_39' title='bbox 644 437 656 460; x_wconf 91' lang='lat'><em>.·</em></span> <span class='ocrx_word' id='word_1_40' title='bbox 702 433 874 475; x_wconf 81' lang='lat' dir='ltr'><em>quceque</em></span> <span class='ocrx_word' id='word_1_41' title='bbox 903 433 1036 475; x_wconf 85' lang='lat' dir='ltr'><em>augur</em></span> <span class='ocrx_word' id='word_1_42' title='bbox 1066 420 1233 474; x_wconf 84' lang='lat' dir='ltr'><em>injusta,</em></span> <span class='ocrx_word' id='word_1_43' title='bbox 1263 419 1440 473; x_wconf 79' lang='lat' dir='ltr'><em>nefasta,</em></span> <span class='ocrx_word' id='word_1_44' title='bbox 1471 418 1629 467; x_wconf 84' lang='lat' dir='ltr'><em>vitiosa,</em></span> <span class='ocrx_word' id='word_1_45' title='bbox 1659 417 1751 459; x_wconf 86' lang='lat' dir='ltr'><em>dira</em></span> 
     </span>
     <span class='ocr_line' id='line_1_7' title="bbox 328 472 1754 531; baseline 0 -17"><span class='ocrx_word' id='word_1_46' title='bbox 328 479 367 505; x_wconf 84' lang='lat'><em>⁵⁶</em></span> <span class='ocrx_word' id='word_1_47' title='bbox 384 472 585 529; x_wconf 69' lang='lat' dir='ltr'><em>defixerit,</em></span> <span class='ocrx_word' id='word_1_48' title='bbox 616 475 736 516; x_wconf 84' lang='lat' dir='ltr'><em>irrita</em></span> <span class='ocrx_word' id='word_1_49' title='bbox 768 483 803 511; x_wconf 83' lang='lat'><em>⁵7</em></span> <span class='ocrx_word' id='word_1_50' title='bbox 825 474 1056 531; x_wconf 82' lang='lat' dir='ltr'><em>infectaque</em></span> <span class='ocrx_word' id='word_1_51' title='bbox 1084 482 1224 516; x_wconf 85' lang='lat' dir='ltr'><em>sunto.-</em></span> <span class='ocrx_word' id='word_1_52' title='bbox 1271 475 1420 530; x_wconf 83' lang='lat' dir='ltr'><em>quique</em></span> <span class='ocrx_word' id='word_1_53' title='bbox 1448 489 1527 515; x_wconf 87' lang='lat' dir='ltr'><em>non</em></span> <span class='ocrx_word' id='word_1_54' title='bbox 1552 473 1754 528; x_wconf 83' lang='lat' dir='ltr'><em>paruerit,</em></span> 
     </span>
    </p>

    <p class='ocr_par' dir='ltr' id='par_1_2' title="bbox 282 521 1754 926">
     <span class='ocr_line' id='line_1_8' title="bbox 282 521 1751 586; baseline -0.001 -14"><span class='ocrx_word' id='word_1_55' title='bbox 282 521 317 576; x_wconf 83' lang='lat'><strong>9</strong></span> <span class='ocrx_word' id='word_1_56' title='bbox 330 538 367 562; x_wconf 75' lang='lat'><em>⁵8</em></span> <span class='ocrx_word' id='word_1_57' title='bbox 385 530 542 586; x_wconf 85' lang='lat' dir='ltr'><em>capital</em></span> <span class='ocrx_word' id='word_1_58' title='bbox 559 539 654 572; x_wconf 89' lang='lat' dir='ltr'><em>esto.</em></span> <span class='ocrx_word' id='word_1_59' title='bbox 686 531 912 581; x_wconf 84' lang='lat' dir='ltr'><em>Foederum,</em></span> <span class='ocrx_word' id='word_1_60' title='bbox 927 531 1056 586; x_wconf 81' lang='lat' dir='ltr'><em>pacis,</em></span> <span class='ocrx_word' id='word_1_61' title='bbox 1077 531 1186 581; x_wconf 79' lang='lat' dir='ltr'><em>belli,</em></span> <span class='ocrx_word' id='word_1_62' title='bbox 1207 531 1463 572; x_wconf 81' lang='lat' dir='ltr'><em>induciarum</em></span> <span class='ocrx_word' id='word_1_63' title='bbox 1484 537 1671 581; x_wconf 86' lang='lat' dir='ltr'><em>oratores,</em></span> <span class='ocrx_word' id='word_1_64' title='bbox 1675 529 1751 586; x_wconf 89' lang='lat' dir='ltr'><em>se—</em></span> 
     </span>
     <span class='ocr_line' id='line_1_9' title="bbox 328 587 1754 643; baseline 0 -16"><span class='ocrx_word' id='word_1_65' title='bbox 328 587 460 638; x_wconf 85' lang='lat' dir='ltr'><em>tiales,</em></span> <span class='ocrx_word' id='word_1_66' title='bbox 470 588 632 641; x_wconf 83' lang='lat' dir='ltr'><em>judices</em></span> <span class='ocrx_word' id='word_1_67' title='bbox 653 588 728 629; x_wconf 91' lang='lat' dir='ltr'><em>duo</em></span> <span class='ocrx_word' id='word_1_68' title='bbox 749 596 878 629; x_wconf 86' lang='lat' dir='ltr'><em>sunto.</em></span> <span class='ocrx_word' id='word_1_69' title='bbox 902 587 1006 628; x_wconf 75' lang='lat' dir='ltr'><em>bella</em></span> <span class='ocrx_word' id='word_1_70' title='bbox 1027 588 1288 643; x_wconf 85' lang='lat' dir='ltr'><em>disceptanto.</em></span> <span class='ocrx_word' id='word_1_71' title='bbox 1334 587 1546 643; x_wconf 81' lang='lat' dir='ltr'><em>Prodigia,</em></span> <span class='ocrx_word' id='word_1_72' title='bbox 1561 593 1754 640; x_wconf 84' lang='lat' dir='ltr'><em>portenta</em></span> 
     </span>
     <span class='ocr_line' id='line_1_10' title="bbox 326 641 1749 699; baseline 0.001 -16"><span class='ocrx_word' id='word_1_73' title='bbox 326 643 380 683; x_wconf 90' lang='lat' dir='ltr'><em>ad</em></span> <span class='ocrx_word' id='word_1_74' title='bbox 409 643 603 685; x_wconf 86' lang='lat' dir='ltr'><em>Etruscos</em></span> <span class='ocrx_word' id='word_1_75' title='bbox 640 652 679 685; x_wconf 90' lang='lat' dir='ltr'><em>et</em></span> <span class='ocrx_word' id='word_1_76' title='bbox 710 644 951 699; x_wconf 76' lang='lat' dir='ltr'><em>haruspices,</em></span> <span class='ocrx_word' id='word_1_77' title='bbox 985 653 1023 678; x_wconf 86' lang='lat'><em>⁵9</em></span> <span class='ocrx_word' id='word_1_78' title='bbox 1039 644 1073 684; x_wconf 86' lang='lat' dir='ltr'><em>si</em></span> <span class='ocrx_word' id='word_1_79' title='bbox 1101 651 1264 685; x_wconf 86' lang='lat' dir='ltr'><em>senatus</em></span> <span class='ocrx_word' id='word_1_80' title='bbox 1289 643 1478 698; x_wconf 84' lang='lat' dir='ltr'><em>jusserit,</em></span> <span class='ocrx_word' id='word_1_81' title='bbox 1508 641 1749 697; x_wconf 71' lang='lat' dir='ltr'><em>def&#39;erunto:</em></span> 
     </span>
     <span class='ocr_line' id='line_1_11' title="bbox 325 698 1753 756; baseline -0.001 -15"><span class='ocrx_word' id='word_1_82' title='bbox 325 705 366 731; x_wconf 80' lang='lat'><em>⁶0</em></span> <span class='ocrx_word' id='word_1_83' title='bbox 381 700 648 756; x_wconf 65' lang='lat' dir='ltr'><em>Etruriaeque</em></span> <span class='ocrx_word' id='word_1_84' title='bbox 671 701 873 756; x_wconf 76' lang='lat' dir='ltr'><em>principes</em></span> <span class='ocrx_word' id='word_1_85' title='bbox 900 699 1158 755; x_wconf 80' lang='lat' dir='ltr'><em>disciplinam</em></span> <span class='ocrx_word' id='word_1_86' title='bbox 1177 701 1352 741; x_wconf 78' lang='lat' dir='ltr'><em>docento.</em></span> <span class='ocrx_word' id='word_1_87' title='bbox 1413 706 1449 731; x_wconf 79' lang='lat'><em>61</em></span> <span class='ocrx_word' id='word_1_88' title='bbox 1473 698 1628 754; x_wconf 75' lang='lat' dir='ltr'><em>Quibus</em></span> <span class='ocrx_word' id='word_1_89' title='bbox 1648 698 1753 739; x_wconf 86' lang='lat' dir='ltr'><em>divis</em></span> 
     </span>
     <span class='ocr_line' id='line_1_12' title="bbox 325 754 1754 814; baseline 0 -18"><span class='ocrx_word' id='word_1_90' title='bbox 325 757 535 807; x_wconf 82' lang='lat' dir='ltr'><em>creverint,</em></span> <span class='ocrx_word' id='word_1_91' title='bbox 553 766 795 812; x_wconf 83' lang='lat' dir='ltr'><em>procuranto</em></span> <span class='ocrx_word' id='word_1_92' title='bbox 815 775 827 797; x_wconf 91' lang='lat'><em>.·</em></span> <span class='ocrx_word' id='word_1_93' title='bbox 860 757 1060 813; x_wconf 83' lang='lat' dir='ltr'><em>iidemque</em></span> <span class='ocrx_word' id='word_1_94' title='bbox 1065 757 1250 814; x_wconf 85' lang='lat' dir='ltr'><em>fulgura</em></span> <span class='ocrx_word' id='word_1_95' title='bbox 1271 765 1394 813; x_wconf 87' lang='lat' dir='ltr'><em>atque</em></span> <span class='ocrx_word' id='word_1_96' title='bbox 1414 762 1452 788; x_wconf 77' lang='lat'><em>62</em></span> <span class='ocrx_word' id='word_1_97' title='bbox 1469 754 1617 796; x_wconf 83' lang='lat' dir='ltr'><em>obstita</em></span> <span class='ocrx_word' id='word_1_98' title='bbox 1631 754 1754 810; x_wconf 86' lang='lat' dir='ltr'><em>pian-</em></span> 
     </span>
     <span class='ocr_line' id='line_1_13' title="bbox 325 810 1754 869; baseline -0.001 -16"><span class='ocrx_word' id='word_1_99' title='bbox 325 820 378 853; x_wconf 86' lang='lat' dir='ltr'><em>to.</em></span> <span class='ocrx_word' id='word_1_100' title='bbox 437 813 648 855; x_wconf 80' lang='lat' dir='ltr'><em>Nocturna</em></span> <span class='ocrx_word' id='word_1_101' title='bbox 673 813 888 855; x_wconf 82' lang='lat' dir='ltr'><em>mulierum</em></span> <span class='ocrx_word' id='word_1_102' title='bbox 914 813 1111 869; x_wconf 81' lang='lat' dir='ltr'><em>sacrificia</em></span> <span class='ocrx_word' id='word_1_103' title='bbox 1139 830 1188 855; x_wconf 85' lang='lat' dir='ltr'><em>ne</em></span> <span class='ocrx_word' id='word_1_104' title='bbox 1217 820 1347 864; x_wconf 87' lang='lat' dir='ltr'><em>sunto,</em></span> <span class='ocrx_word' id='word_1_105' title='bbox 1366 820 1520 868; x_wconf 83' lang='lat' dir='ltr'><em>praeter</em></span> <span class='ocrx_word' id='word_1_106' title='bbox 1540 810 1636 862; x_wconf 85' lang='lat' dir='ltr'><em>olla,</em></span> <span class='ocrx_word' id='word_1_107' title='bbox 1659 825 1754 867; x_wconf 82' lang='lat' dir='ltr'><em>quae</em></span> 
     </span>
     <span class='ocr_line' id='line_1_14' title="bbox 319 867 1750 926; baseline -0.001 -17"><span class='ocrx_word' id='word_1_108' title='bbox 319 879 394 923; x_wconf 90' lang='lat' dir='ltr'><em>pro</em></span> <span class='ocrx_word' id='word_1_109' title='bbox 412 869 559 924; x_wconf 86' lang='lat' dir='ltr'><em>populo</em></span> <span class='ocrx_word' id='word_1_110' title='bbox 581 871 659 911; x_wconf 88' lang='lat' dir='ltr'><em>rite</em></span> <span class='ocrx_word' id='word_1_111' title='bbox 663 870 781 926; x_wconf 84' lang='lat' dir='ltr'><em>fiant</em></span> <span class='ocrx_word' id='word_1_112' title='bbox 797 887 810 910; x_wconf 91' lang='lat'><em>.·</em></span> <span class='ocrx_word' id='word_1_113' title='bbox 842 886 938 912; x_wconf 86' lang='lat' dir='ltr'><em>neve</em></span> <span class='ocrx_word' id='word_1_114' title='bbox 958 885 1076 926; x_wconf 84' lang='lat' dir='ltr'><em>quem</em></span> <span class='ocrx_word' id='word_1_115' title='bbox 1096 870 1301 922; x_wconf 82' lang='lat' dir='ltr'><em>initianto,</em></span> <span class='ocrx_word' id='word_1_116' title='bbox 1322 869 1416 920; x_wconf 83' lang='lat' dir='ltr'><em>nisi,</em></span> <span class='ocrx_word' id='word_1_117' title='bbox 1436 876 1483 910; x_wconf 87' lang='lat' dir='ltr'><em>ut</em></span> <span class='ocrx_word' id='word_1_118' title='bbox 1505 867 1651 909; x_wconf 76' lang='lat' dir='ltr'><em>assolet</em></span> <span class='ocrx_word' id='word_1_119' title='bbox 1675 868 1750 908; x_wconf 87' lang='lat' dir='ltr'><em>Ce-</em></span> 
     </span>
    </p>

    <p class='ocr_par' dir='ltr' id='par_1_3' title="bbox 262 922 1779 982">
     <span class='ocr_line' id='line_1_15' title="bbox 262 922 1779 982; baseline -0.001 -16"><span class='ocrx_word' id='word_1_120' title='bbox 262 935 312 966; x_wconf 84' lang='lat'><em>22</em></span> <span class='ocrx_word' id='word_1_121' title='bbox 324 925 420 976; x_wconf 83' lang='lat' dir='ltr'><em>reri,</em></span> <span class='ocrx_word' id='word_1_122' title='bbox 454 926 599 967; x_wconf 79' lang='lat' dir='ltr'><em>Graeco</em></span> <span class='ocrx_word' id='word_1_123' title='bbox 628 942 755 968; x_wconf 80' lang='lat' dir='ltr'><em>sacro.</em></span> <span class='ocrx_word' id='word_1_124' title='bbox 816 927 984 968; x_wconf 80' lang='lat' dir='ltr'><em>Sacrum</em></span> <span class='ocrx_word' id='word_1_125' title='bbox 1009 927 1275 978; x_wconf 84' lang='lat' dir='ltr'><em>commissum,</em></span> <span class='ocrx_word' id='word_1_126' title='bbox 1305 927 1411 982; x_wconf 83' lang='lat' dir='ltr'><em>quod</em></span> <span class='ocrx_word' id='word_1_127' title='bbox 1438 940 1565 982; x_wconf 85' lang='lat' dir='ltr'><em>neque</em></span> <span class='ocrx_word' id='word_1_128' title='bbox 1593 922 1754 979; x_wconf 73' lang='lat' dir='ltr'><em>expiari</em></span> <span class='ocrx_word' id='word_1_129' title='bbox 1777 938 1779 940; x_wconf 88' lang='grc'><strong><em>·</em></strong></span> 
     </span>
    </p>

    <p class='ocr_par' dir='ltr' id='par_1_4' title="bbox 196 972 1753 1039">
     <span class='ocr_line' id='line_1_16' title="bbox 196 972 1753 1039; baseline 0 -19"><span class='ocrx_word' id='word_1_130' title='bbox 196 992 227 1020; x_wconf 81' lang='grc' dir='ltr'><em>Ρ·</em></span> <span class='ocrx_word' id='word_1_131' title='bbox 242 982 486 1036; x_wconf 75' lang='lat' dir='ltr'><em>17⁴·poterz‘t,</em></span> <span class='ocrx_word' id='word_1_132' title='bbox 507 989 545 1014; x_wconf 79' lang='lat'><em>68</em></span> <span class='ocrx_word' id='word_1_133' title='bbox 561 972 683 1037; x_wconf 85' lang='lat' dir='ltr'><em>impie</em></span> <span class='ocrx_word' id='word_1_134' title='bbox 701 982 952 1024; x_wconf 87' lang='lat' dir='ltr'><em>commissum</em></span> <span class='ocrx_word' id='word_1_135' title='bbox 973 991 1031 1023; x_wconf 85' lang='lat' dir='ltr'><em>est</em></span> <span class='ocrx_word' id='word_1_136' title='bbox 1047 1000 1059 1023; x_wconf 87' lang='lat'><em>.-</em></span> <span class='ocrx_word' id='word_1_137' title='bbox 1093 984 1199 1039; x_wconf 82' lang='lat' dir='ltr'><em>quod</em></span> <span class='ocrx_word' id='word_1_138' title='bbox 1224 983 1389 1038; x_wconf 76' lang='lat' dir='ltr'><em>expiari</em></span> <span class='ocrx_word' id='word_1_139' title='bbox 1407 982 1572 1038; x_wconf 87' lang='lat' dir='ltr'><em>poterit,</em></span> <span class='ocrx_word' id='word_1_140' title='bbox 1597 979 1753 1036; x_wconf 83' lang='lat' dir='ltr'><em>publici</em></span> 
     </span>
    </p>

    <p class='ocr_par' dir='ltr' id='par_1_5' title="bbox 285 1034 1754 1604">
     <span class='ocr_line' id='line_1_17' title="bbox 285 1034 1752 1095; baseline 0 -18"><span class='ocrx_word' id='word_1_141' title='bbox 285 1034 314 1055; x_wconf 69' lang='lat'><em>³·</em></span> <span class='ocrx_word' id='word_1_142' title='bbox 324 1039 546 1079; x_wconf 85' lang='lat' dir='ltr'><em>sacerdotes</em></span> <span class='ocrx_word' id='word_1_143' title='bbox 566 1038 771 1093; x_wconf 61' lang='lat' dir='ltr'><em>expianto.</em></span> <span class='ocrx_word' id='word_1_144' title='bbox 830 1039 960 1080; x_wconf 86' lang='lat' dir='ltr'><em>Ludis</em></span> <span class='ocrx_word' id='word_1_145' title='bbox 973 1038 1163 1093; x_wconf 82' lang='lat' dir='ltr'><em>puhlicis,</em></span> <span class='ocrx_word' id='word_1_146' title='bbox 1185 1046 1223 1072; x_wconf 82' lang='lat'><em>64</em></span> <span class='ocrx_word' id='word_1_147' title='bbox 1242 1040 1348 1095; x_wconf 79' lang='lat' dir='ltr'><em>quod</em></span> <span class='ocrx_word' id='word_1_148' title='bbox 1372 1039 1458 1080; x_wconf 86' lang='lat' dir='ltr'><em>sine</em></span> <span class='ocrx_word' id='word_1_149' title='bbox 1486 1036 1685 1079; x_wconf 85' lang='lat' dir='ltr'><em>curriculo</em></span> <span class='ocrx_word' id='word_1_150' title='bbox 1712 1045 1752 1086; x_wconf 84' lang='lat' dir='ltr'><em>et</em></span> 
     </span>
     <span class='ocr_line' id='line_1_18' title="bbox 323 1093 1752 1151; baseline -0.001 -17"><span class='ocrx_word' id='word_1_151' title='bbox 323 1093 408 1134; x_wconf 85' lang='lat' dir='ltr'><em>siue</em></span> <span class='ocrx_word' id='word_1_152' title='bbox 428 1094 648 1135; x_wconf 84' lang='lat' dir='ltr'><em>certatione</em></span> <span class='ocrx_word' id='word_1_153' title='bbox 672 1105 879 1150; x_wconf 87' lang='lat' dir='ltr'><em>corporum</em></span> <span class='ocrx_word' id='word_1_154' title='bbox 893 1094 1000 1151; x_wconf 82' lang='lat' dir='ltr'><em>fiat,</em></span> <span class='ocrx_word' id='word_1_155' title='bbox 1020 1095 1259 1150; x_wconf 81' lang='lat' dir='ltr'><em>popularem</em></span> <span class='ocrx_word' id='word_1_156' title='bbox 1284 1095 1477 1136; x_wconf 75' lang='lat' dir='ltr'><em>loetz‘tiam</em></span> <span class='ocrx_word' id='word_1_157' title='bbox 1503 1094 1547 1135; x_wconf 82' lang='lat' dir='ltr'><em>in</em></span> <span class='ocrx_word' id='word_1_158' title='bbox 1571 1100 1692 1134; x_wconf 88' lang='lat' dir='ltr'><em>cantu</em></span> <span class='ocrx_word' id='word_1_159' title='bbox 1713 1100 1752 1134; x_wconf 84' lang='lat' dir='ltr'><em>et</em></span> 
     </span>
     <span class='ocr_line' id='line_1_19' title="bbox 307 1149 1752 1207; baseline 0.001 -17"><span class='ocrx_word' id='word_1_160' title='bbox 307 1149 468 1205; x_wconf 85' lang='lat' dir='ltr'><em>fidibus</em></span> <span class='ocrx_word' id='word_1_161' title='bbox 497 1158 535 1191; x_wconf 82' lang='lat' dir='ltr'><em>et</em></span> <span class='ocrx_word' id='word_1_162' title='bbox 567 1151 677 1193; x_wconf 77' lang='lat' dir='ltr'><em>tibiis</em></span> <span class='ocrx_word' id='word_1_163' title='bbox 711 1151 957 1202; x_wconf 85' lang='lat' dir='ltr'><em>moderanto,</em></span> <span class='ocrx_word' id='word_1_164' title='bbox 989 1166 1157 1207; x_wconf 82' lang='lat' dir='ltr'><em>eamque</em></span> <span class='ocrx_word' id='word_1_165' title='bbox 1189 1167 1279 1193; x_wconf 85' lang='lat' dir='ltr'><em>cum</em></span> <span class='ocrx_word' id='word_1_166' title='bbox 1311 1151 1448 1192; x_wconf 64' lang='lat' dir='ltr'><em>divim</em></span> <span class='ocrx_word' id='word_1_167' title='bbox 1482 1151 1624 1192; x_wconf 77' lang='lat' dir='ltr'><em>honore</em></span> <span class='ocrx_word' id='word_1_168' title='bbox 1645 1150 1752 1204; x_wconf 84' lang='lat' dir='ltr'><em>jun-</em></span> 
     </span>
     <span class='ocr_line' id='line_1_20' title="bbox 317 1207 1752 1263; baseline 0 -16"><span class='ocrx_word' id='word_1_169' title='bbox 317 1214 461 1263; x_wconf 80' lang='lat' dir='ltr'><em>gunto.</em></span> <span class='ocrx_word' id='word_1_170' title='bbox 507 1208 580 1249; x_wconf 76' lang='lat' dir='ltr'><em>Ex</em></span> <span class='ocrx_word' id='word_1_171' title='bbox 594 1208 745 1263; x_wconf 86' lang='lat' dir='ltr'><em>patriis</em></span> <span class='ocrx_word' id='word_1_172' title='bbox 764 1208 910 1249; x_wconf 81' lang='lat' dir='ltr'><em>ritibus</em></span> <span class='ocrx_word' id='word_1_173' title='bbox 932 1215 1097 1263; x_wconf 87' lang='lat' dir='ltr'><em>optuma</em></span> <span class='ocrx_word' id='word_1_174' title='bbox 1117 1207 1287 1249; x_wconf 85' lang='lat' dir='ltr'><em>colunto.</em></span> <span class='ocrx_word' id='word_1_175' title='bbox 1332 1210 1494 1249; x_wconf 83' lang='lat' dir='ltr'><em>Proeter</em></span> <span class='ocrx_word' id='word_1_176' title='bbox 1514 1208 1643 1248; x_wconf 81' lang='lat' dir='ltr'><em>Idoeae</em></span> <span class='ocrx_word' id='word_1_177' title='bbox 1661 1221 1752 1247; x_wconf 87' lang='lat' dir='ltr'><em>ma-</em></span> 
     </span>
     <span class='ocr_line' id='line_1_21' title="bbox 322 1263 1752 1322; baseline 0.001 -19"><span class='ocrx_word' id='word_1_178' title='bbox 322 1263 397 1304; x_wconf 85' lang='lat' dir='ltr'><em>tris</em></span> <span class='ocrx_word' id='word_1_179' title='bbox 412 1263 618 1318; x_wconf 85' lang='lat' dir='ltr'><em>famulos,</em></span> <span class='ocrx_word' id='word_1_180' title='bbox 641 1280 782 1321; x_wconf 84' lang='lat' dir='ltr'><em>eosque</em></span> <span class='ocrx_word' id='word_1_181' title='bbox 798 1264 929 1320; x_wconf 84' lang='lat' dir='ltr'><em>justis</em></span> <span class='ocrx_word' id='word_1_182' title='bbox 958 1264 1110 1316; x_wconf 79' lang='lat' dir='ltr'><em>diebus,</em></span> <span class='ocrx_word' id='word_1_183' title='bbox 1129 1265 1269 1322; x_wconf 80' lang='lat' dir='ltr'><em>nequis</em></span> <span class='ocrx_word' id='word_1_184' title='bbox 1296 1265 1441 1320; x_wconf 83' lang='lat' dir='ltr'><em>stipem</em></span> <span class='ocrx_word' id='word_1_185' title='bbox 1469 1264 1613 1320; x_wconf 85' lang='lat' dir='ltr'><em>cogito.</em></span> <span class='ocrx_word' id='word_1_186' title='bbox 1674 1263 1752 1305; x_wconf 85' lang='lat' dir='ltr'><em>Su-</em></span> 
     </span>
     <span class='ocr_line' id='line_1_22' title="bbox 320 1321 1754 1378; baseline -0.001 -17"><span class='ocrx_word' id='word_1_187' title='bbox 320 1334 448 1371; x_wconf 85' lang='lat' dir='ltr'><em>crum,</em></span> <span class='ocrx_word' id='word_1_188' title='bbox 470 1327 508 1353; x_wconf 82' lang='lat'><em>6⁵</em></span> <span class='ocrx_word' id='word_1_189' title='bbox 523 1335 682 1362; x_wconf 81' lang='lat' dir='ltr'><em>sacrove</em></span> <span class='ocrx_word' id='word_1_190' title='bbox 706 1322 1026 1362; x_wconf 85' lang='lat' dir='ltr'><em>commendatum</em></span> <span class='ocrx_word' id='word_1_191' title='bbox 1049 1328 1087 1353; x_wconf 83' lang='lat'><em>⁶6</em></span> <span class='ocrx_word' id='word_1_192' title='bbox 1107 1321 1177 1378; x_wconf 85' lang='lat' dir='ltr'><em>qui</em></span> <span class='ocrx_word' id='word_1_193' title='bbox 1201 1321 1380 1376; x_wconf 84' lang='lat' dir='ltr'><em>cleperit,</em></span> <span class='ocrx_word' id='word_1_194' title='bbox 1406 1321 1629 1376; x_wconf 82' lang='lat' dir='ltr'><em>rapsitque‚</em></span> <span class='ocrx_word' id='word_1_195' title='bbox 1651 1329 1754 1374; x_wconf 86' lang='lat' dir='ltr'><em>par-</em></span> 
     </span>
     <span class='ocr_line' id='line_1_23' title="bbox 319 1375 1752 1433; baseline 0 -17"><span class='ocrx_word' id='word_1_196' title='bbox 319 1375 450 1418; x_wconf 88' lang='lat' dir='ltr'><em>ricida</em></span> <span class='ocrx_word' id='word_1_197' title='bbox 469 1385 565 1418; x_wconf 88' lang='lat' dir='ltr'><em>esto.</em></span> <span class='ocrx_word' id='word_1_198' title='bbox 623 1378 804 1433; x_wconf 75' lang='lat' dir='ltr'><em>Perjurii</em></span> <span class='ocrx_word' id='word_1_199' title='bbox 826 1388 950 1433; x_wconf 85' lang='lat' dir='ltr'><em>poena</em></span> <span class='ocrx_word' id='word_1_200' title='bbox 975 1377 1113 1419; x_wconf 81' lang='lat' dir='ltr'><em>divina</em></span> <span class='ocrx_word' id='word_1_201' title='bbox 1139 1379 1308 1420; x_wconf 77' lang='lat' dir='ltr'><em>exitium</em></span> <span class='ocrx_word' id='word_1_202' title='bbox 1322 1395 1339 1428; x_wconf 87' lang='lat'><em>,·</em></span> <span class='ocrx_word' id='word_1_203' title='bbox 1369 1378 1546 1418; x_wconf 79' lang='lat' dir='ltr'><em>humana</em></span> <span class='ocrx_word' id='word_1_204' title='bbox 1571 1375 1752 1417; x_wconf 86' lang='lat' dir='ltr'><em>dedecus.</em></span> 
     </span>
     <span class='ocr_line' id='line_1_24' title="bbox 320 1433 1752 1490; baseline 0 -17"><span class='ocrx_word' id='word_1_205' title='bbox 320 1433 521 1474; x_wconf 89' lang='lat' dir='ltr'><em>Incestum</em></span> <span class='ocrx_word' id='word_1_206' title='bbox 547 1434 757 1490; x_wconf 72' lang='lat' dir='ltr'><em>pontifices</em></span> <span class='ocrx_word' id='word_1_207' title='bbox 787 1444 966 1490; x_wconf 84' lang='lat' dir='ltr'><em>supremo</em></span> <span class='ocrx_word' id='word_1_208' title='bbox 998 1433 1191 1489; x_wconf 82' lang='lat' dir='ltr'><em>supplicio</em></span> <span class='ocrx_word' id='word_1_209' title='bbox 1222 1434 1448 1476; x_wconf 85' lang='lat' dir='ltr'><em>sanciunto.</em></span> <span class='ocrx_word' id='word_1_210' title='bbox 1507 1433 1663 1488; x_wconf 83' lang='lat' dir='ltr'><em>Impius</em></span> <span class='ocrx_word' id='word_1_211' title='bbox 1701 1447 1752 1473; x_wconf 88' lang='lat' dir='ltr'><em>ne</em></span> 
     </span>
     <span class='ocr_line' id='line_1_25' title="bbox 320 1489 1748 1545; baseline 0.001 -16"><span class='ocrx_word' id='word_1_212' title='bbox 320 1489 462 1530; x_wconf 87' lang='lat' dir='ltr'><em>audeto</em></span> <span class='ocrx_word' id='word_1_213' title='bbox 480 1489 648 1545; x_wconf 84' lang='lat' dir='ltr'><em>placare</em></span> <span class='ocrx_word' id='word_1_214' title='bbox 661 1490 774 1532; x_wconf 88' lang='lat' dir='ltr'><em>donis</em></span> <span class='ocrx_word' id='word_1_215' title='bbox 790 1491 895 1532; x_wconf 84' lang='lat' dir='ltr'><em>iram</em></span> <span class='ocrx_word' id='word_1_216' title='bbox 914 1492 1090 1532; x_wconf 87' lang='lat' dir='ltr'><em>deorum.</em></span> <span class='ocrx_word' id='word_1_217' title='bbox 1121 1493 1248 1532; x_wconf 86' lang='lat' dir='ltr'><em>Caute</em></span> <span class='ocrx_word' id='word_1_218' title='bbox 1263 1499 1355 1532; x_wconf 84' lang='lat' dir='ltr'><em>vota</em></span> <span class='ocrx_word' id='word_1_219' title='bbox 1371 1491 1579 1531; x_wconf 86' lang='lat' dir='ltr'><em>reddunto.</em></span> <span class='ocrx_word' id='word_1_220' title='bbox 1601 1496 1638 1526; x_wconf 86' lang='lat'><em>67</em></span> <span class='ocrx_word' id='word_1_221' title='bbox 1657 1490 1748 1530; x_wconf 86' lang='lat' dir='ltr'><em>Poe-</em></span> 
     </span>
     <span class='ocr_line' id='line_1_26' title="bbox 320 1545 1749 1604; baseline 0.001 -19"><span class='ocrx_word' id='word_1_222' title='bbox 320 1560 374 1586; x_wconf 86' lang='lat' dir='ltr'><em>na</em></span> <span class='ocrx_word' id='word_1_223' title='bbox 399 1545 540 1587; x_wconf 83' lang='lat' dir='ltr'><em>violati</em></span> <span class='ocrx_word' id='word_1_224' title='bbox 558 1547 672 1602; x_wconf 84' lang='lat' dir='ltr'><em>juris</em></span> <span class='ocrx_word' id='word_1_225' title='bbox 696 1555 790 1588; x_wconf 86' lang='lat' dir='ltr'><em>esto.</em></span> <span class='ocrx_word' id='word_1_226' title='bbox 850 1554 889 1579; x_wconf 81' lang='lat'><em>68</em></span> <span class='ocrx_word' id='word_1_227' title='bbox 909 1547 1103 1603; x_wconf 80' lang='lat' dir='ltr'><em>Quocirca</em></span> <span class='ocrx_word' id='word_1_228' title='bbox 1133 1563 1182 1589; x_wconf 90' lang='lat' dir='ltr'><em>ne</em></span> <span class='ocrx_word' id='word_1_229' title='bbox 1210 1547 1300 1604; x_wconf 85' lang='lat' dir='ltr'><em>quis</em></span> <span class='ocrx_word' id='word_1_230' title='bbox 1330 1563 1476 1604; x_wconf 83' lang='lat' dir='ltr'><em>agrum</em></span> <span class='ocrx_word' id='word_1_231' title='bbox 1507 1553 1749 1588; x_wconf 85' lang='lat' dir='ltr'><em>consecrato.</em></span> 
     </span>
    </p>
   </div>
   <div class='ocr_carea' id='block_1_2' title="bbox 318 1660 1791 2001">
    <p class='ocr_par' dir='ltr' id='par_1_6' title="bbox 318 1660 1791 2001">
     <span class='ocr_line' id='line_1_27' title="bbox 364 1660 1791 1703; baseline -0.002 -11"><span class='ocrx_word' id='word_1_232' title='bbox 364 1667 401 1692; x_wconf 74' lang='lat'><em>58</em></span> <span class='ocrx_word' id='word_1_233' title='bbox 425 1661 585 1701; x_wconf 82' lang='lat' dir='ltr'><em>auspicium</em></span> <span class='ocrx_word' id='word_1_234' title='bbox 604 1661 808 1701; x_wconf 83' lang='lat' dir='ltr'><em>praemonento]</em></span> <span class='ocrx_word' id='word_1_235' title='bbox 836 1663 887 1692; x_wconf 85' lang='lat' dir='ltr'><em>Sc.</em></span> <span class='ocrx_word' id='word_1_236' title='bbox 909 1672 1011 1693; x_wconf 88' lang='lat' dir='ltr'><em>sacer·</em></span> <span class='ocrx_word' id='word_1_237' title='bbox 1097 1668 1133 1693; x_wconf 84' lang='lat'><em>61</em></span> <span class='ocrx_word' id='word_1_238' title='bbox 1161 1661 1270 1693; x_wconf 79' lang='lat' dir='ltr'><em>Quibus</em></span> <span class='ocrx_word' id='word_1_239' title='bbox 1285 1661 1365 1691; x_wconf 79' lang='lat' dir='ltr'><em>divis</em></span> <span class='ocrx_word' id='word_1_240' title='bbox 1381 1660 1544 1703; x_wconf 72' lang='lat' dir='ltr'><em>creverint]</em></span> <span class='ocrx_word' id='word_1_241' title='bbox 1562 1671 1593 1692; x_wconf 80' lang='lat' dir='ltr'><em>v.</em></span> <span class='ocrx_word' id='word_1_242' title='bbox 1611 1660 1698 1691; x_wconf 84' lang='lat' dir='ltr'><em>Clav.</em></span> <span class='ocrx_word' id='word_1_243' title='bbox 1717 1660 1750 1690; x_wconf 77' lang='lat' dir='ltr'><em>in.</em></span> <span class='ocrx_word' id='word_1_244' title='bbox 1787 1687 1791 1689; x_wconf 70' lang='grc'><em>,</em></span> 
     </span>
     <span class='ocr_line' id='line_1_28' title="bbox 318 1705 1177 1745; baseline 0.002 -12"><span class='ocrx_word' id='word_1_245' title='bbox 318 1705 405 1733; x_wconf 83' lang='lat' dir='ltr'><em>dotes</em></span> <span class='ocrx_word' id='word_1_246' title='bbox 430 1714 482 1734; x_wconf 90' lang='lat' dir='ltr'><em>eos</em></span> <span class='ocrx_word' id='word_1_247' title='bbox 509 1712 738 1744; x_wconf 82' lang='lat' dir='ltr'><em>praemoneant‚</em></span> <span class='ocrx_word' id='word_1_248' title='bbox 761 1713 932 1745; x_wconf 81' lang='lat' dir='ltr'><em>antequam</em></span> <span class='ocrx_word' id='word_1_249' title='bbox 955 1705 1011 1735; x_wconf 75' lang='lat' dir='ltr'><em>ali·</em></span> <span class='ocrx_word' id='word_1_250' title='bbox 1055 1716 1177 1735; x_wconf 82' lang='lat' dir='ltr'><em>cernere.</em></span> 
     </span>
     <span class='ocr_line' id='line_1_29' title="bbox 319 1745 1741 1788; baseline -0.001 -11"><span class='ocrx_word' id='word_1_251' title='bbox 319 1747 395 1786; x_wconf 87' lang='lat' dir='ltr'><em>quid</em></span> <span class='ocrx_word' id='word_1_252' title='bbox 409 1753 515 1786; x_wconf 85' lang='lat' dir='ltr'><em>agant,</em></span> <span class='ocrx_word' id='word_1_253' title='bbox 532 1758 597 1787; x_wconf 93' lang='lat' dir='ltr'><em>quo</em></span> <span class='ocrx_word' id='word_1_254' title='bbox 612 1749 753 1788; x_wconf 87' lang='lat' dir='ltr'><em>auspicio</em></span> <span class='ocrx_word' id='word_1_255' title='bbox 770 1750 815 1778; x_wconf 80' lang='lat' dir='ltr'><em>uti</em></span> <span class='ocrx_word' id='word_1_256' title='bbox 832 1749 977 1778; x_wconf 87' lang='lat' dir='ltr'><em>debeant.</em></span> <span class='ocrx_word' id='word_1_257' title='bbox 1099 1753 1137 1779; x_wconf 75' lang='lat'><em>62</em></span> <span class='ocrx_word' id='word_1_258' title='bbox 1161 1747 1265 1777; x_wconf 80' lang='lat' dir='ltr'><em>obstita</em></span> <span class='ocrx_word' id='word_1_259' title='bbox 1277 1746 1389 1787; x_wconf 80' lang='lat' dir='ltr'><em>pianto]</em></span> <span class='ocrx_word' id='word_1_260' title='bbox 1409 1758 1438 1777; x_wconf 86' lang='lat' dir='ltr'><em>v.</em></span> <span class='ocrx_word' id='word_1_261' title='bbox 1457 1747 1545 1778; x_wconf 89' lang='lat' dir='ltr'><em>Clav.</em></span> <span class='ocrx_word' id='word_1_262' title='bbox 1563 1747 1594 1776; x_wconf 91' lang='lat' dir='ltr'><em>in</em></span> <span class='ocrx_word' id='word_1_263' title='bbox 1611 1745 1741 1775; x_wconf 64' lang='lat' dir='ltr'><em>obnisus.</em></span> 
     </span>
     <span class='ocr_line' id='line_1_30' title="bbox 365 1789 1745 1833; baseline -0.001 -13"><span class='ocrx_word' id='word_1_264' title='bbox 365 1797 403 1820; x_wconf 83' lang='lat'><em>54</em></span> <span class='ocrx_word' id='word_1_265' title='bbox 424 1790 606 1829; x_wconf 74' lang='lat' dir='ltr'><em>providente]</em></span> <span class='ocrx_word' id='word_1_266' title='bbox 626 1791 676 1820; x_wconf 89' lang='lat' dir='ltr'><em>Sc.</em></span> <span class='ocrx_word' id='word_1_267' title='bbox 695 1801 747 1830; x_wconf 85' lang='lat' dir='ltr'><em>per</em></span> <span class='ocrx_word' id='word_1_268' title='bbox 762 1793 905 1831; x_wconf 80' lang='lat' dir='ltr'><em>auguria,</em></span> <span class='ocrx_word' id='word_1_269' title='bbox 922 1791 1013 1833; x_wconf 85' lang='lat' dir='ltr'><em>iisque</em></span> <span class='ocrx_word' id='word_1_270' title='bbox 1098 1797 1136 1821; x_wconf 79' lang='lat'><em>63</em></span> <span class='ocrx_word' id='word_1_271' title='bbox 1162 1790 1249 1830; x_wconf 84' lang='lat' dir='ltr'><em>impie</em></span> <span class='ocrx_word' id='word_1_272' title='bbox 1264 1791 1437 1819; x_wconf 82' lang='lat' dir='ltr'><em>commissum</em></span> <span class='ocrx_word' id='word_1_273' title='bbox 1450 1789 1502 1829; x_wconf 77' lang='lat' dir='ltr'><em>est]</em></span> <span class='ocrx_word' id='word_1_274' title='bbox 1523 1789 1650 1828; x_wconf 79' lang='lat' dir='ltr'><em>Pighius</em></span> <span class='ocrx_word' id='word_1_275' title='bbox 1666 1790 1705 1819; x_wconf 86' lang='lat' dir='ltr'><em>ad</em></span> <span class='ocrx_word' id='word_1_276' title='bbox 1719 1798 1745 1819; x_wconf 82' lang='lat' dir='ltr'><em>a.</em></span> 
     </span>
     <span class='ocr_line' id='line_1_31' title="bbox 320 1833 1485 1874; baseline 0.002 -13"><span class='ocrx_word' id='word_1_277' title='bbox 320 1838 487 1872; x_wconf 76' lang='lat' dir='ltr'><em>apparente,</em></span> <span class='ocrx_word' id='word_1_278' title='bbox 503 1834 673 1864; x_wconf 86' lang='lat' dir='ltr'><em>Turnebus</em></span> <span class='ocrx_word' id='word_1_279' title='bbox 691 1835 803 1873; x_wconf 83' lang='lat' dir='ltr'><em>accipit</em></span> <span class='ocrx_word' id='word_1_280' title='bbox 827 1844 881 1874; x_wconf 89' lang='lat' dir='ltr'><em>pro</em></span> <span class='ocrx_word' id='word_1_281' title='bbox 892 1840 1013 1873; x_wconf 76' lang='lat' dir='ltr'><em>parento</em></span> <span class='ocrx_word' id='word_1_282' title='bbox 1055 1834 1207 1864; x_wconf 79' lang='lat' dir='ltr'>XXXIX.</span> <span class='ocrx_word' id='word_1_283' title='bbox 1223 1833 1297 1872; x_wconf 81' lang='lat' dir='ltr'><em>legit</em></span> <span class='ocrx_word' id='word_1_284' title='bbox 1313 1840 1377 1863; x_wconf 76' lang='lat' dir='ltr'><em>esto.</em></span> <span class='ocrx_word' id='word_1_285' title='bbox 1394 1834 1485 1863; x_wconf 85' lang='lat' dir='ltr'><em>bene.</em></span> 
     </span>
     <span class='ocr_line' id='line_1_32' title="bbox 320 1874 1749 1917; baseline -0.001 -11"><span class='ocrx_word' id='word_1_286' title='bbox 320 1884 364 1905; x_wconf 78' lang='lat' dir='ltr'><em>sc.</em></span> <span class='ocrx_word' id='word_1_287' title='bbox 389 1877 547 1915; x_wconf 82' lang='lat' dir='ltr'><em>auspiciis,</em></span> <span class='ocrx_word' id='word_1_288' title='bbox 572 1884 607 1906; x_wconf 92' lang='lat' dir='ltr'><em>ut</em></span> <span class='ocrx_word' id='word_1_289' title='bbox 628 1884 659 1906; x_wconf 87' lang='lat' dir='ltr'><em>et</em></span> <span class='ocrx_word' id='word_1_290' title='bbox 681 1877 750 1906; x_wconf 88' lang='lat' dir='ltr'><em>edd.</em></span> <span class='ocrx_word' id='word_1_291' title='bbox 774 1879 921 1916; x_wconf 81' lang='lat' dir='ltr'><em>quaedam</em></span> <span class='ocrx_word' id='word_1_292' title='bbox 937 1884 1012 1907; x_wconf 79' lang='lat' dir='ltr'><em>vett.</em></span> <span class='ocrx_word' id='word_1_293' title='bbox 1100 1882 1139 1907; x_wconf 73' lang='lat'><em>64</em></span> <span class='ocrx_word' id='word_1_294' title='bbox 1163 1876 1240 1917; x_wconf 83' lang='lat' dir='ltr'><em>quod</em></span> <span class='ocrx_word' id='word_1_295' title='bbox 1265 1876 1324 1905; x_wconf 78' lang='lat' dir='ltr'><em>sine</em></span> <span class='ocrx_word' id='word_1_296' title='bbox 1353 1887 1428 1905; x_wconf 64' lang='lat' dir='ltr'><em>carr.</em></span> <span class='ocrx_word' id='word_1_297' title='bbox 1453 1882 1480 1905; x_wconf 80' lang='lat' dir='ltr'><em>et</em></span> <span class='ocrx_word' id='word_1_298' title='bbox 1501 1874 1561 1905; x_wconf 78' lang='lat' dir='ltr'><em>sine</em></span> <span class='ocrx_word' id='word_1_299' title='bbox 1582 1881 1651 1905; x_wconf 78' lang='lat' dir='ltr'><em>cert.</em></span> <span class='ocrx_word' id='word_1_300' title='bbox 1674 1880 1749 1914; x_wconf 83' lang='lat' dir='ltr'><em>corp.</em></span> 
     </span>
     <span class='ocr_line' id='line_1_33' title="bbox 320 1917 1752 1959; baseline -0.001 -11"><span class='ocrx_word' id='word_1_301' title='bbox 320 1918 449 1948; x_wconf 85' lang='lat' dir='ltr'><em>habent.</em></span> <span class='ocrx_word' id='word_1_302' title='bbox 474 1920 594 1959; x_wconf 85' lang='lat' dir='ltr'><em>proprie</em></span> <span class='ocrx_word' id='word_1_303' title='bbox 616 1926 662 1949; x_wconf 85' lang='lat' dir='ltr'><em>est</em></span> <span class='ocrx_word' id='word_1_304' title='bbox 684 1928 796 1959; x_wconf 84' lang='lat' dir='ltr'><em>praesto</em></span> <span class='ocrx_word' id='word_1_305' title='bbox 817 1922 893 1957; x_wconf 85' lang='lat' dir='ltr'><em>sint,</em></span> <span class='ocrx_word' id='word_1_306' title='bbox 909 1929 954 1950; x_wconf 93' lang='lat' dir='ltr'><em>sc.</em></span> <span class='ocrx_word' id='word_1_307' title='bbox 973 1921 1012 1949; x_wconf 82' lang='lat' dir='ltr'><em>ad</em></span> <span class='ocrx_word' id='word_1_308' title='bbox 1045 1919 1124 1959; x_wconf 69' lang='lat' dir='ltr'><em>fiat]</em></span> <span class='ocrx_word' id='word_1_309' title='bbox 1152 1920 1188 1949; x_wconf 90' lang='lat' dir='ltr'><em>In</em></span> <span class='ocrx_word' id='word_1_310' title='bbox 1205 1920 1254 1949; x_wconf 90' lang='lat' dir='ltr'><em>his</em></span> <span class='ocrx_word' id='word_1_311' title='bbox 1269 1919 1383 1949; x_wconf 88' lang='lat' dir='ltr'><em>vitium</em></span> <span class='ocrx_word' id='word_1_312' title='bbox 1405 1929 1481 1955; x_wconf 83' lang='lat' dir='ltr'><em>esse,</em></span> <span class='ocrx_word' id='word_1_313' title='bbox 1501 1917 1591 1947; x_wconf 81' lang='lat' dir='ltr'><em>facile</em></span> <span class='ocrx_word' id='word_1_314' title='bbox 1613 1923 1752 1957; x_wconf 85' lang='lat' dir='ltr'><em>apparet.</em></span> 
     </span>
     <span class='ocr_line' id='line_1_34' title="bbox 321 1960 1751 2001; baseline -0.001 -10"><span class='ocrx_word' id='word_1_315' title='bbox 321 1962 491 2001; x_wconf 84' lang='lat' dir='ltr'><em>expiandas</em></span> <span class='ocrx_word' id='word_1_316' title='bbox 506 1964 573 1992; x_wconf 87' lang='lat' dir='ltr'><em>iras.</em></span> <span class='ocrx_word' id='word_1_317' title='bbox 590 1969 695 1993; x_wconf 85' lang='lat' dir='ltr'><em>totum</em></span> <span class='ocrx_word' id='word_1_318' title='bbox 718 1964 779 1993; x_wconf 85' lang='lat' dir='ltr'><em>hoc</em></span> <span class='ocrx_word' id='word_1_319' title='bbox 800 1964 886 1994; x_wconf 79' lang='lat' dir='ltr'><em>abest</em></span> <span class='ocrx_word' id='word_1_320' title='bbox 907 1973 925 1992; x_wconf 88' lang='lat' dir='ltr'>a</span> <span class='ocrx_word' id='word_1_321' title='bbox 949 1964 1011 1993; x_wconf 82' lang='lat' dir='ltr'><em>Ms.</em></span> <span class='ocrx_word' id='word_1_322' title='bbox 1057 1963 1089 1991; x_wconf 89' lang='lat' dir='ltr'><em>P.</em></span> <span class='ocrx_word' id='word_1_323' title='bbox 1122 1962 1287 1992; x_wconf 83' lang='lat' dir='ltr'><em>Manutius</em></span> <span class='ocrx_word' id='word_1_324' title='bbox 1309 1963 1443 1991; x_wconf 75' lang='lat' dir='ltr'><em>correxit</em></span> <span class='ocrx_word' id='word_1_325' title='bbox 1464 1961 1537 1990; x_wconf 83' lang='lat' dir='ltr'><em>sive.</em></span> <span class='ocrx_word' id='word_1_326' title='bbox 1560 1961 1614 1990; x_wconf 90' lang='lat' dir='ltr'><em>sed</em></span> <span class='ocrx_word' id='word_1_327' title='bbox 1643 1970 1683 1990; x_wconf 89' lang='lat' dir='ltr'><em>nc</em></span> <span class='ocrx_word' id='word_1_328' title='bbox 1705 1960 1751 1990; x_wconf 86' lang='lat' dir='ltr'><em>sic</em></span> 
     </span>
    </p>
   </div>
   <div class='ocr_carea' id='block_1_3' title="bbox 319 2004 1015 2857">
    <p class='ocr_par' dir='ltr' id='par_1_7' title="bbox 323 2004 430 2034">
     <span class='ocr_line' id='line_1_35' title="bbox 323 2004 430 2034; baseline 0 0"><span class='ocrx_word' id='word_1_329' title='bbox 323 2004 430 2034; x_wconf 81' lang='lat' dir='ltr'><em>Gueif.</em></span> 
     </span>
    </p>

    <p class='ocr_par' dir='ltr' id='par_1_8' title="bbox 319 2046 1014 2206">
     <span class='ocr_line' id='line_1_36' title="bbox 365 2046 1014 2087; baseline 0.006 -13"><span class='ocrx_word' id='word_1_330' title='bbox 365 2055 403 2078; x_wconf 80' lang='lat'><em>55</em></span> <span class='ocrx_word' id='word_1_331' title='bbox 431 2047 590 2086; x_wconf 80' lang='lat' dir='ltr'><em>regionibus</em></span> <span class='ocrx_word' id='word_1_332' title='bbox 619 2059 644 2078; x_wconf 89' lang='lat' dir='ltr'><em>r.</em></span> <span class='ocrx_word' id='word_1_333' title='bbox 675 2046 863 2087; x_wconf 72' lang='lat' dir='ltr'><em>temperante]</em></span> <span class='ocrx_word' id='word_1_334' title='bbox 895 2049 1014 2078; x_wconf 82' lang='lat' dir='ltr'><em>Distin-</em></span> 
     </span>
     <span class='ocr_line' id='line_1_37' title="bbox 321 2087 1014 2130; baseline 0.001 -11"><span class='ocrx_word' id='word_1_335' title='bbox 321 2087 445 2129; x_wconf 75' lang='lat' dir='ltr'><em>guunto</em></span> <span class='ocrx_word' id='word_1_336' title='bbox 467 2092 555 2121; x_wconf 83' lang='lat' dir='ltr'><em>certis</em></span> <span class='ocrx_word' id='word_1_337' title='bbox 578 2091 769 2130; x_wconf 81' lang='lat' dir='ltr'><em>regionibus,</em></span> <span class='ocrx_word' id='word_1_338' title='bbox 794 2092 827 2120; x_wconf 91' lang='lat' dir='ltr'><em>in</em></span> <span class='ocrx_word' id='word_1_339' title='bbox 850 2101 928 2130; x_wconf 89' lang='lat' dir='ltr'><em>quas</em></span> <span class='ocrx_word' id='word_1_340' title='bbox 951 2100 1014 2120; x_wconf 87' lang='lat' dir='ltr'><em>coe-</em></span> 
     </span>
     <span class='ocr_line' id='line_1_38' title="bbox 321 2130 1014 2173; baseline 0.001 -11"><span class='ocrx_word' id='word_1_341' title='bbox 321 2130 391 2162; x_wconf 87' lang='lat' dir='ltr'><em>lum</em></span> <span class='ocrx_word' id='word_1_342' title='bbox 414 2134 641 2173; x_wconf 84' lang='lat' dir='ltr'><em>descripserint,</em></span> <span class='ocrx_word' id='word_1_343' title='bbox 664 2140 699 2164; x_wconf 85' lang='lat' dir='ltr'><em>ut</em></span> <span class='ocrx_word' id='word_1_344' title='bbox 720 2136 833 2171; x_wconf 83' lang='lat' dir='ltr'><em>sciant,</em></span> <span class='ocrx_word' id='word_1_345' title='bbox 850 2144 922 2173; x_wconf 88' lang='lat' dir='ltr'><em>quae</em></span> <span class='ocrx_word' id='word_1_346' title='bbox 946 2135 1014 2163; x_wconf 82' lang='lat' dir='ltr'><em>fau-</em></span> 
     </span>
     <span class='ocr_line' id='line_1_39' title="bbox 319 2175 582 2206; baseline 0.004 -1"><span class='ocrx_word' id='word_1_347' title='bbox 319 2181 366 2205; x_wconf 69' lang='lat' dir='ltr'><em>ota</em></span> <span class='ocrx_word' id='word_1_348' title='bbox 381 2175 442 2205; x_wconf 85' lang='lat' dir='ltr'><em>sint</em></span> <span class='ocrx_word' id='word_1_349' title='bbox 457 2185 516 2206; x_wconf 88' lang='lat' dir='ltr'><em>nec</em></span> <span class='ocrx_word' id='word_1_350' title='bbox 532 2187 582 2206; x_wconf 90' lang='lat' dir='ltr'><em>ne.</em></span> 
     </span>
    </p>

    <p class='ocr_par' dir='ltr' id='par_1_9' title="bbox 320 2219 1013 2292">
     <span class='ocr_line' id='line_1_40' title="bbox 365 2219 1013 2258; baseline 0.002 -9"><span class='ocrx_word' id='word_1_351' title='bbox 365 2223 403 2249; x_wconf 84' lang='lat'><em>⁵6</em></span> <span class='ocrx_word' id='word_1_352' title='bbox 426 2219 573 2258; x_wconf 61' lang='lat' dir='ltr'><em>dgfixerit]</em></span> <span class='ocrx_word' id='word_1_353' title='bbox 599 2220 746 2250; x_wconf 81' lang='lat' dir='ltr'><em>Davisius</em></span> <span class='ocrx_word' id='word_1_354' title='bbox 770 2220 860 2249; x_wconf 85' lang='lat' dir='ltr'><em>malit</em></span> <span class='ocrx_word' id='word_1_355' title='bbox 880 2220 1013 2250; x_wconf 79' lang='lat' dir='ltr'><em>edixerit.</em></span> 
     </span>
     <span class='ocr_line' id='line_1_41' title="bbox 320 2259 594 2292; baseline 0.011 -3"><span class='ocrx_word' id='word_1_356' title='bbox 320 2259 441 2292; x_wconf 83' lang='lat' dir='ltr'><em>frustra.</em></span> <span class='ocrx_word' id='word_1_357' title='bbox 457 2271 488 2291; x_wconf 91' lang='lat' dir='ltr'><em>v.</em></span> <span class='ocrx_word' id='word_1_358' title='bbox 505 2261 594 2292; x_wconf 89' lang='lat' dir='ltr'><em>Clav.</em></span> 
     </span>
    </p>

    <p class='ocr_par' dir='ltr' id='par_1_10' title="bbox 319 2303 1015 2516">
     <span class='ocr_line' id='line_1_42' title="bbox 364 2303 1015 2346; baseline 0.003 -12"><span class='ocrx_word' id='word_1_359' title='bbox 364 2310 400 2339; x_wconf 81' lang='grc'><em>57</em></span> <span class='ocrx_word' id='word_1_360' title='bbox 426 2304 588 2346; x_wconf 72' lang='lat' dir='ltr'><em>infestaque</em></span> <span class='ocrx_word' id='word_1_361' title='bbox 609 2303 701 2343; x_wconf 78' lang='lat' dir='ltr'><em>sunto]</em></span> <span class='ocrx_word' id='word_1_362' title='bbox 729 2305 807 2335; x_wconf 83' lang='lat' dir='ltr'><em>MSS.</em></span> <span class='ocrx_word' id='word_1_363' title='bbox 830 2306 960 2344; x_wconf 81' lang='lat' dir='ltr'><em>quidam</em></span> <span class='ocrx_word' id='word_1_364' title='bbox 984 2312 1015 2335; x_wconf 78' lang='lat' dir='ltr'><em>et</em></span> 
     </span>
     <span class='ocr_line' id='line_1_43' title="bbox 319 2346 1012 2389; baseline 0.003 -13"><span class='ocrx_word' id='word_1_365' title='bbox 319 2347 388 2377; x_wconf 84' lang='lat' dir='ltr'><em>edd.</em></span> <span class='ocrx_word' id='word_1_366' title='bbox 419 2346 537 2377; x_wconf 89' lang='lat' dir='ltr'><em>habent</em></span> <span class='ocrx_word' id='word_1_367' title='bbox 566 2348 741 2389; x_wconf 75' lang='lat' dir='ltr'><em>infectaque,</em></span> <span class='ocrx_word' id='word_1_368' title='bbox 764 2350 860 2378; x_wconf 85' lang='lat' dir='ltr'><em>etiam</em></span> <span class='ocrx_word' id='word_1_369' title='bbox 886 2350 934 2378; x_wconf 90' lang='lat' dir='ltr'><em>ed.</em></span> <span class='ocrx_word' id='word_1_370' title='bbox 959 2348 1012 2378; x_wconf 86' lang='lat' dir='ltr'><em>Vi-</em></span> 
     </span>
     <span class='ocr_line' id='line_1_44' title="bbox 319 2391 1011 2429; baseline 0.003 -10"><span class='ocrx_word' id='word_1_371' title='bbox 319 2391 396 2419; x_wconf 71' lang='lat' dir='ltr'><em>ctor.</em></span> <span class='ocrx_word' id='word_1_372' title='bbox 419 2391 504 2429; x_wconf 87' lang='lat' dir='ltr'><em>quod</em></span> <span class='ocrx_word' id='word_1_373' title='bbox 527 2401 605 2421; x_wconf 88' lang='lat' dir='ltr'><em>cum</em></span> <span class='ocrx_word' id='word_1_374' title='bbox 633 2391 762 2421; x_wconf 86' lang='lat' dir='ltr'><em>Davisio</em></span> <span class='ocrx_word' id='word_1_375' title='bbox 783 2391 911 2422; x_wconf 82' lang='lat' dir='ltr'><em>restitui.</em></span> <span class='ocrx_word' id='word_1_376' title='bbox 935 2401 1011 2421; x_wconf 89' lang='lat' dir='ltr'><em>nam</em></span> 
     </span>
     <span class='ocr_line' id='line_1_45' title="bbox 320 2432 1012 2475; baseline 0.003 -13"><span class='ocrx_word' id='word_1_377' title='bbox 320 2432 400 2462; x_wconf 89' lang='lat' dir='ltr'><em>bene</em></span> <span class='ocrx_word' id='word_1_378' title='bbox 422 2434 571 2463; x_wconf 89' lang='lat' dir='ltr'><em>convenit</em></span> <span class='ocrx_word' id='word_1_379' title='bbox 590 2434 686 2464; x_wconf 87' lang='lat' dir='ltr'><em>verbo</em></span> <span class='ocrx_word' id='word_1_380' title='bbox 708 2435 806 2465; x_wconf 78' lang='lat' dir='ltr'><em>irrita.</em></span> <span class='ocrx_word' id='word_1_381' title='bbox 830 2434 935 2475; x_wconf 80' lang='lat' dir='ltr'><em>infesta</em></span> <span class='ocrx_word' id='word_1_382' title='bbox 957 2444 1012 2474; x_wconf 83' lang='lat' dir='ltr'><em>pro</em></span> 
     </span>
     <span class='ocr_line' id='line_1_46' title="bbox 319 2475 950 2516; baseline 0.003 -12"><span class='ocrx_word' id='word_1_383' title='bbox 319 2475 433 2516; x_wconf 62' lang='lat' dir='ltr'><em>ngfasra</em></span> <span class='ocrx_word' id='word_1_384' title='bbox 444 2476 511 2514; x_wconf 88' lang='lat' dir='ltr'><em>jam</em></span> <span class='ocrx_word' id='word_1_385' title='bbox 529 2483 575 2506; x_wconf 90' lang='lat' dir='ltr'><em>est</em></span> <span class='ocrx_word' id='word_1_386' title='bbox 589 2485 665 2506; x_wconf 92' lang='lat' dir='ltr'><em>curn</em></span> <span class='ocrx_word' id='word_1_387' title='bbox 681 2477 950 2508; x_wconf 79' lang='lat' dir='ltr'><em>antecedentibus.</em></span> 
     </span>
    </p>

    <p class='ocr_par' dir='ltr' id='par_1_11' title="bbox 319 2518 1013 2635">
     <span class='ocr_line' id='line_1_47' title="bbox 365 2518 1013 2560; baseline 0.002 -11"><span class='ocrx_word' id='word_1_388' title='bbox 365 2525 403 2549; x_wconf 80' lang='grc'><em>58</em></span> <span class='ocrx_word' id='word_1_389' title='bbox 427 2519 541 2558; x_wconf 83' lang='lat' dir='ltr'><em>capital</em></span> <span class='ocrx_word' id='word_1_390' title='bbox 553 2518 622 2559; x_wconf 81' lang='lat' dir='ltr'><em>esto]</em></span> <span class='ocrx_word' id='word_1_391' title='bbox 641 2520 692 2550; x_wconf 87' lang='lat' dir='ltr'><em>Sic</em></span> <span class='ocrx_word' id='word_1_392' title='bbox 707 2530 830 2560; x_wconf 84' lang='lat' dir='ltr'><em>semper</em></span> <span class='ocrx_word' id='word_1_393' title='bbox 842 2527 957 2551; x_wconf 85' lang='lat' dir='ltr'><em>veteres</em></span> <span class='ocrx_word' id='word_1_394' title='bbox 973 2530 1013 2550; x_wconf 85' lang='lat' dir='ltr'><em>ex</em></span> 
     </span>
     <span class='ocr_line' id='line_1_48' title="bbox 320 2562 1013 2603; baseline 0.004 -12"><span class='ocrx_word' id='word_1_395' title='bbox 320 2569 420 2600; x_wconf 89' lang='lat' dir='ltr'><em>eoque</em></span> <span class='ocrx_word' id='word_1_396' title='bbox 438 2571 531 2601; x_wconf 75' lang='lat' dir='ltr'><em>saepe,</em></span> <span class='ocrx_word' id='word_1_397' title='bbox 549 2568 584 2592; x_wconf 88' lang='lat' dir='ltr'><em>ut</em></span> <span class='ocrx_word' id='word_1_398' title='bbox 602 2563 636 2592; x_wconf 84' lang='lat' dir='ltr'><em>h.</em></span> <span class='ocrx_word' id='word_1_399' title='bbox 649 2563 670 2593; x_wconf 85' lang='lat' dir='ltr'><em>l.</em></span> <span class='ocrx_word' id='word_1_400' title='bbox 695 2563 814 2594; x_wconf 84' lang='lat' dir='ltr'><em>factum</em></span> <span class='ocrx_word' id='word_1_401' title='bbox 831 2562 965 2603; x_wconf 80' lang='lat' dir='ltr'><em>capitale.</em></span> <span class='ocrx_word' id='word_1_402' title='bbox 981 2573 1013 2594; x_wconf 90' lang='lat' dir='ltr'><em>v.</em></span> 
     </span>
     <span class='ocr_line' id='line_1_49' title="bbox 319 2603 594 2635; baseline 0.004 -2"><span class='ocrx_word' id='word_1_403' title='bbox 319 2603 451 2634; x_wconf 85' lang='lat' dir='ltr'><em>Clavem</em></span> <span class='ocrx_word' id='word_1_404' title='bbox 467 2605 498 2634; x_wconf 92' lang='lat' dir='ltr'><em>in</em></span> <span class='ocrx_word' id='word_1_405' title='bbox 516 2605 549 2635; x_wconf 85' lang='lat' dir='ltr'><em>h.</em></span> <span class='ocrx_word' id='word_1_406' title='bbox 563 2615 594 2634; x_wconf 87' lang='lat' dir='ltr'><em>v.</em></span> 
     </span>
    </p>

    <p class='ocr_par' dir='ltr' id='par_1_12' title="bbox 319 2647 1011 2772">
     <span class='ocr_line' id='line_1_50' title="bbox 363 2647 1011 2687; baseline 0.006 -12"><span class='ocrx_word' id='word_1_407' title='bbox 363 2654 402 2680; x_wconf 83' lang='lat'><em>59</em></span> <span class='ocrx_word' id='word_1_408' title='bbox 432 2647 457 2676; x_wconf 82' lang='lat' dir='ltr'><em>si</em></span> <span class='ocrx_word' id='word_1_409' title='bbox 473 2654 586 2677; x_wconf 81' lang='lat' dir='ltr'><em>senatus</em></span> <span class='ocrx_word' id='word_1_410' title='bbox 598 2647 733 2687; x_wconf 76' lang='lat' dir='ltr'><em>jusserit]</em></span> <span class='ocrx_word' id='word_1_411' title='bbox 759 2647 839 2679; x_wconf 85' lang='lat' dir='ltr'><em>Mss.</em></span> <span class='ocrx_word' id='word_1_412' title='bbox 863 2649 954 2679; x_wconf 85' lang='lat' dir='ltr'><em>Grut.</em></span> <span class='ocrx_word' id='word_1_413' title='bbox 980 2655 1011 2678; x_wconf 91' lang='lat' dir='ltr'><em>et</em></span> 
     </span>
     <span class='ocr_line' id='line_1_51' title="bbox 319 2689 1011 2732; baseline 0.004 -13"><span class='ocrx_word' id='word_1_414' title='bbox 319 2689 425 2720; x_wconf 79' lang='lat' dir='ltr'><em>Guelf.</em></span> <span class='ocrx_word' id='word_1_415' title='bbox 435 2690 538 2730; x_wconf 82' lang='lat' dir='ltr'><em>jussit,</em></span> <span class='ocrx_word' id='word_1_416' title='bbox 554 2691 682 2730; x_wconf 86' lang='lat' dir='ltr'><em>antique</em></span> <span class='ocrx_word' id='word_1_417' title='bbox 701 2701 757 2731; x_wconf 87' lang='lat' dir='ltr'><em>pro</em></span> <span class='ocrx_word' id='word_1_418' title='bbox 767 2691 903 2730; x_wconf 84' lang='lat' dir='ltr'><em>jusserit,</em></span> <span class='ocrx_word' id='word_1_419' title='bbox 925 2693 1011 2732; x_wconf 90' lang='lat' dir='ltr'><em>quod</em></span> 
     </span>
     <span class='ocr_line' id='line_1_52' title="bbox 319 2733 651 2772; baseline 0 -10"><span class='ocrx_word' id='word_1_420' title='bbox 319 2739 348 2762; x_wconf 89' lang='lat' dir='ltr'><em>et</em></span> <span class='ocrx_word' id='word_1_421' title='bbox 364 2734 479 2772; x_wconf 82' lang='lat' dir='ltr'><em>recepit</em></span> <span class='ocrx_word' id='word_1_422' title='bbox 494 2733 651 2764; x_wconf 85' lang='lat' dir='ltr'><em>Davisius.</em></span> 
     </span>
    </p>

    <p class='ocr_par' dir='ltr' id='par_1_13' title="bbox 320 2775 1010 2857">
     <span class='ocr_line' id='line_1_53' title="bbox 360 2775 1010 2818; baseline 0.003 -13"><span class='ocrx_word' id='word_1_423' title='bbox 360 2780 401 2806; x_wconf 85' lang='lat'><em>60</em></span> <span class='ocrx_word' id='word_1_424' title='bbox 425 2776 463 2805; x_wconf 87' lang='lat' dir='ltr'><em>E.</em></span> <span class='ocrx_word' id='word_1_425' title='bbox 478 2776 623 2816; x_wconf 82' lang='lat' dir='ltr'><em>principes</em></span> <span class='ocrx_word' id='word_1_426' title='bbox 639 2776 709 2805; x_wconf 78' lang='lat' dir='ltr'><em>disc.</em></span> <span class='ocrx_word' id='word_1_427' title='bbox 725 2775 852 2818; x_wconf 79' lang='lat' dir='ltr'><em>docento]</em></span> <span class='ocrx_word' id='word_1_428' title='bbox 877 2777 928 2807; x_wconf 90' lang='lat' dir='ltr'><em>Sc.</em></span> <span class='ocrx_word' id='word_1_429' title='bbox 953 2778 1010 2807; x_wconf 82' lang='lat' dir='ltr'><em>ha-</em></span> 
     </span>
     <span class='ocr_line' id='line_1_54' title="bbox 320 2819 766 2857; baseline 0.004 -10"><span class='ocrx_word' id='word_1_430' title='bbox 320 2819 464 2857; x_wconf 80' lang='lat' dir='ltr'><em>ruspices.</em></span> <span class='ocrx_word' id='word_1_431' title='bbox 481 2829 512 2849; x_wconf 88' lang='lat' dir='ltr'><em>v.</em></span> <span class='ocrx_word' id='word_1_432' title='bbox 527 2820 565 2849; x_wconf 87' lang='lat' dir='ltr'><em>de</em></span> <span class='ocrx_word' id='word_1_433' title='bbox 581 2819 654 2850; x_wconf 81' lang='lat' dir='ltr'><em>Div.</em></span> <span class='ocrx_word' id='word_1_434' title='bbox 672 2819 698 2855; x_wconf 88' lang='lat'><em>1,</em></span> <span class='ocrx_word' id='word_1_435' title='bbox 716 2826 766 2849; x_wconf 78' lang='lat'><em>41.</em></span> 
     </span>
    </p>
   </div>
   <div class='ocr_carea' id='block_1_4' title="bbox 1053 2003 1753 2812">
    <p class='ocr_par' dir='ltr' id='par_1_14' title="bbox 1056 2003 1753 2169">
     <span class='ocr_line' id='line_1_55' title="bbox 1056 2003 1753 2044; baseline -0.003 -10"><span class='ocrx_word' id='word_1_436' title='bbox 1056 2014 1172 2035; x_wconf 89' lang='lat' dir='ltr'><em>sanum</em></span> <span class='ocrx_word' id='word_1_437' title='bbox 1196 2005 1304 2035; x_wconf 84' lang='lat' dir='ltr'><em>locum</em></span> <span class='ocrx_word' id='word_1_438' title='bbox 1321 2012 1441 2044; x_wconf 85' lang='lat' dir='ltr'><em>putem.</em></span> <span class='ocrx_word' id='word_1_439' title='bbox 1465 2003 1634 2034; x_wconf 83' lang='lat' dir='ltr'><em>difficultas</em></span> <span class='ocrx_word' id='word_1_440' title='bbox 1653 2009 1699 2033; x_wconf 85' lang='lat' dir='ltr'><em>est</em></span> <span class='ocrx_word' id='word_1_441' title='bbox 1719 2004 1753 2033; x_wconf 87' lang='lat' dir='ltr'><em>in</em></span> 
     </span>
     <span class='ocr_line' id='line_1_56' title="bbox 1057 2046 1751 2089; baseline -0.003 -13"><span class='ocrx_word' id='word_1_442' title='bbox 1057 2049 1132 2089; x_wconf 82' lang='lat' dir='ltr'><em>quod</em></span> <span class='ocrx_word' id='word_1_443' title='bbox 1133 2048 1209 2087; x_wconf 80' lang='lat' dir='ltr'><em>fiat.</em></span> <span class='ocrx_word' id='word_1_444' title='bbox 1233 2048 1379 2077; x_wconf 85' lang='lat' dir='ltr'><em>Davisius</em></span> <span class='ocrx_word' id='word_1_445' title='bbox 1395 2047 1519 2085; x_wconf 80' lang='lat' dir='ltr'><em>corrigit</em></span> <span class='ocrx_word' id='word_1_446' title='bbox 1534 2046 1751 2087; x_wconf 81' lang='lat' dir='ltr'><em>quum—fiant.</em></span> 
     </span>
     <span class='ocr_line' id='line_1_57' title="bbox 1058 2089 1751 2128; baseline -0.003 -8"><span class='ocrx_word' id='word_1_447' title='bbox 1058 2091 1078 2120; x_wconf 91' lang='lat' dir='ltr'><em>i.</em></span> <span class='ocrx_word' id='word_1_448' title='bbox 1095 2100 1122 2120; x_wconf 87' lang='lat' dir='ltr'><em>e.</em></span> <span class='ocrx_word' id='word_1_449' title='bbox 1138 2091 1163 2120; x_wconf 87' lang='lat' dir='ltr'><em>si</em></span> <span class='ocrx_word' id='word_1_450' title='bbox 1179 2100 1242 2120; x_wconf 85' lang='lat' dir='ltr'><em>non</em></span> <span class='ocrx_word' id='word_1_451' title='bbox 1266 2097 1341 2119; x_wconf 87' lang='lat' dir='ltr'><em>sunt</em></span> <span class='ocrx_word' id='word_1_452' title='bbox 1361 2090 1392 2119; x_wconf 94' lang='lat' dir='ltr'><em>in</em></span> <span class='ocrx_word' id='word_1_453' title='bbox 1410 2090 1502 2119; x_wconf 86' lang='lat' dir='ltr'><em>Circo</em></span> <span class='ocrx_word' id='word_1_454' title='bbox 1520 2096 1550 2118; x_wconf 89' lang='lat' dir='ltr'><em>et</em></span> <span class='ocrx_word' id='word_1_455' title='bbox 1569 2089 1751 2128; x_wconf 87' lang='lat' dir='ltr'><em>amphithe-</em></span> 
     </span>
     <span class='ocr_line' id='line_1_58' title="bbox 1057 2134 1555 2169; baseline -0.004 -6"><span class='ocrx_word' id='word_1_456' title='bbox 1057 2140 1135 2169; x_wconf 86' lang='lat' dir='ltr'><em>atro,</em></span> <span class='ocrx_word' id='word_1_457' title='bbox 1151 2135 1204 2163; x_wconf 88' lang='lat' dir='ltr'><em>sed</em></span> <span class='ocrx_word' id='word_1_458' title='bbox 1220 2134 1252 2163; x_wconf 90' lang='lat' dir='ltr'><em>in</em></span> <span class='ocrx_word' id='word_1_459' title='bbox 1269 2135 1390 2163; x_wconf 76' lang='lat' dir='ltr'><em>theatro</em></span> <span class='ocrx_word' id='word_1_460' title='bbox 1406 2140 1435 2162; x_wconf 84' lang='lat' dir='ltr'><em>et</em></span> <span class='ocrx_word' id='word_1_461' title='bbox 1450 2141 1555 2162; x_wconf 87' lang='lat' dir='ltr'><em>scena.</em></span> 
     </span>
    </p>

    <p class='ocr_par' dir='ltr' id='par_1_15' title="bbox 1058 2174 1750 2249">
     <span class='ocr_line' id='line_1_59' title="bbox 1101 2174 1750 2214; baseline -0.005 -7"><span class='ocrx_word' id='word_1_462' title='bbox 1101 2181 1140 2207; x_wconf 82' lang='lat'><em>65</em></span> <span class='ocrx_word' id='word_1_463' title='bbox 1164 2187 1281 2205; x_wconf 81' lang='lat' dir='ltr'><em>sacrove</em></span> <span class='ocrx_word' id='word_1_464' title='bbox 1300 2174 1535 2214; x_wconf 82' lang='lat' dir='ltr'><em>commendatum]</em></span> <span class='ocrx_word' id='word_1_465' title='bbox 1560 2174 1750 2214; x_wconf 80' lang='lat' dir='ltr'><em>Depositum</em></span> 
     </span>
     <span class='ocr_line' id='line_1_60' title="bbox 1058 2218 1588 2249; baseline -0.004 0"><span class='ocrx_word' id='word_1_466' title='bbox 1058 2221 1091 2249; x_wconf 88' lang='lat' dir='ltr'><em>in</em></span> <span class='ocrx_word' id='word_1_467' title='bbox 1108 2219 1178 2249; x_wconf 87' lang='lat' dir='ltr'><em>loco</em></span> <span class='ocrx_word' id='word_1_468' title='bbox 1193 2229 1291 2249; x_wconf 85' lang='lat' dir='ltr'><em>sacro.</em></span> <span class='ocrx_word' id='word_1_469' title='bbox 1307 2229 1337 2249; x_wconf 94' lang='lat' dir='ltr'><em>v.</em></span> <span class='ocrx_word' id='word_1_470' title='bbox 1354 2219 1441 2248; x_wconf 83' lang='lat' dir='ltr'><em>Clav.</em></span> <span class='ocrx_word' id='word_1_471' title='bbox 1460 2219 1491 2248; x_wconf 90' lang='lat' dir='ltr'><em>in</em></span> <span class='ocrx_word' id='word_1_472' title='bbox 1509 2218 1542 2248; x_wconf 83' lang='lat' dir='ltr'><em>h.</em></span> <span class='ocrx_word' id='word_1_473' title='bbox 1559 2227 1588 2247; x_wconf 91' lang='lat' dir='ltr'><em>v.</em></span> 
     </span>
    </p>

    <p class='ocr_par' dir='ltr' id='par_1_16' title="bbox 1054 2259 1750 2426">
     <span class='ocr_line' id='line_1_61' title="bbox 1101 2259 1750 2303; baseline -0.003 -11"><span class='ocrx_word' id='word_1_474' title='bbox 1101 2268 1140 2292; x_wconf 85' lang='lat'><em>66</em></span> <span class='ocrx_word' id='word_1_475' title='bbox 1164 2262 1214 2303; x_wconf 83' lang='lat' dir='ltr'><em>qui</em></span> <span class='ocrx_word' id='word_1_476' title='bbox 1235 2262 1351 2300; x_wconf 75' lang='lat' dir='ltr'><em>cleperit</em></span> <span class='ocrx_word' id='word_1_477' title='bbox 1372 2259 1531 2302; x_wconf 79' lang='lat' dir='ltr'><em>rapsitque]</em></span> <span class='ocrx_word' id='word_1_478' title='bbox 1556 2260 1607 2290; x_wconf 84' lang='lat' dir='ltr'><em>Sic</em></span> <span class='ocrx_word' id='word_1_479' title='bbox 1630 2259 1750 2290; x_wconf 85' lang='lat' dir='ltr'><em>habent</em></span> 
     </span>
     <span class='ocr_line' id='line_1_62' title="bbox 1058 2303 1750 2345; baseline -0.004 -10"><span class='ocrx_word' id='word_1_480' title='bbox 1058 2305 1138 2335; x_wconf 88' lang='lat' dir='ltr'><em>Mss.</em></span> <span class='ocrx_word' id='word_1_481' title='bbox 1159 2306 1255 2335; x_wconf 86' lang='lat' dir='ltr'><em>etiam</em></span> <span class='ocrx_word' id='word_1_482' title='bbox 1280 2304 1386 2334; x_wconf 77' lang='lat' dir='ltr'><em>Gucif.</em></span> <span class='ocrx_word' id='word_1_483' title='bbox 1405 2303 1551 2345; x_wconf 78' lang='lat' dir='ltr'><em>tapsitque</em></span> <span class='ocrx_word' id='word_1_484' title='bbox 1566 2303 1662 2333; x_wconf 85' lang='lat' dir='ltr'><em>etiam</em></span> <span class='ocrx_word' id='word_1_485' title='bbox 1680 2303 1750 2332; x_wconf 86' lang='lat' dir='ltr'><em>edd.</em></span> 
     </span>
     <span class='ocr_line' id='line_1_63' title="bbox 1055 2344 1748 2385; baseline -0.004 -7"><span class='ocrx_word' id='word_1_486' title='bbox 1055 2348 1135 2378; x_wconf 85' lang='lat' dir='ltr'><em>ven.</em></span> <span class='ocrx_word' id='word_1_487' title='bbox 1162 2356 1253 2381; x_wconf 77' lang='lat'><em>1494.</em></span> <span class='ocrx_word' id='word_1_488' title='bbox 1277 2355 1357 2378; x_wconf 83' lang='lat' dir='ltr'><em>recte</em></span> <span class='ocrx_word' id='word_1_489' title='bbox 1378 2353 1560 2385; x_wconf 81' lang='lat' dir='ltr'><em>utrumque.</em></span> <span class='ocrx_word' id='word_1_490' title='bbox 1580 2355 1609 2375; x_wconf 93' lang='lat' dir='ltr'><em>v.</em></span> <span class='ocrx_word' id='word_1_491' title='bbox 1631 2344 1748 2384; x_wconf 81' lang='lat' dir='ltr'><em>scalig.</em></span> 
     </span>
     <span class='ocr_line' id='line_1_64' title="bbox 1054 2389 1523 2426; baseline -0.006 -5"><span class='ocrx_word' id='word_1_492' title='bbox 1054 2392 1093 2421; x_wconf 86' lang='lat' dir='ltr'><em>ad</em></span> <span class='ocrx_word' id='word_1_493' title='bbox 1110 2391 1196 2421; x_wconf 88' lang='lat' dir='ltr'><em>Varr.</em></span> <span class='ocrx_word' id='word_1_494' title='bbox 1213 2392 1250 2421; x_wconf 88' lang='lat' dir='ltr'><em>de</em></span> <span class='ocrx_word' id='word_1_495' title='bbox 1265 2391 1310 2420; x_wconf 86' lang='lat' dir='ltr'><em>Re</em></span> <span class='ocrx_word' id='word_1_496' title='bbox 1327 2391 1417 2420; x_wconf 77' lang='lat' dir='ltr'><em>Rust.</em></span> <span class='ocrx_word' id='word_1_497' title='bbox 1433 2389 1477 2426; x_wconf 87' lang='lat'><em>11,</em></span> <span class='ocrx_word' id='word_1_498' title='bbox 1493 2396 1523 2420; x_wconf 89' lang='lat'><em>9.</em></span> 
     </span>
    </p>

    <p class='ocr_par' dir='ltr' id='par_1_17' title="bbox 1056 2428 1750 2556">
     <span class='ocr_line' id='line_1_65' title="bbox 1099 2428 1750 2472; baseline -0.003 -9"><span class='ocrx_word' id='word_1_499' title='bbox 1099 2439 1135 2469; x_wconf 85' lang='lat'><em>67</em></span> <span class='ocrx_word' id='word_1_500' title='bbox 1165 2434 1253 2463; x_wconf 81' lang='lat' dir='ltr'><em>Poena</em></span> <span class='ocrx_word' id='word_1_501' title='bbox 1277 2432 1383 2462; x_wconf 82' lang='lat' dir='ltr'><em>violari</em></span> <span class='ocrx_word' id='word_1_502' title='bbox 1395 2431 1476 2472; x_wconf 84' lang='lat' dir='ltr'><em>juris</em></span> <span class='ocrx_word' id='word_1_503' title='bbox 1499 2428 1569 2470; x_wconf 81' lang='lat' dir='ltr'><em>esto]</em></span> <span class='ocrx_word' id='word_1_504' title='bbox 1585 2431 1750 2470; x_wconf 87' lang='lat' dir='ltr'><em>Torquent</em></span> 
     </span>
     <span class='ocr_line' id='line_1_66' title="bbox 1056 2473 1747 2514; baseline -0.007 -7"><span class='ocrx_word' id='word_1_505' title='bbox 1056 2486 1089 2507; x_wconf 87' lang='lat' dir='ltr'><em>se</em></span> <span class='ocrx_word' id='word_1_506' title='bbox 1112 2477 1144 2506; x_wconf 92' lang='lat' dir='ltr'><em>in</em></span> <span class='ocrx_word' id='word_1_507' title='bbox 1168 2477 1216 2507; x_wconf 81' lang='lat' dir='ltr'><em>h1s</em></span> <span class='ocrx_word' id='word_1_508' title='bbox 1239 2477 1362 2506; x_wconf 87' lang='lat' dir='ltr'><em>eruditi.</em></span> <span class='ocrx_word' id='word_1_509' title='bbox 1409 2475 1537 2514; x_wconf 86' lang='lat' dir='ltr'><em>Pighius</em></span> <span class='ocrx_word' id='word_1_510' title='bbox 1561 2474 1582 2503; x_wconf 92' lang='lat' dir='ltr'><em>l.</em></span> <span class='ocrx_word' id='word_1_511' title='bbox 1599 2483 1628 2504; x_wconf 93' lang='lat' dir='ltr'><em>c.</em></span> <span class='ocrx_word' id='word_1_512' title='bbox 1651 2473 1747 2512; x_wconf 86' lang='lat' dir='ltr'><em>legit:</em></span> 
     </span>
     <span class='ocr_line' id='line_1_67' title="bbox 1056 2518 1528 2556; baseline -0.002 -8"><span class='ocrx_word' id='word_1_513' title='bbox 1056 2519 1125 2549; x_wconf 83' lang='lat' dir='ltr'><em>alios</em></span> <span class='ocrx_word' id='word_1_514' title='bbox 1143 2519 1293 2556; x_wconf 77' lang='lat' dir='ltr'><em>violantis,</em></span> <span class='ocrx_word' id='word_1_515' title='bbox 1308 2519 1385 2548; x_wconf 73' lang='lat' dir='ltr'><em>forte</em></span> <span class='ocrx_word' id='word_1_516' title='bbox 1401 2518 1528 2548; x_wconf 88' lang='lat' dir='ltr'><em>melius.</em></span> 
     </span>
    </p>

    <p class='ocr_par' dir='ltr' id='par_1_18' title="bbox 1053 2557 1750 2812">
     <span class='ocr_line' id='line_1_68' title="bbox 1100 2557 1748 2601; baseline -0.009 -8"><span class='ocrx_word' id='word_1_517' title='bbox 1100 2567 1139 2593; x_wconf 84' lang='lat'><em>68</em></span> <span class='ocrx_word' id='word_1_518' title='bbox 1165 2560 1318 2601; x_wconf 73' lang='lat' dir='ltr'><em>Quocirca]</em></span> <span class='ocrx_word' id='word_1_519' title='bbox 1337 2562 1528 2600; x_wconf 86' lang='lat' dir='ltr'><em>Suspectum</em></span> <span class='ocrx_word' id='word_1_520' title='bbox 1545 2565 1592 2589; x_wconf 81' lang='lat' dir='ltr'><em>est</em></span> <span class='ocrx_word' id='word_1_521' title='bbox 1605 2557 1748 2595; x_wconf 87' lang='lat' dir='ltr'><em>Davisio,</em></span> 
     </span>
     <span class='ocr_line' id='line_1_69' title="bbox 1055 2602 1747 2644; baseline -0.007 -9"><span class='ocrx_word' id='word_1_522' title='bbox 1055 2605 1130 2644; x_wconf 90' lang='lat' dir='ltr'><em>quia</em></span> <span class='ocrx_word' id='word_1_523' title='bbox 1154 2614 1216 2634; x_wconf 89' lang='lat' dir='ltr'><em>non</em></span> <span class='ocrx_word' id='word_1_524' title='bbox 1241 2605 1395 2634; x_wconf 83' lang='lat' dir='ltr'><em>cohaereat</em></span> <span class='ocrx_word' id='word_1_525' title='bbox 1417 2613 1506 2634; x_wconf 67' lang='lat' dir='ltr'><em>cum,</em></span> <span class='ocrx_word' id='word_1_526' title='bbox 1524 2602 1747 2632; x_wconf 84' lang='lat' dir='ltr'><em>antecedente:</em></span> 
     </span>
     <span class='ocr_line' id='line_1_70' title="bbox 1055 2646 1750 2687; baseline -0.006 -10"><span class='ocrx_word' id='word_1_527' title='bbox 1055 2648 1203 2687; x_wconf 85' lang='lat' dir='ltr'><em>abestque</em></span> <span class='ocrx_word' id='word_1_528' title='bbox 1219 2647 1258 2678; x_wconf 89' lang='lat' dir='ltr'><em>ab</em></span> <span class='ocrx_word' id='word_1_529' title='bbox 1273 2649 1322 2677; x_wconf 90' lang='lat' dir='ltr'><em>ed.</em></span> <span class='ocrx_word' id='word_1_530' title='bbox 1338 2648 1479 2677; x_wconf 83' lang='lat' dir='ltr'><em>Victorii.</em></span> <span class='ocrx_word' id='word_1_531' title='bbox 1521 2646 1573 2675; x_wconf 91' lang='lat' dir='ltr'><em>An</em></span> <span class='ocrx_word' id='word_1_532' title='bbox 1589 2646 1750 2674; x_wconf 70' lang='lat' dir='ltr'><em>cohaerent</em></span> 
     </span>
     <span class='ocr_line' id='line_1_71' title="bbox 1055 2687 1747 2730; baseline -0.006 -10"><span class='ocrx_word' id='word_1_533' title='bbox 1055 2691 1124 2721; x_wconf 81' lang='lat' dir='ltr'><em>haec</em></span> <span class='ocrx_word' id='word_1_534' title='bbox 1141 2691 1185 2720; x_wconf 89' lang='lat' dir='ltr'><em>sic</em></span> <span class='ocrx_word' id='word_1_535' title='bbox 1199 2702 1205 2719; x_wconf 89' lang='lat'>:</span> <span class='ocrx_word' id='word_1_536' title='bbox 1222 2691 1297 2730; x_wconf 84' lang='lat' dir='ltr'><em>quia</em></span> <span class='ocrx_word' id='word_1_537' title='bbox 1306 2690 1433 2721; x_wconf 84' lang='lat' dir='ltr'><em>violatio</em></span> <span class='ocrx_word' id='word_1_538' title='bbox 1444 2689 1522 2728; x_wconf 88' lang='lat' dir='ltr'><em>juris</em></span> <span class='ocrx_word' id='word_1_539' title='bbox 1537 2696 1582 2717; x_wconf 87' lang='lat' dir='ltr'><em>se.</em></span> <span class='ocrx_word' id='word_1_540' title='bbox 1599 2687 1675 2717; x_wconf 86' lang='lat' dir='ltr'><em>sacri</em></span> <span class='ocrx_word' id='word_1_541' title='bbox 1689 2696 1747 2727; x_wconf 88' lang='lat' dir='ltr'><em>pu-</em></span> 
     </span>
     <span class='ocr_line' id='line_1_72' title="bbox 1055 2735 1749 2773; baseline -0.006 -10"><span class='ocrx_word' id='word_1_542' title='bbox 1055 2735 1152 2770; x_wconf 85' lang='lat' dir='ltr'><em>nitur,</em></span> <span class='ocrx_word' id='word_1_543' title='bbox 1169 2740 1329 2773; x_wconf 84' lang='lat' dir='ltr'><em>propterea</em></span> <span class='ocrx_word' id='word_1_544' title='bbox 1344 2742 1440 2763; x_wconf 87' lang='lat' dir='ltr'><em>nemo</em></span> <span class='ocrx_word' id='word_1_545' title='bbox 1452 2741 1563 2771; x_wconf 84' lang='lat' dir='ltr'><em>agrurn</em></span> <span class='ocrx_word' id='word_1_546' title='bbox 1576 2736 1749 2766; x_wconf 84' lang='lat' dir='ltr'><em>consecret,</em></span> 
     </span>
     <span class='ocr_line' id='line_1_73' title="bbox 1053 2774 1677 2812; baseline -0.003 -6"><span class='ocrx_word' id='word_1_547' title='bbox 1053 2786 1093 2806; x_wconf 88' lang='lat' dir='ltr'><em>ne</em></span> <span class='ocrx_word' id='word_1_548' title='bbox 1109 2776 1219 2807; x_wconf 90' lang='lat' dir='ltr'><em>locum</em></span> <span class='ocrx_word' id='word_1_549' title='bbox 1235 2776 1328 2806; x_wconf 81' lang='lat' dir='ltr'><em>saciat</em></span> <span class='ocrx_word' id='word_1_550' title='bbox 1341 2776 1480 2806; x_wconf 86' lang='lat' dir='ltr'><em>violandi</em></span> <span class='ocrx_word' id='word_1_551' title='bbox 1492 2774 1571 2812; x_wconf 85' lang='lat' dir='ltr'><em>juris</em></span> <span class='ocrx_word' id='word_1_552' title='bbox 1587 2774 1677 2804; x_wconf 83' lang='lat' dir='ltr'><em>sacri.</em></span> 
     </span>
    </p>
   </div>
  </div>
 </body>
</html>
