1844 3202
301 125 380 160 884
611 130 613 132 ’
672 122 731 162 Μ.
759 122 976 162 TULLII
1015 123 1356 163 CICERONIS

360 228 602 283 Fnonro.)
638 231 709 272 Da
736 230 841 272 mihi
873 240 1142 288 potestatem,
1175 248 1263 285 eos,
1294 231 1368 289 qui
1402 238 1495 274 tum
1527 232 1734 275 affuerunt

303 283 518 339 Cornelio,
540 287 796 329 nominandi.

359 341 488 395 Idem)
513 345 666 396 Facite,
688 353 736 386 ut
756 344 908 394 facitis,
928 345 1000 400 qui
1021 345 1074 387 ad
1095 359 1264 387 causam
1285 344 1453 387 adestis.

357 398 485 452 Idem)
519 401 636 457 Quid
665 401 776 442 enim
808 401 912 442 mihi
941 410 1152 443 certamen
1173 413 1237 444 est
1264 418 1363 444 cum
1382 410 1641 452 accusatore,
1661 408 1735 442 aut

300 456 546 497 contentio?

357 512 486 565 Idem)
511 512 599 569 Qui
617 512 855 554 commodis
875 513 1024 571 populi
1056 514 1106 555 R.
1127 513 1274 570 lingua
1298 513 1568 572 duntaxat‘ac
1586 512 1732 555 volun-

300 576 386 610 tate
408 569 633 610 consuluit.

359 625 485 677 Idem)
508 625 749 681 Expelleret
769 640 794 666 a
813 624 1166 681 dispensantibus.

355 681 485 734 Idem)
512 682 594 723 Sed
612 682 665 724 ad
684 682 831 724 urbem
850 682 1014 723 dierum
1032 692 1114 724 tres
1135 682 1305 723 fuerunt
1321 682 1620 738 complurium.

357 738 484 790 Idem)
509 740 653 795 Quam
673 738 899 803 diligentes
920 739 1122 781 libertatis
1136 754 1209 780 vos
1229 747 1423 795 oporteat
1442 753 1546 780 esse.

321 851 330 859 ·
356 795 484 858 idem)
519 796 564 837 Si
593 811 666 838 vos
696 796 824 853 hujus
854 796 1045 839 fortunas
1076 811 1309 853 paucorum
1338 796 1438 838 odio
1467 794 1732 852 adjudicave-

299 861 403 893 ritis.

997 909 1045 950 In

560 980 785 1024 ‘TOGA
837 981 1174 1024 CANDIDA
1215 983 1335 1025 Orat.
1368 983 1447 1024 IX.

714 1047 1081 1094 ARGUMENTUM
1108 1062 1324 1097 AsCONn.

301 1120 390 1157 Haec
416 1120 522 1156 oratio
549 1118 640 1156 dicta
665 1129 713 1156 est
737 1120 782 1156 L.
806 1119 955 1164 Caesare,
987 1120 1027 1157 C.
1052 1120 1171 1170 Figulo
1195 1120 1284 1158 Coss.
1309 1127 1383 1172 post
1410 1135 1535 1158 annum
1559 1134 1660 1172 quam
1675 1131 1735 1171 pro

357 1173 506 1211 Cornelio
519 1172 666 1210 dixerat.
726 1172 794 1210 Sex
809 1173 1026 1223 competitores
1045 1173 1079 1210 in
1097 1174 1284 1211 consulatus
1299 1175 1453 1225 petitione
1475 1174 1585 1212 Cicero
1603 1173 1736 1217 babuit,

353 1226 434 1263 duos
448 1227 619 1277 patricios,
641 1228 685 1263 P.
705 1226 891 1277 Sulpicium
918 1227 1080 1271 Galbam,
1103 1228 1147 1265 L.
1171 1228 1325 1278 Sergium
1349 1229 1534 1265 Catilinam
1551 1244 1562 1264 .·
1590 1234 1736 1279 quatuor

346 1280 500 1331 plebeios,
519 1294 561 1317 ex
580 1280 698 1331 quibus
718 1279 781 1316 dno
799 1280 932 1323 nobiles,
951 1280 992 1318 C.
1009 1282 1206 1326 Antonium,
1229 1282 1287 1319 M.
1304 1282 1442 1319 Antonii
1459 1282 1596 1318 oratoris
1602 1280 1736 1328 filium,

356 1335 401 1371 L.
425 1334 579 1371 Cassium
609 1334 799 1384 Longinum
814 1350 826 1370 .·
856 1333 949 1377 duos,
977 1335 1036 1385 qui
1066 1342 1198 1371 tantum
1225 1349 1288 1372 non
1308 1335 1413 1386 primi
1431 1348 1472 1372 ex
1487 1335 1640 1384 familiis
1665 1335 1735 1372 suis

353 1388 591 1437 magistratum
611 1387 724 1438 adepti
741 1396 851 1432 erant,
880 1389 922 1437 Q.
948 1387 1174 1434 Cornificium,
1194 1397 1224 1425 ct
1258 1388 1299 1426 C.
1322 1389 1491 1426 Licinium
1513 1387 1735 1426 Sacerdotem.

354 1442 441 1477 solus
466 1442 576 1479 Cicero
595 1455 637 1478 ex
655 1440 913 1491 competitoribus
940 1443 1083 1492 equestri
1102 1452 1173 1479 erat
1191 1442 1257 1479 laco
1274 1451 1388 1485 natus,
1405 1449 1507 1493 atque
1525 1443 1559 1478 in
1581 1442 1739 1493 petitione

349 1502 483 1545 patrem
511 1495 636 1532 amisit.
666 1495 778 1531 caeteri
805 1495 873 1542 ejus
898 1496 1115 1545 competitores
1141 1495 1281 1532 modeste
1303 1509 1336 1532 se
1346 1509 1489 1545 gessere,
1509 1496 1641 1546 visique
1657 1501 1737 1533 sunt

360 1549 406 1598 Q.
428 1548 626 1595 Cornificius
652 1555 684 1585 et
712 1549 756 1584 P.
779 1547 892 1585 Galba
919 1548 1021 1585 sobrii
1047 1562 1088 1585 ac
1114 1550 1223 1586 sancti
1248 1550 1346 1586 viri:
1378 1547 1539 1586 Sacerdos
1556 1549 1653 1586 nulla
1672 1549 1737 1585 im·

348 1601 518 1651 probitate
535 1610 643 1638 notus.
701 1601 868 1643 Cassium,
895 1602 953 1652 qui
981 1603 1067 1639 iners
1095 1616 1135 1639 ac
1161 1602 1299 1639 stolidus
1326 1611 1397 1639 tum
1426 1603 1536 1651 magis
1553 1615 1654 1652 quam
1672 1602 1736 1639 im-

347 1654 474 1705 probus
491 1654 676 1698 videretur,
695 1654 753 1691 sed
763 1663 850 1705 post,
852 1667 976 1705 paucos
992 1669 1110 1692 menses
1125 1657 1159 1692 in
1176 1656 1398 1702 conjuratione
1415 1655 1576 1693 Catilinae
1590 1668 1656 1693 esse
1673 1665 1737 1706 ap-

347 1708 477 1758 paruit,
498 1722 540 1745 ac
557 1708 862 1745 cruentissimarum
882 1709 1120 1745 sententiarum
1125 1710 1240 1758 fuisse
1255 1719 1421 1746 auctorem
1435 1725 1447 1747 .·
1469 1709 1582 1760 itaque
1598 1709 1632 1748 hi
1649 1721 1737 1760 qua-

354 1769 428 1798 tuor
450 1772 512 1813 pro
539 1775 573 1798 re
589 1761 768 1810 jacebant.
828 1762 979 1799 Catilina
998 1771 1108 1800 autem
1128 1772 1160 1800 et
1177 1762 1355 1806 Antonius,
1374 1776 1567 1813 quanquam
1587 1761 1737 1801 omnibus

353 1816 498 1853 maxime
515 1815 654 1864 irffamis
672 1829 781 1852 eorum
802 1815 881 1852 vita
900 1825 990 1858 esset,
1011 1826 1121 1853 tamen
1147 1817 1289 1853 multum
1300 1822 1471 1866 poterant.
1489 1816 1634 1854 coierant
1651 1816 1738 1854 enim

352 1868 463 1913 ambo,
482 1876 522 1906 ut
546 1869 731 1907 Ciceronem
750 1869 924 1906 consulatu
942 1869 1128 1917 dejicerent,
1149 1869 1358 1918 anutoribus
1378 1870 1430 1906 usi
1435 1868 1655 1916 firmissimis,
1674 1870 1736 1909 M.

356 1922 490 1966 Crasso,
506 1932 537 1959 et
569 1923 610 1960 C.
633 1925 784 1959 Caesare.
839 1923 961 1973 Itaque
987 1923 1059 1960 ἷκτο
1085 1925 1190 1960 oratio
1216 1933 1331 1961 contra
1357 1924 1462 1960 solum
1493 1923 1678 1961 Catilinam
1703 1932 1737 1960 et

352 1977 534 2013 Antonium
561 1984 622 2014 est.
682 1977 797 2013 Causa
824 1977 979 2013 orationis
1007 1976 1194 2023 hujusmodi
1211 1978 1246 2013 in
1266 1983 1386 2014 senatu
1404 1975 1568 2014 habendae
1589 1977 1738 2014 Ciceroni

339 2030 431 2079 fuit,
460 2029 558 2080 quod,
586 2044 659 2067 cum
688 2030 723 2065 in
750 2029 818 2065 dies
846 2030 978 2067 licentia
1006 2030 1155 2067 ambitus
1182 2038 1363 2080 augeretur
1383 2040 1518 2080 propter
1529 2032 1737 2081 prcecipuam

357 2083 521 2120 Catilince
543 2090 575 2119 et
599 2083 737 2119 Antonii
756 2082 949 2128 audaciam,
968 2095 1141 2121 censuerat
1169 2093 1317 2127 senatus,
1337 2093 1374 2120 ut
1393 2084 1449 2120 Iex
1467 2083 1613 2121 ambitus
1631 2090 1735 2121 aucta

351 2137 452 2172 etiam
481 2150 554 2173 cum
577 2148 681 2186 poena
695 2136 862 2185 ferretur.
890 2138 918 2174 ei
946 2150 1070 2188 quoque
1096 2138 1144 2174 rei
1168 2139 1211 2187 Q.
1232 2137 1370 2173 Mutius
1395 2137 1565 2174 Orestinus
1584 2137 1737 2174 tribunus

347 2191 399 2240 pl.
420 2191 658 2226 intercesserat.
679 2203 753 2225 cum
778 2189 901 2232 Cicero,
916 2191 1076 2239 gra-viter
1095 2201 1213 2228 senatu
1234 2191 1486 2229 intercessionem
1492 2191 1641 2239 ferente,
1657 2205 1736 2227 sur-

353 2244 453 2286 revit,
471 2254 572 2293 atque
590 2245 624 2280 in
643 2243 808 2280 coitionem
833 2244 994 2285 Catilinae
1013 2253 1044 2281 et
1062 2246 1200 2281 Antonii
1219 2245 1371 2281 invectus
1389 2251 1437 2281 est
1460 2253 1538 2281 ante
1556 2243 1622 2280 dies
1641 2245 1738 2281 comi-

355 2298 473 2334 tiorum
488 2309 624 2348 paucos.

765 2349 891 2390 Deest
907 2349 1156 2405 principium
1177 2358 1279 2391 orat.

503 2464 527 2492 >lb
755 2465 781 2491 ἅτ
1008 2465 1033 2490 ἡ*
1261 2465 1285 2484 ἑὲ
1513 2465 1538 2488 2*

300 2524 497 2604 DICO,
522 2555 564 2594 P.
588 2553 654 2602 C„
676 2552 887 2607 superiore
916 2561 1039 2593 nocte
1060 2552 1279 2608 cujusdam
1302 2553 1484 2594 hominis
1505 2552 1672 2603 nobilis,
1692 2562 1736 2595 et

302 2611 418 2651 valde
439 2612 479 2651 in
501 2610 583 2650 hoc
604 2610 839 2664 largitionis
858 2618 1024 2665 quaestu
1046 2610 1131 2650 noti
1154 2620 1196 2650 et
1215 2610 1390 2665 cogniti,
1416 2609 1591 2651 domum
1615 2609 1734 2651 Cati-

301 2668 431 2709 linam
450 2676 490 2708 et
513 2667 746 2708 Antonium
768 2682 865 2706 cum
887 2666 1171 2723 sequestribus
1191 2667 1274 2707 suis
1294 2668 1546 2708 convenisse.

359 2726 500 2781 Quem
519 2724 627 2764 enim
653 2733 723 2764 aut
745 2723 928 2764 amicum
949 2723 1103 2763 habere
1120 2732 1260 2778 potest
1275 2724 1324 2775 is,
1342 2723 1413 2779 qui
1433 2731 1497 2765 tot
1515 2723 1624 2764 cives
1643 2731 1732 2764 tru-

301 2781 480 2822 cidavit:
510 2790 584 2821 aut
605 2780 816 2830 clientem,
839 2780 910 2835 qui
939 2780 981 2820 in
1012 2793 1086 2820 sua
1114 2779 1280 2822 civitate
1309 2794 1406 2822 cum
1421 2780 1643 2836 peregrino
1662 2793 1736 2829 ne-

301 2838 417 2894 gavit
440 2837 661 2895 sejudicio
684 2851 805 2894 aequo
827 2845 985 2878 certare
1004 2837 1156 2894 posse?
