1844 3202
601 102 1004 142 FRAGMENTA.
1445 109 1519 150 877

148 212 369 255 SERVIUS
395 223 432 255 2.
457 211 622 267 Georg.)
646 211 835 252 Arcades
855 225 899 253 se
918 210 1158 266 proselenos
1177 224 1268 251 esse
1288 219 1491 252 asserunt.

146 268 405 312 SEvas
391 283 433 309 m
453 282 493 322 9.
512 266 700 320 AEneid.)
726 267 1030 309 Commissura.

143 324 322 367 Aeno
308 340 351 367 zn
372 326 495 377 Ροὲί.)
522 325 693 365 Puncta.

143 381 299 424 BoE'r.
313 382 361 423 de
375 379 529 436 definit.
533 381 546 433 )
570 379 898 436 Descripsistine
913 379 1004 437 ejus
1020 379 1314 430 necessarium,
1327 387 1517 420 nostrum

85 438 442 502 competitorem?
471 438 599 478 istum
631 437 785 501 ipsum,
822 437 942 494 cujus
979 451 1090 478 nunc
1121 435 1277 487 studio,
1309 443 1351 476 et
1382 435 1519 490 gratia

85 502 179 536 tota
198 494 410 536 accusatio
431 494 512 536 ista
532 493 694 535 munita
712 502 788 535 est.

758 583 838 624 Pro

430 660 483 702 C.
516 660 822 703 CORNELIO
855 660 890 701 I.
921 659 1039 701 Orat.
1068 658 1172 703 V11.

432 751 558 806 Cujus
564 750 734 807 fragm
754 750 930 792 servavit
949 750 1162 791 Asconius.

138 829 301 871 Pmse.
325 827 353 871 l.
376 830 433 884 6.)
469 830 532 870 Ut
560 829 613 870 ab
640 830 744 870 Jove
764 830 927 886 optimo
948 828 1149 880 maximo,
1171 826 1417 884 caeterisque
1437 827 1516 869 diis

78 884 323 943 deabusque
352 887 548 928 omnibus
579 900 719 942 opem,
741 896 784 928 et
813 886 1015 927 auxilium
1046 894 1253 942 petamus.
1313 885 1404 926 Hoc
1410 887 1515 940 sra-

75 950 288 998 gmentum
321 942 514 985 orationis
548 942 802 985 Corneliana?
833 943 888 984 ud
914 943 1094 998 primam
1122 943 1301 998 refertur
1333 957 1358 982 α
1390 942 1512 983 Grae-

77 1013 156 1043 vlo.

491 1093 857 1129 ARGUMENTUM
883 1092 1098 1128 ASCONII.

81 1163 254 1202 Cornelius
273 1163 363 1202 homo
380 1177 443 1201 non
462 1163 627 1215 improbus
646 1164 722 1201 vita
742 1164 877 1201 habitus
897 1173 954 1201 est.
1011 1165 1136 1200 Fuerat
1155 1173 1302 1214 quaestor
1324 1164 1387 1201 Cn.
1410 1166 1510 1201 Pom·

123 1218 208 1269 peii,
233 1217 308 1255 dein
332 1217 487 1254 tribunus
504 1218 553 1268 pl.
578 1218 620 1255 C.
640 1219 760 1255 Pisone
779 1218 921 1261 consule,
943 1217 1068 1254 biennio
1092 1224 1180 1260 ante,
1201 1231 1304 1267 quam
1331 1217 1403 1254 baec
1422 1216 1513 1254 dicta

128 1278 220 1309 sunt.
274 1272 316 1308 In
333 1284 367 1308 eo
391 1272 596 1321 magistratu
616 1272 666 1308 ita
684 1285 719 1308 se
731 1273 851 1321 gessit,
871 1280 908 1308 ut
926 1272 1067 1320 justior,
1086 1270 1146 1308 sed
1160 1271 1361 1321 pertinacior
1378 1271 1510 1307 videre-

130 1333 199 1362 tur.
256 1325 435 1362 Alienatus
456 1334 567 1361 autem
586 1338 609 1361 a
627 1332 745 1361 senatu
763 1339 805 1363 ex
829 1325 892 1362 hac
910 1338 1025 1362 causa.
1081 1324 1257 1362 Retulerat
1281 1323 1331 1361 ad
1345 1334 1511 1370 senatum,

127 1387 181 1423 ut,
201 1379 354 1429 quoniam
370 1388 560 1415 exterarum
581 1379 753 1415 nationum
778 1379 899 1428 legatis
919 1379 1058 1429 pecunia
1078 1387 1197 1415 mutua
1217 1391 1343 1427 magna
1373 1377 1512 1415 daretur

130 1445 249 1477 usura,
268 1433 445 1483 turpiaque
462 1441 493 1469 et
498 1432 640 1481 famosa
658 1445 700 1469 ex
719 1446 753 1470 eo
770 1433 866 1469 lucra
873 1431 1010 1478 fierent,
1029 1444 1069 1468 ne
1091 1432 1166 1482 quis
1183 1432 1305 1481 legatis
1321 1440 1512 1470 exterarum

126 1486 297 1523 nationum
318 1486 495 1537 pecuniam
521 1497 696 1536 expensam
710 1487 835 1535 firret.
864 1486 959 1532 cujus
986 1485 1175 1522 relationem
1199 1484 1392 1535 repudia-vit
1410 1499 1509 1522 sena-

125 1547 205 1576 tusae
232 1547 266 1576 et
291 1538 439 1576 decrevit
465 1539 678 1586 satifactum
705 1538 817 1576 videri
842 1552 876 1575 eo
907 1539 945 1576 S.
971 1539 1010 1576 C.
1033 1538 1123 1590 quod
1146 1548 1226 1575 ante
1251 1551 1354 1575 annos
1382 1539 1510 1590 aliquot

128 1592 192 1630 Cn.
216 1593 379 1638 Domitio,
404 1593 445 1630 C.
470 1592 576 1630 Caelio
599 1592 784 1629 consulibus
802 1593 945 1640 factum
969 1600 1057 1636 erat,
1078 1606 1152 1629 cum
1171 1601 1306 1629 senatus
1324 1602 1404 1629 ante
1414 1603 1510 1644 pau-

122 1646 213 1682 culos
230 1660 333 1683 annos
356 1646 412 1682 illo
429 1646 467 1684 S.
493 1646 532 1684 C.
552 1645 761 1690 decrevisset,
781 1659 821 1682 ne
837 1647 911 1695 quis
935 1645 1146 1683 Cretensibus
1161 1646 1335 1695 pecuniam
1354 1656 1509 1684 mutuam

122 1698 231 1737 daret.
290 1700 462 1737 Cornelius
481 1713 520 1736 ea
539 1712 573 1736 re
590 1698 732 1747 offensus
750 1699 894 1743 senatui,
911 1708 1044 1749 questus
1062 1705 1110 1734 est
1128 1698 1168 1735 de
1185 1712 1224 1735 ea
1243 1712 1278 1735 re
1295 1700 1330 1735 in
1347 1700 1507 1744 concione,

122 1752 297 1789 exhauriri
321 1753 514 1803 provincias
542 1752 668 1797 usuris,
692 1752 938 1802 providendum
965 1762 1002 1789 ut
1030 1751 1188 1789 haberent
1215 1752 1321 1802 legati
1348 1753 1435 1790 unde
1471 1755 1508 1792 in

116 1806 303 1857 praesentia
329 1807 506 1856 pecuniam
536 1804 750 1842 creditoribus
779 1805 899 1842 darent
913 1822 926 1843 .·
950 1805 1252 1856 promulgavitque
1283 1806 1400 1856 legem,
1436 1821 1506 1858 qua

120 1860 353 1896 auctoritatem
371 1869 506 1896 senatus
526 1858 709 1905 minuebat,
728 1872 768 1895 ne
790 1859 880 1909 quis,
901 1860 964 1896 nisi
976 1870 1037 1910 per
1055 1860 1227 1910 populum,
1247 1859 1376 1909 legibus
1394 1862 1505 1898 solve-

119 1923 215 1950 retur
228 1930 240 1949 :
270 1912 360 1963 quod
383 1912 520 1964 antiquo
537 1925 665 1964 quoque
680 1914 761 1962 jure
777 1920 851 1948 crat
869 1922 1019 1949 cautum.
1039 1913 1154 1964 itaque
1173 1914 1208 1949 in
1227 1913 1376 1950 omnibus
1396 1914 1435 1952 S.
1461 1915 1503 1953 C.

118 1965 241 2017 quibus
258 1975 329 2002 tum
353 1967 506 2017 aliquem
526 1965 654 2016 legibus
677 1966 764 2003 solvi
778 1965 949 2016 placebat,
969 1966 1071 2013 adjici
1086 1975 1160 2002 erat
1178 1966 1323 2011 solitum,
1344 1977 1381 2004 ut
1408 1968 1448 2005 de
1464 1981 1504 2005 ea

118 2033 154 2057 re
173 2018 222 2056 ad
233 2019 388 2070 populum
394 2020 552 2069 firretur
565 2036 576 2056 :
603 2019 664 2056 sed
674 2019 842 2071 paulatim
858 2020 954 2068 ferri
978 2027 1051 2056 erat
1074 2019 1230 2064 desitum,
1249 2033 1364 2071 resque
1370 2021 1450 2068 jam
1469 2023 1505 2059 in

117 2086 191 2111 eam
217 2073 480 2110 consuetudinem
506 2082 661 2117 venerat,
681 2083 720 2110 ut
735 2082 893 2124 postremo
913 2087 952 2110 ne
970 2072 1169 2120 adjiceretur
1188 2073 1318 2124 quidem
1339 2074 1373 2110 in
1394 2074 1434 2112 S.
1457 2075 1501 2113 C.

117 2127 159 2164 de
176 2127 347 2176 rogatione
363 2126 413 2163 ad
421 2127 581 2177 populum
593 2126 758 2176 ferenda,
777 2139 880 2177 eaque
901 2127 975 2178 ipsa
1005 2127 1045 2164 S.
1069 2127 1110 2164 C.
1123 2137 1188 2178 per
1198 2127 1361 2178 pauculos
1387 2128 1503 2166 admo-

118 2180 199 2217 dum
217 2178 368 2226 fiebant.
422 2180 565 2230 Indigne
595 2193 669 2217 eam
704 2180 848 2218 Cornelii
877 2180 1079 2231 rogationem
1109 2180 1259 2217 tulerant
1283 2182 1504 2232 potentissimi

119 2234 240 2285 quique
261 2246 303 2270 cx
325 2233 548 2278 senatoribus,
577 2247 715 2285 quorum
739 2234 862 2284 gratia
885 2244 1082 2285 magnopere
1099 2234 1324 2272 minuebatur.
1380 2236 1502 2288 Itaque

122 2287 164 2324 P.
187 2286 355 2324 Servilius
386 2286 550 2324 Globulus
576 2286 731 2324 tribunus
754 2288 805 2338 pl.
825 2288 984 2324 inventus
1011 2296 1099 2332 erat,
1128 2289 1187 2337 qui
1211 2288 1252 2325 C.
1276 2288 1425 2326 Cornelio
1442 2290 1500 2327 ob-

115 2340 257 2377 sisteret.
275 2341 319 2385 is,
337 2339 396 2376 ubi
409 2339 662 2390 Iegisjerundae
679 2339 749 2378 dies
766 2342 872 2383 venit,
887 2350 919 2377 et
931 2351 1042 2391 praeco
1054 2340 1246 2389 subjiciente
1262 2341 1373 2379 scriba
1391 2343 1501 2381 verba

116 2393 199 2443 Iegis
218 2393 356 2431 recitare
368 2394 489 2445 populo
507 2395 617 2445 coepit,
636 2403 666 2431 et
685 2393 830 2431 scribam
849 2394 1018 2442 subjicere,
1037 2401 1070 2431 et
1080 2405 1268 2455 praeconem
1280 2397 1501 2446 pronuntiare

110 2457 237 2497 passus
255 2460 318 2483 non
334 2455 394 2484 est.
452 2447 538 2484 Tum
570 2447 738 2485 Cornelius
763 2448 832 2499 ipse
859 2447 996 2484 codicem
1020 2449 1193 2486 recitavit.
1221 2448 1311 2499 quod
1333 2462 1408 2486 cum
1435 2452 1499 2486 im-

111 2499 213 2551 probe
227 2497 311 2546 fieri
341 2499 382 2537 C.
402 2500 481 2537 Piso
506 2501 621 2538 consul
643 2500 851 2539 vehementer
869 2511 1072 2561 quereretur,
1090 2501 1225 2552 tollique
1241 2515 1283 2539 ea
1300 2516 1336 2539 re
1354 2503 1498 2540 tribuni·

115 2553 203 2590 ciam
222 2552 475 2590 intercessionem
496 2553 630 2599 diceret,
642 2555 754 2605 gravi
777 2555 924 2592 convicio
942 2568 965 2591 a
976 2555 1097 2606 populo
1123 2565 1277 2615 exceptus
1295 2566 1356 2593 est.
1373 2566 1405 2593 et
1423 2571 1498 2593 cum

115 2606 173 2644 ille
188 2619 254 2651 eos,
271 2607 334 2657 qui
349 2605 413 2643 sibi
435 2607 647 2645 intentabant
669 2622 803 2652 manus,
817 2607 936 2658 prendi
953 2623 975 2645 a
995 2609 1107 2646 lictore
1114 2609 1284 2656 jussisset,
1291 2610 1409 2658 fracti
1425 2610 1497 2656 ejus

103 2659 226 2708 fasces
249 2659 372 2704 cuncti,
389 2659 580 2711 lapidesque
607 2662 707 2699 etiam
727 2675 769 2699 ex
785 2661 907 2698 ultima
925 2663 1071 2700 concione
1088 2663 1124 2699 in
1141 2662 1303 2699 consulem
1311 2662 1414 2708 jacti.
1434 2677 1498 2713 quo

116 2713 264 2751 tumultu
291 2712 463 2750 Cornelius
479 2715 700 2764 perturbatus
724 2715 896 2752 concilium
914 2714 1053 2754 dimisit.
1108 2718 1233 2752 Actum
1251 2714 1367 2751 deinde
1383 2715 1496 2752 eadem

116 2765 157 2803 de
171 2778 210 2804 re
225 2765 261 2803 in
277 2775 395 2804 senatu
411 2775 460 2804 est
477 2768 611 2818 magnis
628 2767 898 2806 contentionibus.
955 2769 1042 2806 Tum
1065 2769 1235 2806 Cornelius
1254 2768 1407 2816 itaferre
1419 2783 1495 2808 rur·

118 2832 174 2856 sus
194 2819 305 2870 coepit‚
323 2833 364 2856 ne
380 2820 454 2871 quis
475 2820 511 2858 in
536 2832 653 2860 senatu
671 2822 802 2873 legibus
820 2821 1016 2867 solveretur,
1035 2822 1100 2858 nisi
1123 2820 1189 2859 CC
1202 2821 1394 2870 affuissent,
1414 2835 1498 2862 neve

173 2883 292 2914 vox..
310 2885 379 2915 lv.
403 2886 443 2914 P.
465 2885 522 2914 11.
804 2887 828 2929 3
851 2886 877 2914 1.
