1844 3202
557 111 742 150 LIBER
777 107 1115 148 SECUNDUS.
1476 114 1559 155 7313

116 221 654 302 QUEMADMODUM
675 249 813 292 officia
829 248 1084 291 ducerentur
1104 249 1158 291 ab
1177 248 1413 301 honestate,
1433 251 1555 293 Mar·
1570 251 1599 299 1

113 323 164 349 ce
185 308 256 360 fili,
277 319 403 366 atque
427 309 480 350 ab
511 308 628 349 omni
652 321 806 363 genere
825 306 1003 358 virtutis,
1033 306 1132 347 satis
1158 305 1412 361 explicatum
1441 308 1552 349 arbi·
1570 326 1587 357 1

115 374 204 405 tror
238 366 347 407 libro
379 364 607 421 superiore.
667 364 881 420 Sequitur,
916 372 965 404 ut
1004 362 1098 404 haec
1130 362 1364 404 officiorum
1399 377 1557 418 genera

114 435 355 477 persequar,
387 436 483 477 quae
512 421 723 477 pertinent
753 420 807 461 ad
826 420 919 461 vitae
951 418 1130 470 cultum,
1158 427 1200 460 et
1231 418 1285 460 ad
1313 433 1458 460 earum
1489 434 1555 460 re-

115 491 225 528 rum,
252 487 264 509 ¹
282 478 436 534 quibus
460 486 639 519 utuntur
664 478 874 527 homines,
898 476 1160 526 facultatem,
1179 475 1234 517 ad
1259 489 1378 531 opes,
1399 474 1453 517 ad
1483 490 1558 516 co-

115 533 220 588 pias.
241 534 283 574 in
313 549 398 591 quo
419 543 511 575 tum
532 534 664 590 quaeri
687 533 786 585 dixi,
807 532 909 589 quid
939 533 1057 584 utile,
1078 532 1181 589 quid
1211 533 1359 574 inutile
1379 548 1388 573 :
1430 540 1447 563 ‘2
1463 541 1557 576 tum

116 603 168 629 ex
184 590 358 632 utilibus
380 591 483 646 quid
504 591 665 642 utilius,
687 599 762 632 aut
781 589 883 645 quid
902 589 1085 630 maxime
1104 589 1222 631 utile.
1243 589 1296 630 de
1317 588 1471 645 quibus
1493 589 1558 630 di-

113 659 211 687 cere
228 647 465 703 aggrediar,
485 647 519 689 si
542 661 678 703 pauca
697 646 812 703 prius
833 645 887 687 de
907 645 1117 697 instituto,
1134 660 1183 688 ac
1204 645 1256 687 de
1270 645 1437 702 judicio
1459 660 1557 688 meo

114 701 276 744 dixero.
336 705 611 760 Quamquam
632 704 743 744 enim
763 702 860 744 libri
888 702 1022 744 nostri
1047 703 1288 758 complures
1312 717 1397 743 non
1424 703 1595 748 mod02

115 758 172 808 ad
208 759 393 816 legendi,
424 761 498 802 sed
537 761 666 802 etiam
695 759 749 801 ad
786 758 994 801 scribendi
1024 759 1213 801 studium
1243 759 1559 802 excitaverunt:

114 825 258 857 tamen
291 817 501 858 interdum
529 831 687 868 vereor,
722 830 776 857 ne
806 815 1064 872 quibusdam
1093 816 1215 858 bonis
1241 815 1334 858 viris
1365 816 1558 872 philoso-

113 871 226 927 phite
258 888 413 914 nomen
442 874 495 915 sit
527 874 705 915 invisum
723 890 734 924 3
776 874 1082 929 mirenturque,
1111 873 1156 915 in
1195 887 1245 914 ea
1284 881 1451 915 tantum
1488 887 1559 916 me

115 942 254 984 operae
273 939 317 972 et
341 930 542 987 temporis
570 945 741 986 ponere.
799 931 896 985 Ego
917 939 1061 971 autem
1082 930 1286 986 quamdiu
1317 937 1334 961 3
1350 930 1557 986 respubli-

115 999 166 1026 ca
199 1000 274 1042 per
312 1001 386 1028 eos
419 988 662 1043 gerebatur,
692 987 845 1043 quibus
885 1001 929 1028 se
961 986 1053 1042 ipsa
1089 987 1375 1037 commiserat,
1409 1001 1558 1033 omnes

115 1056 230 1083 meas
251 1058 370 1085 curas
391 1044 759 1100 cogitationesque
779 1044 822 1084 in
847 1057 940 1084 eam
961 1043 1230 1084 conferebam
1251 1061 1262 1084 z
1293 1058 1392 1086 cum
1413 1053 1557 1087 autem
1606 1084 1609 1096 2

115 1097 340 1141 dominatu
361 1101 484 1142 unius
506 1100 651 1143 omnia
677 1109 932 1150 tenerentur,
956 1114 1091 1156 neque
1110 1111 1220 1142 esset
1244 1114 1425 1156 usquam
1453 1115 1557 1142 con-

116 1155 211 1196 silio
232 1167 306 1198 aut
326 1157 569 1199 auctoritati
590 1158 724 1208 locus,
744 1157 882 1198 socios
906 1156 1088 1212 denique
1108 1157 1277 1198 tuendae
1299 1157 1558 1213 reipublicae,

108 1221 304 1253 Summos
327 1214 449 1265 viros,
471 1213 703 1254 amisissem
723 1230 732 1255 :
764 1227 841 1253 nec
870 1227 939 1253 me
968 1213 1198 1268 angoribus
1219 1213 1376 1263 dedidi,
1399 1214 1554 1271 quibus

115 1282 252 1309 essem
287 1269 520 1321 confectus,
555 1270 633 1310 nisi
669 1269 719 1311 iis
755 1269 1026 1321 restitissem,
1059 1284 1134 1311 nec
1168 1285 1335 1312 rursum
1370 1270 1558 1327 indignis

113 1324 286 1366 homine
309 1327 437 1368 docto
458 1326 758 1382 voluptatibus.
816 1327 962 1382 Atque
984 1326 1144 1367 utinam
1165 1326 1403 1382 respublica
1437 1336 1456 1359 4
1471 1334 1592 1369 ste-3

116 1382 249 1433 tisset,
272 1398 358 1439 quo
379 1394 580 1439 coeperat,
601 1392 727 1434 statu,
748 1396 824 1424 nec
845 1383 888 1423 in
910 1383 1102 1424 homines
1128 1398 1213 1424 non
1241 1394 1329 1425 tam
1359 1399 1558 1426 commu-

114 1438 338 1495 tandarum
377 1455 532 1491 rerum,
570 1455 699 1495 quam
734 1439 1051 1481 evertendarum
1086 1439 1277 1495 cupidos,
1308 1440 1553 1484 incidisset!

111 1495 297 1550 primum
319 1497 445 1547 enim,
467 1505 516 1538 ut
535 1505 673 1538 stante
693 1497 910 1552 republica
929 1497 1067 1538 facere
1089 1497 1344 1547 solebamus,
1362 1497 1405 1538 in
1424 1513 1556 1553 agen-

111 1550 170 1592 do
192 1553 301 1608 plus,
322 1568 447 1609 quam
469 1554 512 1594 in
538 1553 774 1605 scribendo,
795 1568 934 1609 operae
959 1567 1214 1609 poneremus
1234 1570 1242 1594 :
1275 1553 1428 1595 deinde
1453 1555 1557 1611 ipsis

111 1608 276 1665 scriptis
302 1625 387 1651 non
413 1625 477 1661 ea,
499 1626 595 1666 quae
626 1625 752 1662 nunc,
772 1610 848 1651 sed
890 1611 1108 1651 ⁵actiones
1139 1619 1302 1651 nostras
1332 1611 1556 1653 mandare-

114 1679 226 1716 mus,
266 1676 314 1707 ut
353 1681 465 1722 saepe
501 1667 694 1709 fecimus.
764 1667 878 1708 Cum
917 1676 1062 1709 autem
1101 1667 1354 1722 respublica,
1393 1667 1437 1709 in
1473 1682 1558 1724 qua

114 1722 252 1763 omnis
281 1738 378 1764 mea
406 1738 521 1774 cura,
551 1723 774 1779 cogitatio,
804 1738 934 1779 opera
956 1723 1063 1779 poni
1092 1723 1271 1775 solebat,
1301 1724 1418 1765 nulla
1445 1732 1558 1766 esset

115 1779 306 1831 omnino,
330 1780 414 1820 illae
444 1780 604 1822 scilicet
631 1780 780 1823 litterae
808 1781 1120 1831 conticuerunt,
1140 1781 1340 1832 forenses,
1350 1790 1405 1836 „et
1433 1795 1556 1823 sena-

114 1835 249 1876 toriae.
308 1836 431 1877 Nihil
462 1851 588 1892 agere
622 1845 765 1878 autem
793 1851 892 1878 cum
922 1837 1088 1878 animus
1116 1850 1201 1878 non
1228 1846 1386 1892 posset,
1416 1838 1459 1879 in
1488 1837 1592 1884 his4

114 1891 263 1934 studiis
302 1892 356 1933 ab
394 1893 514 1934 initio
545 1901 730 1934 versatus
770 1894 904 1935 aetatis
923 1909 934 1944 ;
974 1893 1220 1944 existimavi,
1260 1893 1556 1936 honestissime

113 1953 132 1980 ⁶
155 1949 372 1990 molestias
398 1963 522 2005 posse
544 1950 713 2006 deponi,
734 1950 768 1991 si
787 1965 856 1992 me
876 1950 931 1991 ad
958 1949 1278 2007 philosophiam
1303 1951 1557 1995 retulissem.

159 2068 174 2092 1
200 2061 302 2104 quibus
317 2069 438 2093 utuntur
452 2062 494 2106 ξι]
511 2057 651 2096 'Quibus
673 2065 710 2096 iis
732 2074 813 2104 opus

856 2064 903 2094 bri
919 2073 977 2095 ser.
995 2070 1026 2094 et
1039 2064 1110 2095 edd.
1133 2070 1169 2095 ut
1191 2064 1281 2105 Mog.
1304 2065 1425 2096 habent
1440 2065 1557 2105 regeba-

113 2112 161 2134 εει
182 2106 221 2135 ad
237 2106 334 2136 vitam
351 2108 606 2145 sustentandam,
621 2115 656 2139 ut
678 2108 816 2148 pecunia

859 2114 918 2144 tur,
935 2108 1021 2147 quod
1035 2108 1179 2138 videatur
1194 2118 1260 2138 esse
1275 2109 1378 2149 aptius
1394 2109 1428 2139 h.
1444 2109 1466 2139 l.
1482 2110 1559 2149 quia

115 2149 177 2179 ἃς.
192 2158 222 2179 ν.
239 2148 330 2179 Clav.

159 2197 178 2222 2
202 2197 263 2221 tum
286 2202 322 2221 ex
337 2191 456 2222 utilibus
471 2193 544 2235 quid
555 2191 673 2233 utilius]
699 2193 772 2224 Hoc
794 2202 814 2222 a

114 2233 224 2265 multis
246 2234 333 2265 libris
355 2236 454 2270 abest,
477 2237 510 2266 in
533 2237 603 2268 edd.
626 2238 770 2277 primum
796 2245 816 2266 a

113 2277 227 2308 Colon.
244 2277 351 2318 itaque
365 2279 506 2309 delevere
521 2281 666 2319 quidam,
680 2286 717 2310 ut
733 2280 815 2309 Lan-

114 2320 199 2358 gius.
230 2321 290 2351 Sed
305 2322 382 2361 quia
397 2328 506 2352 tamen
522 2330 553 2353 et
569 2323 602 2353 in
617 2322 814 2362 quibusdam

115 2363 207 2393 bonis
230 2363 317 2394 libris
347 2366 508 2405 reperitur,
537 2373 572 2396 ut
601 2373 632 2396 et
657 2366 691 2395 in
715 2365 813 2396 Goth.

116 2406 192 2436 Cur.
207 2408 341 2437 servavit
353 2408 508 2438 Graevius.
524 2409 615 2439 bene.
633 2418 710 2439 nam
726 2415 813 2438 ante-

116 2449 232 2479 cedens
254 2455 326 2486 rum,
349 2451 443 2491 quaeri
463 2451 541 2488 dixi,
567 2451 640 2493 quid
658 2451 751 2488 utile,
768 2461 814 2481 re-

115 2492 212 2532 quirit
229 2491 365 2522 alterum
383 2500 454 2523 tum.
473 2496 729 2530 excidit-autern,
747 2495 816 2533 opi-

117 2544 189 2572 nor,
212 2535 404 2575 negligentia
425 2536 635 2574 librariorum,
660 2547 714 2577 per
736 2537 817 2567 illud

119 2579 226 2617 ipsum
249 2580 383 2608 verbum
409 2579 455 2609 bis
486 2581 637 2619 positum.
662 2587 757 2620 atque
782 2589 817 2611 ut

116 2622 179 2653 hoc
210 2622 395 2651 membrum
418 2623 536 2653 excidit
556 2625 589 2654 in
619 2624 705 2654 libris
729 2624 812 2655 illis:

115 2664 162 2692 sic
177 2664 262 2703 prius
279 2665 312 2695 in
327 2665 376 2694 ed.
393 2665 475 2696 Ven.
498 2672 590 2701 1470.
612 2667 645 2697 in
664 2675 728 2706 qua
751 2668 817 2697 boc

117 2705 225 2736 solum
241 2715 287 2737 est
301 2719 337 2737 ex
351 2707 471 2737 utilibus
485 2708 558 2749 quid
569 2709 670 2739 utilius
687 2711 746 2740 ὅτε.
765 2711 814 2740 ed.

120 2749 216 2780 Rom.
239 2750 335 2781 habet
362 2758 548 2790 utrumque.
576 2753 654 2783 item
683 2752 815 2785 Mediol.

122 2793 183 2822 δῖε.

161 2840 180 2874 3
202 2842 276 2876 resp.
287 2841 342 2876 per
356 2847 398 2867 eos
413 2835 582 2877 gerebatur]
609 2837 751 2873 Quidam
773 2838 812 2869 li-

857 2150 1016 2190 respublica
1040 2151 1093 2181 hic
1122 2151 1237 2181 dicitur
1260 2152 1299 2181 de
1322 2152 1469 2183 universa
1490 2162 1557 2192 rep.

856 2195 946 2233 quasi
963 2203 1102 2233 corpore.

901 2244 920 2267 4
943 2237 1077 2274 stetisset,
1097 2248 1151 2278 quo
1172 2243 1309 2277 :zeperass
1333 2236 1424 2276 statu]
1451 2237 1558 2268 Status

856 2280 889 2310 h.
908 2280 929 2310 l.
953 2287 999 2309 est
1021 2281 1171 2316 conditio,
1187 2290 1283 2311 sensu
1306 2282 1403 2312 bono.
1419 2291 1450 2312 v.
1467 2280 1557 2312 Clav.

857 2323 891 2352 in
907 2324 940 2353 h.
958 2333 990 2352 v.
1525 2334 1530 2337 ·

902 2373 918 2396 5
944 2365 1066 2395 actiones
1088 2363 1210 2404 nostras]
1245 2366 1328 2398 Guae
1357 2367 1482 2407 egimus
1509 2367 1579 2398 dis

856 2409 958 2439 cendo
974 2409 1005 2438 in
1022 2415 1147 2446 senatu,
1164 2410 1248 2448 apud
1270 2409 1430 2449 populum
1449 2411 1483 2440 in
1503 2409 1559 2449 ju-

856 2453 955 2482 diciis.
967 2451 1253 2491 intelligunturque
1261 2454 1429 2491 orationes,
1440 2453 1558 2494 quibus

858 2497 922 2534 egit
936 2504 1045 2524 causas
1062 2496 1136 2534 reip.
1152 2497 1333 2526 amicorum
1349 2497 1410 2526 &c-

903 2543 921 2568 6
945 2537 1086 2567 molestias
1103 2545 1185 2578 posse
1205 2537 1322 2578 deponi]
1354 2539 1406 2568 Sic
1437 2538 1558 2569 habent

859 2582 928 2611 edd.
952 2591 998 2620 pr.
1014 2580 1157 2610 molestias
1169 2582 1257 2612 abest
1271 2591 1290 2611 a
1310 2581 1453 2621 pluribus
1477 2582 1558 2612 Mss.

855 2625 952 2654 etiam
970 2624 1067 2655 Goth.
1083 2625 1169 2654 unde
1183 2625 1299 2654 delevit
1313 2624 1383 2654 Car.
1408 2625 1560 2664 Langius.

857 2668 918 2697 Sed
945 2668 1116 2697 commode
1138 2668 1245 2698 abesse
1271 2678 1335 2698 non
1366 2674 1476 2706 potest.
1500 2667 1560 2696 ita—

859 2720 934 2750 que,
950 2719 1028 2740 cum
1046 2711 1184 2741 habeant
1199 2718 1307 2741 tamen
1329 2711 1460 2749 quidam
1480 2709 1558 2740 boni

859 2754 929 2784 libri
951 2755 1058 2793 scripti
1081 2761 1112 2785 et
1133 2755 1204 2787 edd.
1226 2763 1273 2794 pr.
1299 2754 1381 2784 bene
1402 2753 1558 2784 revocavit

860 2797 1016 2828 Graevius.
1575 2799 1579 2801 “
