1844 3202
281 107 357 151 672
798 108 875 146 DE
913 110 1178 149 LEGIBUS

280 211 454 268 singulis
473 214 587 256 rebus
610 215 730 257 semel
749 217 1008 258 consulante:
1043 233 1124 258 >em
1142 218 1336 272 populum
1358 218 1540 259 docento:
1571 217 1700 259 doceri

281 284 307 309 α
320 269 718 335 Μαςὶείναίίἰιις,ρν
706 273 902 336 malisque
918 274 1384 337 patiunto.Pri1)ilegia
1400 290 1449 315 ne
1468 274 1697 330 irroganto:

281 325 330 366 de
359 327 490 380 capite
518 343 628 379 emes,
651 343 727 369 mse
755 339 827 383 per
857 345 1080 370 mammam
1107 330 1370 380 comitiatum,
1393 308 1582 386 ollosqne,
1605 344 1701 386 quos

282 396 455 424 censores
475 383 513 424 in
529 385 716 439 partibus
731 385 875 439 populi
896 385 1096 435 locassim,
1120 386 1372 441 neferunto:
1404 387 1550 427 donum
1567 401 1616 426 ne
1632 400 1699 427 ca-

276 437 434 492 piunto,
453 455 523 481 nez
521 457 548 481 e
567 441 704 490 drmto,
724 456 797 481 nez·
800 457 819 482 e
834 442 1021 496 petenda,
1040 457 1136 482 neve
1151 443 1342 497 gerenda,
1362 459 1458 484 neve
1479 450 1591 493 aesta
1607 448 1702 497 pot-

280 502 419 536 estate.
483 497 598 551 Quod
625 497 714 552 quis
746 512 883 538 earum
908 513 1042 538 rarum
1072 498 1296 554 migrassit,
1317 499 1451 540 noxiae
1472 510 1595 553 poena
1620 508 1701 553 par

278 559 372 592 esto.
435 560 468 589 17
489 552 772 607 Cemmesstde
791 553 918 609 legem
938 555 1201 595 custodizmto.
1260 555 1422 596 Prizatz'
1443 555 1496 596 ad
1522 570 1583 596 eos
1609 562 1702 595 acta

233 605 511 662 5n>fer·.·u71to
543 624 613 650 vec
632 624 671 649 eo
701 610 832 665 magis
825 588 940 666 alege
972 610 1086 651 liberi
1114 619 1243 652 sunto.
1302 613 1389 652 Lex
1421 612 1593 653 recitata
1621 619 1698 652 est.

219 732 262 762 1‘)

243 753 264 762 ..ι

279 664 407 705 Disce
429 680 532 715 rem,
553 674 593 706 et
615 666 808 706 tabellam
826 667 990 722 jubebo
1012 667 1114 708 dari.

334 723 389 785 Q.
403 723 542 763 Ouam
565 722 690 773 brevi,
708 723 873 773 frater,
865 738 904 763 m
926 733 1154 779 conspectu
1175 723 1310 778 posita
1330 732 1393 764 est
1408 737 1432 763 a
1447 732 1488 763 te
1508 722 1699 764 omnium

278 764 599 832 magistratuum
627 778 873 835 descriptio.
906 779 980 820 sed
1005 794 1053 820 ea
1078 795 1195 835 paene
1217 789 1368 820 nostlae
1391 779 1591 821 civitatis·
1623 779 1701 820 etsi

233 835 264 866 b·
277 847 301 873 a
322 842 362 874 te
384 834 570 888 paullum
588 835 762 876 allatum
784 845 847 877 est
866 836 973 877 novi.
1033 838 1098 877 M.
1125 836 1384 886 Rectissime,
1413 836 1697 891 0011110,αηί-

274 889 511 931 madvertis.
542 890 632 931 haec
662 901 726 932 est
754 893 890 942 enim‚·
912 907 1037 948 quani
1075 893 1215 948 Scipio
1254 892 1396 933 laudat
1424 893 1465 932 in
1497 892 1626 943 libris,
1656 902 1712 933 et·

275 960 402 1000 quam
429 947 608 987 maxime
629 947 778 1002 probat
802 957 973 1003 temper
974 949 1146 990 itionem
1175 949 1438 1005 reipublicae3
1471 964 1563 1004 quae
1592 948 1699 990 effici

273 1016 356 1042 non
387 1002 606 1056 potuisset,
637 1003 713 1044 nisi
742 1004 815 1044 tali
844 1004 1120 1059 descriptione
1150 1005 1488 1059 magistratuum.
1514 1020 1609 1045 nam
1638 1005 1696 1045 sic

271 1057 497 1099 habetote·
487 1074 498 1109 3
531 1059 890 1113 magistratibus,
883 1061 1029 1116 iisque,
1051 1061 1122 1116 qui
1148 1061 1332 1115 piaesint,
1353 1061 1557 1101 contineri
1586 1076 1696 1102 rem-

270 1114 499 1169 publicam,
528 1125 570 1156 et
599 1130 649 1155 ex
678 1130 822 1156 eorum
855 1117 1178 1172 compositione,
1209 1117 1323 1172 quod
1354 1116 1556 1172 cujusque
1599 1117 1698 1158 Rei-

270 1170 451 1225 publicze
488 1186 624 1227 genus
655 1172 721 1223 sit,
751 1173 944 1228 intelligi.
1004 1175 1112 1230 Quae
1152 1188 1216 1213 res
1257 1188 1352 1214 cum
1393 1173 1695 1228 sapientissime

271 1227 690 1283 moderatissimeque
711 1230 939 1270 constituta
961 1239 1069 1270 esset
1090 1245 1114 1269 a
1144 1230 1372 1285 majoribus
1404 1230 1569 1280 nostris,
1592 1229 1696 1270 nihil

271 1283 415 1334 habui,
435 1299 532 1325 sane
558 1299 638 1325 non
668 1285 864 1349 multum,
887 1286 1003 1341 quod
1033 1295 1223 1341 putarem
1254 1286 1488 1327 novandum
1517 1286 1558 1326 in
1589 1286 1695 1341 legi—

212 1339 364 1380 1311115
423 1342 517 1381 Att.
550 1341 713 1382 Reddes
744 1342 872 1397 igitur
900 1343 1034 1393 nobis,
1057 1352 1103 1383 ut
1128 1343 1171 1384 in
1196 1342 1411 1397 ieligionis
1431 1343 1523 1397 lege
1545 1342 1696 1393 fecisti,

269 1397 488 1438 admonitu
514 1405 557 1438 et
582 1407 734 1453 rogatu
762 1413 872 1449 meo,
898 1400 956 1440 sic
985 1400 1036 1440 de
1062 1399 1389 1454 magistratibus,
1419 1407 1466 1439 ut
1469 1375 1697 1453 Qdisputes,

270 1454 423 1508 quibus
463 1454 514 1494 de
544 1455 678 1494 causis
709 1456 887 1495 maxime
917 1455 1080 1510 placeat
1110 1456 1189 1496 ista
1218 1455 1455 1510 (1550τί0ῖί0.
1515 1455 1578 1495 M.
1621 1456 1697 1496 Fa-

270 1509 393 1560 ciam,
415 1510 575 1561 Attice,
596 1520 643 1550 ut
662 1511 748 1551 vis:
778 1521 820 1552 et
841 1512 980 1552 locum
1005 1513 1132 1553 istum
1155 1521 1309 1560 totum,
1330 1521 1375 1553 ut
1396 1527 1420 1552 a
1441 1511 1694 1554 doctissimis

270 1566 446 1607 Graeciae
478 1567 715 1622 quaesitum,
741 1577 784 1608 ct
811 1568 1070 1623 disputatum
1099 1578 1176 1618 est,
1199 1542 1443 1622 explicabo.
1473 1577 1530 1618 et,
1556 1578 1603 1609 ut
1632 1569 1695 1609 in—

269 1622 398 1673 stitui,
434 1632 575 1664 nostra
599 1639 696 1678 jura
727 1625 946 1679 attingam.
1005 1626 1099 1666 Att.
1137 1625 1257 1665 Istud
1285 1625 1463 1665 1111Χὶ1110
1495 1634 1694 1679 exspecto

269 1678 497 1720 disseiendi
517 1694 666 1743 genus.
707 1681 772 1720 M.
791 1680 924 1736 Atqui
940 1682 1138 1736 pleraque
1156 1689 1252 1721 sunt
1273 1680 1414 1721 dicta
1406 1696 1446 1721 m
1467 1680 1546 1721 illis
1563 1681 1693 1729 libris,

210 1738 257 1770 14
270 1749 365 1776 cun)
398 1736 450 1776 de
481 1736 641 1790 optima
670 1736 881 1791 1epublica
911 1745 1178 1792 quaereretur.
1237 1737 1320 1777 Sed
1360 1737 1485 1793 hujus
1519 1736 1603 1777 loci
1641 1736 1695 1778 de

271 1792 587 1847 magistratibus
605 1801 702 1833 sunt
722 1793 889 1848 propria
909 1793 1118 1849 quaedam,
1137 1809 1160 1834 a
1180 1793 1473 1848 Theophrasto
1494 1793 1693 1848 primum,

224 1834 420 1889 6deinde
440 1863 463 1889 a
484 1849 623 1889 Dione
644 1850 788 1890 Stoico
809 1851 983 1905 quaesita
1003 1850 1211 1891 subtilius.
1271 1851 1363 1890 Att.
1383 1850 1468 1890 Ain
1487 1849 1658 1890 tandem
1677 1851 1690 1890 ?

137 2476 253 2512 p.1e7.

269 1905 392 1945 etiam
416 1920 439 1945 a
461 1905 612 1945 Stoicis
631 1906 709 1946 ista
727 1915 903 1947 tractata
925 1916 1048 1947 sunt
1042 1908 1054 1936 ³
1089 1908 1154 1947 M.
1182 1908 1282 1948 Non
1314 1921 1424 1957 sane,
1446 1906 1523 1947 nisi
1552 1906 1606 1946 ab
1626 1920 1692 1956 eo,

266 1976 392 2025 quein
424 1961 553 2002 modo
585 1962 806 2011 nominaxi,
837 1972 878 2003 et
908 1972 1055 2017 postea
1093 1978 1117 2003 a
1156 1977 1311 2018 magno
1351 1963 1533 2012 homine,
1573 1971 1616 2003 et
1651 1962 1694 2002 in

264 2017 410 2072 primis
445 2018 625 2068 cruditO,
663 2018 861 2059 Panaetio.
922 2020 1034 2059 Nam
1066 2028 1221 2059 veteres
1224 1996 1375 2061 Dverbo
1404 2028 1540 2068 tenus,
1569 2028 1691 2059 acute

264 2074 325 2114 illi
352 2073 538 2129 quidem,
567 2074 641 2114 sed
672 2089 754 2114 11011
785 2074 837 2114 ad
869 2074 907 2114 h=
900 2089 980 2115 unc
1007 2090 1129 2115 usum
1161 2075 1405 2130 popularem
1438 2083 1562 2130 atque
1594 2074 1693 2115 civi-

264 2129 364 2180 lem,
395 2129 446 2170 de
476 2130 689 2185 republica
726 2131 996 2172 disserebant.
1056 2132 1126 2172 Ab
1156 2131 1234 2172 hac
1263 2131 1419 2173 familia
1447 2131 1584 2186 magis
1613 2130 1692 2171 ista

265 2195 503 2236 manarunt,
542 2186 712 2227 Platone
753 2187 952 2242 principe.
989 2196 1087 2242 post
1115 2187 1364 2229 Aristoteles
1393 2187 1613 2228 illustravit
1641 2202 1690 2228 o-

264 2256 407 2283 mnem
446 2242 558 2282 hunc
596 2242 756 2283 civilem
796 2258 837 2283 1n
869 2243 1123 2298 disputando
1160 2244 1317 2294 locum,
1361 2242 1690 2298 Heraclidesque

266 2299 477 2349 Ponticus,
507 2299 719 2354 profectus
750 2299 801 2340 ab
832 2300 982 2341 eodem
1015 2300 1201 2341 Platone.
1257 2300 1571 2365 Theophrastus
1592 2314 1691 2340 vero

263 2354 480 2396 institutus
501 2355 553 2395 ab
576 2355 820 2407 Aristotele,
843 2356 1057 2407 habitavit,
1078 2366 1125 2397 ut
1145 2356 1273 2407 scitis,
1293 2357 1336 2398 in
1365 2371 1417 2397 eo
1442 2370 1596 2412 genere
1624 2370 1689 2397 re-

265 2426 374 2461 rum,
401 2412 454 2452 ab
485 2410 717 2467 eodemque
739 2413 969 2454 Aristotele
998 2413 1148 2454 doctus
1178 2413 1463 2463 Dicaearchus,
1495 2412 1592 2453 huic
1624 2426 1691 2453 ra·-

266 2467 369 2508 tioni
395 2467 619 2522 studioque
647 2483 731 2508 non
760 2468 908 2509 defuit.
969 2470 1067 2510 Post
1093 2484 1117 2509 a
1142 2469 1433 2524 Theophrasto
1465 2469 1688 2510 Phalereus

247 2523 334 2565 ·ille
354 2524 610 2575 Demetrius,
629 2523 681 2564 de
702 2539 787 2580 q-uo
809 2525 889 2566 feci
910 2539 1034 2580 supra
1054 2525 1324 2576 mentionem,
1345 2525 1588 2567 mirabiliter
1608 2524 1686 2566 do-

263 2657 322 2688 mel
333 2657 510 2698 consulunto]
537 2658 689 2688 Gruterus
706 2658 790 2688 dedit
805 2657 901 2694 simul,
919 2665 955 2688 ut
1043 2665 1078 2694 17
1114 2656 1260 2698 Censores]
1298 2659 1377 2689 Dedi
1408 2669 1484 2690 cum
1514 2659 1642 2690 Davisio
1671 2670 1690 2690 e

261 2703 300 2732 ad
320 2702 386 2742 plus
410 2702 575 2731 referatur:
602 2711 665 2730 non
689 2702 727 2730 de
750 2701 891 2739 pluribus
909 2711 953 2730 re·
999 2701 1071 2731 Mss.
1092 2711 1145 2740 pro
1161 2702 1297 2731 Censoris.
1311 2702 1393 2741 leges
1409 2703 1590 2732 custodiunt
1606 2702 1688 2733 Cen-

261 2744 320 2774 bus
347 2745 443 2774 simul
469 2745 506 2774 ad
526 2751 671 2774 senatum
697 2745 863 2773 referunto.
888 2754 951 2774 non
996 2754 1097 2774 sores:
1122 2745 1196 2783 quia
1217 2753 1354 2784 praesunt
1371 2745 1524 2775 tabulario
1547 2745 1686 2785 publico.

262 2787 356 2817 male.
401 2788 547 2817 Davisius
569 2794 675 2817 autern
705 2786 799 2823 delet,
822 2787 897 2825 quia
921 2788 953 2818 in
991 2787 1121 2826 privari,
1138 2788 1191 2827 qui
1208 2789 1390 2828 magistratu
1405 2788 1560 2819 abierunt.

262 2828 341 2860 Mss.
359 2830 425 2860 Par.
441 2838 471 2861 et
486 2831 535 2860 ed.
551 2830 666 2861 Victor.
681 2839 745 2860 non
762 2830 882 2869 reperit.
