1844 3202
592 125 770 163 LIBER
804 123 1051 165 PRIMUS.
1459 129 1539 173 729

107 241 354 290 gregantur,
371 232 459 284 sed,
471 246 568 274 cum
588 231 907 287 congregabilia
922 239 1070 272 natura
1089 228 1187 280 sint,
1209 229 1375 287 fingunt
1393 232 1508 274 favos
1525 246 1580 276 :p-
1593 244 1646 268 8²·

108 291 166 331 sic
187 291 395 340 homines,
416 303 464 331 ac
484 288 621 329 multo
641 289 766 329 etiam
796 288 947 344 magis,
967 295 1116 327 natura
1134 287 1399 342 congregati,
1420 288 1540 331 adhi-
1550 290 1580 311 ²·

108 346 209 388 bent
234 347 389 403 agendi
416 344 719 400 cogitandique
751 345 997 386 sollertiam.
1058 343 1207 399 Itaque
1229 342 1306 383 nisi
1328 357 1377 383 ea
1396 343 1540 396 virtus,

107 417 204 458 quae
233 411 399 444 constat
427 416 477 442 ex
508 401 749 442 hominibus
780 400 962 450 tuendis,
983 400 1026 442 id
1052 408 1130 450 est,
1157 414 1208 440 ex
1237 399 1438 441 societate
1467 414 1543 455 ge-

108 459 217 500 neris
239 458 426 508 humani,
449 464 488 494 76
502 459 684 513 attingat
702 457 989 514 cognitionem
1011 471 1167 506 rerum,
1189 456 1378 511 solivaga
1396 457 1546 511 cogni-

105 515 167 556 tio
197 524 240 556 et
261 516 409 571 jejuna
437 513 638 556 videatur.
698 515 806 555 Item
842 528 893 554 ue
923 513 1174 570 magnitudo
1205 513 1350 563 animi,
1381 520 1544 554 remota

108 573 413 612 communitate
432 571 814 627 conjunctioneque
867 585 1032 623 umana,
1050 570 1192 611 feritas
1212 570 1266 611 sit
1287 568 1480 624 quaedam
1502 579 1545 610 et

106 627 361 669 immanitas.
422 628 487 669 Ita
527 628 586 678 fit,
624 635 674 668 ut
693 626 830 668 vincat
868 626 1127 683 cognitionis
1166 625 1356 667 studium
1391 640 1545 667 conso-

106 684 234 726 ciatio
264 684 488 726 hominum
518 693 645 740 atque
673 683 973 725 communitas.
1032 685 1127 726 Nec
1147 697 1290 724 verum
1323 691 1400 732 est,
1428 682 1544 738 quod
1559 693 1633 725 158

106 740 261 782 dicitur
288 755 312 782 a
342 741 608 797 quibusdam,
640 749 811 797 propter
848 740 1143 781 necessitatem
1173 739 1282 790 vitae,
1324 739 1440 795 quod
1479 753 1544 791 ea,

107 811 201 853 quae
239 807 389 839 natura
418 797 689 848 desideraret,
721 796 923 852 consequi
960 797 1049 838 sine
1079 796 1185 847 aliis,
1220 804 1348 851 atque
1380 796 1545 840 efficere

105 867 190 894 non
212 868 448 908 possemuS,
487 853 698 895 77idcirco
732 853 857 894 istam
893 868 983 894 esse
1017 868 1115 894 cum
1151 852 1395 893 hominibus
1424 867 1545 894 com·—

106 911 357 952 munitatem
384 919 427 953 et
452 910 713 953 societatem.
745 910 861 966 quod
891 911 925 951 si
950 911 1095 952 omnia
1123 910 1260 960 nobis,
1284 924 1378 965 quae
1408 909 1462 952 ad
1481 909 1544 951 vi-

108 974 225 1008 ctum
258 967 508 1024 cultumque
548 966 776 1022 pertinent,
807 968 926 1022 quasi
953 966 1116 1022 virgula
1153 965 1305 1017 divina,
1336 974 1384 1006 ut
1411 966 1546 1023 aiunt,

107 1023 473 1078 suppeditarentur
495 1041 505 1065 ε
553 1033 645 1065 tum
690 1023 860 1079 optimo
902 1024 1081 1080 quisque
1126 1022 1312 1078 ingenio,
1359 1023 1545 1078 negotiis

108 1080 306 1121 omnibus
327 1080 507 1131 omissis,
527 1089 666 1123 totum
689 1095 734 1121 se
754 1080 797 1120 in
817 1080 1062 1136 cognitione
1088 1089 1132 1120 et
1159 1078 1334 1120 scientia
1361 1079 1546 1123 colloca-

107 1146 186 1177 ret.
245 1137 348 1179 Non
376 1146 440 1177 est
468 1137 541 1178 ita.
574 1151 669 1178 nam
704 1145 747 1177 et
782 1135 1054 1178 solitudinem
1088 1136 1269 1191 fugeret,
1304 1143 1347 1177 et
1382 1136 1544 1178 socium

107 1191 236 1233 studii
257 1201 460 1248 quaereret
479 1210 488 1234 :
520 1202 611 1234 tum
633 1193 801 1241 docere,
822 1201 913 1233 tum
937 1192 1096 1233 discere
1113 1191 1253 1242 vellet,
1274 1201 1364 1232 tum
1386 1192 1545 1245 audire,

108 1257 201 1289 tum
231 1248 386 1291 dicere.
446 1250 562 1305 Ergo
592 1263 718 1290 omne
748 1248 949 1298 officium,
969 1247 1086 1305 quod
1116 1248 1168 1290 ad
1198 1247 1545 1304 conjunctionem

108 1304 348 1357 hominurn,
377 1314 420 1346 et
449 1306 500 1346 ad
534 1305 782 1347 societatem
813 1305 1014 1347 tuendam
1044 1304 1169 1353 valet,
1200 1305 1543 1359 anteponendum

108 1370 173 1403 est
189 1361 251 1403 illi
271 1362 425 1413 officio,
446 1362 562 1418 quod
589 1362 834 1418 cognitione
855 1370 898 1404 et
917 1362 1092 1403 seientia
1114 1361 1372 1403 continetur.
1432 1362 1544 1405 Illud
1557 1357 1629 1408 45

108 1418 283 1459 forsitan
302 1418 576 1475 quaerendum
599 1418 666 1468 sit,
686 1433 788 1460 num
809 1418 900 1460 haec
929 1417 1227 1468 communitas,
1246 1432 1342 1473 quae
1362 1419 1545 1461 maxime
1562 1434 1637 1478 159

108 1484 174 1516 e'st
193 1485 291 1531 apta
311 1484 487 1527 naturae,
508 1476 563 1517 sit
582 1475 709 1517 etiam
735 1475 1018 1517 moderationi
1048 1474 1353 1530 modestiaeque
1381 1489 1547 1532 semper

107 1532 415 1588 anteponenda.
473 1534 575 1575 Non
616 1532 768 1588 placet.
800 1540 898 1573 sunt
927 1531 1040 1573 enim
1071 1530 1267 1587 quaedam
1305 1532 1457 1586 partim
1489 1533 1549 1574 ita

107 1588 238 1640 foeda,
267 1589 420 1644 partim
451 1588 509 1630 ita
540 1589 765 1645 flagitiosa,
796 1597 844 1630 ut
875 1603 938 1640 ea,
968 1603 1020 1629 ne
1049 1586 1344 1629 conservandae
1375 1588 1548 1643 quidem

108 1645 255 1700 patriae
276 1659 419 1695 causa,
440 1645 604 1701 sapiens
624 1645 810 1687 facturus
828 1645 894 1687 sit.
916 1659 966 1688 ea
988 1644 1237 1688 Posidonius
1257 1643 1432 1700 collegit
1451 1659 1545 1700 per·
1559 1654 1593 1686 b.

109 1702 260 1753 multa,
279 1701 353 1743 sed
374 1703 432 1743 ita
452 1710 573 1744 taetra
599 1701 811 1757 quaedam,
832 1701 891 1743 ita
917 1701 1133 1752 obscoena,
1153 1708 1200 1742 ut
1230 1700 1348 1742 dictu
1379 1716 1549 1758 quoque

110 1757 329 1799 videantur
357 1759 511 1814 turpia.
571 1760 680 1800 Haec
701 1758 832 1813 igitur
854 1772 939 1799 non
961 1757 1162 1813 suscipiet
1181 1756 1424 1813 reipublicae
1446 1772 1548 1800 cau-

111 1828 158 1856 sa
174 1830 185 1865 3
220 1821 258 1851 78
273 1829 324 1855 ne
344 1829 409 1856 res
428 1814 599 1871 quidem
628 1815 799 1870 publica
827 1829 906 1871 pro
927 1829 970 1855 se
991 1814 1148 1869 suscipi
1166 1813 1292 1855 volet.
1351 1814 1436 1856 Sed
1465 1814 1550 1857 hoc

110 1871 380 1913 commodius
401 1885 445 1912 se
465 1886 529 1912 res
557 1872 701 1922 habet,
721 1871 836 1926 quod
866 1885 950 1912 non
980 1878 1122 1926 potest
1147 1870 1337 1912 accidere
1363 1879 1549 1927 tempus,

109 1935 157 1968 ut
186 1927 351 1969 intersit
381 1927 638 1983 reipublicae,
670 1927 902 1984 quidquam
931 1927 1101 1969 illorum
1131 1927 1268 1968 facere
1298 1927 1547 1982 sapientem.

110 1985 254 2040 Quare
290 1984 373 2026 hoc
403 1984 575 2040 quidem
604 1985 801 2026 effectum
832 1984 901 2034 sit,
931 1985 973 2025 in
1003 1983 1149 2026 officiis
1180 1983 1417 2039 deligendis
1449 1985 1640 2029 79id160

108 2054 246 2095 genus
275 2041 515 2082 officiorum·
542 2042 760 2092 excellere,
790 2041 905 2097 quod
936 2049 1129 2082 teneatur
1157 2039 1382 2081 hominum
1413 2041 1548 2083 socie-

110 2106 211 2138 tate.
233 2097 389 2139 etenim
411 2098 701 2153 cognitionem
723 2097 1078 2153 prudentiamque
1099 2097 1288 2152 sequitur
1306 2097 1548 2140 considera-

110 2161 156 2195 ta
183 2154 312 2196 actio.
342 2154 402 2195 ita
431 2154 491 2205 fit,
516 2163 564 2196 ut
594 2169 719 2211 agere
747 2154 1009 2196 considerate
1039 2153 1170 2210 pluris
1191 2154 1258 2204 sit,
1282 2169 1408 2210 quam
1430 2155 1551 2211 cogi·

112 2216 199 2252 tare
216 2210 456 2268 prudenter.
515 2211 659 2268 Atque
681 2211 773 2253 haee
794 2211 968 2268 quidem
989 2210 1208 2252 haetenus.
1228 2211 1465 2267 patefactus
1485 2220 1551 2254 est

155 2351 198 2382 76
220 2348 351 2388 attingat
372 2347 559 2389 cognitionem
586 2346 697 2389 rerum]
728 2349 750 2379 i.
780 2358 809 2379 e.

113 2390 289 2428 conjuncta
303 2393 343 2422 sit
355 2401 433 2423 cum
448 2391 639 2431 cognitione.

158 2439 195 2468 77
221 2433 326 2463 idcirco
350 2434 435 2464 istam
461 2446 515 2464 esse
541 2437 605 2473 &ej
635 2432 699 2463 Hic
719 2433 809 2464 locus

113 2477 298 2512 mihi,cum
313 2478 454 2515 primum
471 2477 544 2517 legi,
556 2483 719 2516 suspectus
738 2477 808 2514 fuit,

114 2519 190 2558 quia
204 2529 269 2549 non
279 2522 426 2550 convenit
436 2531 491 2550 esse
500 2530 577 2550 cum
586 2520 808 2559 superioribus,

117 2562 326 2602 temporibus,
350 2562 533 2600 desideraret,
555 2569 711 2602 possemus,
735 2572 809 2601 quae

115 2605 292 2636 desiderant
301 2606 487 2645 perfectum.
496 2606 554 2645 itaq
561 2616 599 2636 ue
611 2607 690 2636 mihi
697 2606 810 2636 deinde

115 2648 217 2678 arrisit
232 2648 325 2678 lectio
339 2648 379 2678 ab
392 2649 580 2679 Anemoeeio
595 2659 612 2678 e
628 2649 692 2679 Ms.
708 2655 810 2678 vetere

114 2697 146 2720 et
166 2690 291 2721 Graevio
315 2698 436 2732 recepta
458 2691 561 2720 initam
577 2703 644 2728 esse,
660 2701 758 2732 quam
779 2698 812 2721 et

73 2753 84 2766 .
115 2733 261 2764 Pearcius
283 2734 409 2774 recepit.
453 2734 513 2763 Sed
543 2741 651 2765 tamen
672 2735 809 2765 verbum

116 2776 179 2806 hoc
202 2785 267 2806 non
287 2778 437 2807 convenit
450 2777 544 2807 verbo
560 2777 788 2807 communitatem
800 2788 809 2805 :

117 2826 177 2848 nec
192 2828 265 2849 vero
277 2819 330 2849 illa
346 2820 420 2849 inita
436 2826 476 2849 est
492 2820 531 2849 ab
553 2820 749 2857 hominibus,
765 2826 813 2851 est

117 2863 205 2892 enim
221 2872 301 2903 opus
317 2870 438 2895 naturae
454 2871 483 2893 et
499 2864 558 2895 dei.
605 2863 715 2902 Itaque
731 2863 812 2894 mihi

853 2348 885 2377 in
909 2354 1053 2378 mentem
1069 2348 1157 2378 venit
1172 2347 1258 2379 istam
1273 2358 1340 2380 esse
1361 2357 1378 2378 e
1398 2356 1551 2389 compen·

852 2392 905 2421 dio
919 2391 1081 2431 scripturae
1096 2391 1182 2421 verbi
1195 2391 1370 2422 institutam.

897 2440 936 2468 78
959 2444 993 2463 ne
1016 2445 1058 2464 res
1081 2446 1110 2475 q.
1129 2433 1302 2473 p.—-¹volet]
1335 2435 1432 2466 Recte
1462 2436 1551 2466 Grae-

851 2477 922 2507 vius
938 2488 971 2506 ne
987 2477 1082 2508 edidit
1097 2486 1152 2516 pro
1163 2477 1293 2517 vulgato
1305 2489 1354 2507 nec
1369 2488 1386 2508 e
1403 2478 1481 2508 Mss.
1497 2479 1552 2509 sed

851 2521 896 2552 sic
907 2521 1003 2550 etiam
1019 2520 1139 2549 habent
1153 2521 1224 2551 edd.
1239 2530 1284 2560 pr.
1294 2527 1364 2551 turn
1377 2521 1441 2551 Ms.
1452 2522 1552 2552 Goth.

851 2563 947 2593 habet
962 2561 1066 2599 vellet,
1083 2563 1198 2593 melius
1210 2562 1299 2600 velit,
1317 2573 1372 2603 pro
1388 2573 1452 2603 quo
1468 2574 1551 2603 saepe

852 2603 932 2636 Mss.
948 2605 1050 2636 vellet.

897 2655 936 2684 79
959 2648 992 2678 id
1012 2659 1101 2688 genus
1130 2647 1295 2688 efficior-um,
1323 2648 1400 2689 quod
1420 2655 1551 2678 teneatur

853 2692 996 2721 hominum
1012 2691 1156 2729 societate]
1175 2692 1195 2721 i.
1213 2702 1239 2722 e.
1257 2693 1341 2731 quod
1361 2692 1494 2730 pertinet
1511 2693 1549 2722 ad

850 2735 1047 2771 societatem,
1063 2735 1201 2765 cernitur
1216 2735 1248 2765 in
1267 2735 1413 2764 socletate
1433 2735 1552 2765 huma—

853 2787 895 2807 na
909 2778 1026 2807 tuenda
1042 2780 1102 2808 &c-
1119 2778 1224 2817 itaque
1239 2787 1303 2807 non
1320 2786 1400 2815 opus
1413 2777 1548 2812 videtur.

853 2828 932 2851 cum
954 2820 1082 2851 Pearcio
1100 2821 1264 2860 corrigere,
1280 2819 1356 2862 quod
1369 2826 1486 2850 meatur
1501 2820 1550 2849 h·-

855 2873 964 2894 nnmtm
980 2869 1151 2894 secutatem.
