1844 3202
297 147 376 188 912
667 141 727 181 M.
759 143 974 182 TULLII
1012 143 1346 184 c1cERoN13

355 248 464 289 Clo.
484 247 553 290 lib.
572 259 608 291 8.
626 250 743 306 epist.
764 252 817 292 ad
829 252 1046 305 Atticum.)
1073 254 1134 295 Ut
1155 253 1263 295 enim
1284 254 1557 309 gubernatori
1577 267 1724 297 cursus

295 305 518 355 secundus,
538 306 705 348 medico
725 309 849 359 salus,
871 309 1113 364 imperatori
1133 311 1305 352 victoria
1324 328 1332 351 ι
1365 311 1422 351 sic
1453 311 1550 352 huie
1579 312 1727 353 mode·-

296 362 425 403 ratori
455 363 695 417 reipublicae
725 365 848 404 beata
877 365 1028 406 civium
1049 366 1131 405 vita
1161 367 1375 421 proposita
1400 378 1475 417 est,
1496 377 1544 408 ut
1574 369 1725 423 opibus

298 418 429 469 firma,
451 420 583 474 copiis
602 420 806 475 locuples,
824 421 960 476 gloria
979 422 1132 475 ampla,
1148 423 1297 463 virtute
1321 423 1496 464 honesta
1511 424 1578 464 sit.
1599 424 1726 480 hujus

296 475 408 515 enim
431 476 568 531 operis
597 477 768 516 maximi
798 478 905 517 inter
934 476 1141 527 homines,
1163 488 1288 534 atque
1309 479 1473 534 optimi,
1497 479 1614 521 illum
1635 491 1731 521 esse

296 531 539 572 effectorem
561 532 670 572 volo.

352 588 588 629 Dmsmn.
613 587 683 628 lib.
711 589 761 638 1.)
784 587 1022 629 Excelluut.

353 644 484 684 Nox.
517 644 773 696 Contemtio.)
811 645 919 700 Quae
952 645 1079 685 virtus
1112 643 1318 686 fortitudo
1345 657 1532 699 vocatur,
1566 648 1607 689 in
1643 663 1726 704 qua.

297 709 361 740 est
379 700 630 755 magnitudo
650 700 793 750 animi,
815 702 977 751 mortis,
999 700 1239 757 dolorisque
1260 717 1415 757 magna
1435 705 1679 745 contemtio.

353 757 397 797 N
404 770 485 797 ON.
507 757 715 809 Lentmn.)
742 757 988 808 Marcellus,
1010 768 1056 799 ut
1075 773 1170 799 acer
1189 768 1232 800 et
1252 773 1436 816 pugnax.
1495 761 1727 811 Maximus,

300 821 346 853 ut
366 813 666 863 consideratus,
688 823 732 854 et
751 813 902 854 lentus.

355 869 400 909 N
405 883 486 911 ON.
515 869 584 910 uhi
611 869 896 920 nominativus,
921 869 1013 922 vel.)
1049 870 1132 911 Sed
1159 879 1313 921 tamen,
1341 880 1390 912 ut
1414 871 1529 913 bono
1558 872 1728 928 patrifa—

298 924 451 977 milias,
481 925 662 978 colendi,
691 926 938 978 aedificandi,
968 926 1243 969 ratiocinandi
1274 928 1443 984 quidam
1473 943 1589 979 usus,
1619 943 1727 984 opus

296 990 375 1022 est.

355 1039 476 1079 GEL.
499 1036 569 1078 lib.
595 1048 655 1079 12.
679 1053 712 1079 c,
733 1040 788 1091 2.)
821 1039 1022 1081 Menelao
1050 1039 1210 1081 Laconi
1231 1035 1423 1096 quaedam
1444 1039 1527 1081 fuit
1545 1039 1724 1081 suavilo-

296 1108 428 1150 quens
442 1094 704 1150 jucunditas.

352 1152 464 1193 Idem
487 1151 556 1204 ib.)
581 1151 963 1207 Breviloquentiam
986 1151 1027 1193 in
1048 1152 1227 1194 dicendo
1245 1151 1372 1194 colat.

349 1208 482 1250 NON.
504 1207 716 1261 Imhuere.)
749 1211 858 1265 Quae
878 1225 977 1251 cum
997 1209 1140 1265 Scipio
1165 1209 1351 1259 dixisset,
1373 1208 1603 1251 admodum
1624 1224 1722 1266 pro-

293 1261 422 1306 bans:
454 1264 583 1306 nimio
603 1265 714 1305 enim
736 1274 824 1306 erat
843 1266 941 1308 odio
961 1265 1175 1307 rhetorum
1197 1266 1400 1308 imbutus.

349 1322 480 1362 NoN.
500 1321 696 1374 Ferocia.)
728 1321 816 1380 Qui
843 1322 1050 1381 comperit
1081 1323 1173 1379 ejus
1196 1323 1296 1374 vim,
1326 1334 1371 1365 et
1401 1323 1641 1365 effrenatam
1674 1321 1725 1364 il-

292 1375 377 1419 lam
399 1378 612 1419 ferociam.

349 1433 525 1475 CARIS.
544 1434 573 1475 l.
599 1444 632 1476 1.
655 1433 771 1487 orbi.)
795 1434 901 1477 Orbi
922 1442 1127 1477 terrarum
1146 1434 1487 1492 comprehensos.

346 1491 480 1532 NON.
510 1492 756 1546 Impertire.)
799 1492 929 1549 Quod
965 1491 1178 1534 molestias
1209 1493 1435 1534 senectutis
1464 1506 1551 1534 suae
1580 1492 1724 1533 vestris

292 1546 461 1588 familiis
481 1547 692 1602 impertire
712 1558 870 1603 posset.

346 1604 494 1656 NON.)
529 1604 658 1660 Quod
689 1619 773 1646 non
804 1603 933 1645 modo
963 1605 1140 1660 singulis
1175 1604 1433 1656 hominibus,
1463 1604 1536 1646 sed
1573 1612 1720 1660 poten·

283 1659 459 1701 'tissimis
479 1660 651 1717 populis
672 1675 785 1716 saepe
804 1660 1028 1716 contingit.

710 1750 778 1791 M.
804 1750 989 1792 TuLm
1015 1749 1300 1792 CxcERoms

644 1839 755 1881 DE
813 1838 1376 1882 REPUBLICA

903 1913 1113 1958 LmNI.

344 1997 477 2037 Nox.
518 1994 777 2048 Prudentia.)
823 1995 977 2035 Totam
1019 1995 1151 2049 igitur
1189 2005 1405 2051 exspectas
1455 1994 1721 2051 prudentiam

289 2052 416 2108 hujus
449 2053 636 2102 rectoris,
668 2067 761 2108 quae
788 2052 926 2107 ipsum
957 2065 1112 2093 nomen
1147 2052 1228 2093 hoc
1264 2062 1385 2094 nacta
1411 2061 1475 2095 est
1501 2065 1554 2093 ex
1583 2054 1721 2109 provi-

288 2110 443 2150 dendo.

342 2168 475 2206 NON.
514 2164 692 2217 Tristis.)
732 2163 820 2221 Qui
855 2178 1054 2206 numeros
1090 2165 1360 2219 optimatum,
1399 2172 1442 2206 et
1482 2163 1718 2221 principum

277 2222 444 2263 *obtulit
474 2221 539 2263 his
560 2222 747 2271 vocibus,
767 2230 809 2261 et
828 2220 1043 2274 gravitatis
1069 2236 1155 2262 suae
1181 2222 1305 2278 liquit
1332 2220 1450 2262 illum
1478 2221 1655 2273 tristem,
1677 2232 1722 2275 et.

287 2279 459 2334 plenum
479 2277 698 2332 dignitatis
717 2292 886 2318 sonum.

344 2336 476 2376 Nox.
508 2333 685 2388 Eaepleri
720 2340 842 2390 atque
871 2333 1048 2386 satiari.)
1088 2335 1244 2376 Graves
1283 2333 1393 2375 enim
1427 2333 1610 2375 dominae
1645 2348 1720 2376 co-

286 2391 544 2447 gitationum
577 2390 786 2441 libidines,
810 2390 970 2433 infinita
1002 2390 1199 2447 qucedam
1231 2398 1405 2444 cogunt,
1426 2399 1552 2446 atque
1586 2390 1718 2447 impe·

287 2458 408 2489 rant:
440 2463 535 2503 quse
569 2447 666 2502 quia
699 2447 869 2502 expleri,
894 2455 1022 2503 atque
1051 2446 1189 2488 satiari
1217 2446 1332 2488 nullo
1362 2446 1492 2487 modo
1527 2456 1720 2502 possunt,

287 2504 339 2545 ad
360 2519 485 2546 omne
505 2505 665 2545 facinus
684 2503 909 2559 impellunt
929 2517 1016 2555 eos,
1037 2503 1107 2559 qui
1134 2502 1339 2546 illecebris
1369 2502 1454 2544 suis
1485 2503 1718 2545 incendun-

286 2568 369 2602 tur.
488 2566 491 2569 ’

295 2608 298 2609 ⁷
343 2619 474 2659 NON.
496 2617 710 2671 Samium.)
746 2615 893 2657 Oratio
918 2624 1067 2667 exstat,
1100 2615 1218 2666 Laeli,
1250 2629 1377 2671 quam
1408 2630 1556 2657 omnes
1584 2615 1716 2658 habe-

286 2689 381 2716 mus
404 2674 443 2714 in
472 2674 681 2723 manibus,
709 2683 741 2714 1.
763 2686 891 2728 quam
922 2671 1126 2728 simpuvia
1154 2672 1403 2727 pontificum
1433 2672 1511 2714 diis
1539 2672 1715 2716 immor-

284 2730 440 2780 talibus
459 2739 581 2785 grata
601 2730 700 2780 sint,
720 2727 972 2784 Samiaeque,
993 2738 1041 2770 ut
1061 2728 1127 2770 hic
1150 2729 1307 2777 scribit,
1328 2728 1566 2784 capedines.

342 2787 472 2829 NON.
497 2785 703 2834 firmiter,
730 2795 773 2826 et
800 2785 980 2837 Pmsc.)
1016 2784 1208 2841 Firmiter
1241 2786 1352 2828 enim
1381 2786 1561 2841 majores
1587 2785 1716 2827 nostri

285 2843 468 2885 stabilita
491 2842 757 2893 matrimonia
777 2855 866 2883 esse
887 2841 1119 2885 voluerunt.
1175 2872 1183 2875 -
1375 2864 1408 2876 «-
