1844 3202
289 88 368 131 954
665 82 724 120 Μ.
751 79 967 119 TULLII
1005 79 1342 119 CICERONIS

290 192 358 229 Illa
378 204 479 242 usquc
496 189 545 228 ad
559 191 686 242 spinam
705 205 851 242 mergens
869 205 904 228 se
922 191 1048 228 caerula
1067 190 1187 228 condit.

290 247 341 282 At
365 244 508 295 Cepheus
524 252 624 294 caput
642 254 742 295 atque
759 246 920 289 humeros,
937 245 1132 295 palmasque
1149 244 1298 282 reclinat.

296 299 407 348 Quum
425 311 505 335 vero
521 298 577 335 vis
595 306 642 335 cst
660 298 832 335 vehemens
851 307 966 335 exorta
987 298 1111 346 Nepai,

292 352 381 388 Late
385 352 480 400 fusa
497 352 607 388 volat.
634 352 670 388 in
692 358 802 388 terras
821 352 956 388 labitur
973 352 1085 394 unda,

289 405 481 455 Orionque
500 412 600 442 metu
622 405 804 453 perculsus
825 404 995 441 conditur
1012 416 1100 445 una,

291 459 381 495 Pace
401 457 508 507 hujus
526 459 633 495 liceat
651 471 797 494 causam
819 457 1034 506 explicuisse
1055 455 1213 500 timoris,

291 512 422 561 Virgo,
445 520 529 548 tua:
563 511 654 547 mihi
676 525 800 560 quaeso
818 511 898 547 veni
920 511 1062 559 placata
1082 510 1217 546 Diana.

291 565 386 602 Haec
405 565 504 602 fama
521 574 575 601 est
595 565 801 606 hominum,
820 563 892 600 haec
905 573 966 613 per
984 571 1091 600 terras
1097 562 1206 609 fama
1223 570 1391 612 vagatur.

295 618 342 655 Ut
360 617 524 668 quondam
547 617 651 655 Orion
669 617 822 654 manibus
840 617 984 654 violasse
1004 617 1160 653 Dianam

292 671 444 715 Dicitur,
463 671 596 708 excelsis
613 684 727 707 errans
747 672 780 707 in
799 670 936 707 collibus
955 683 1081 714 amens,

296 725 383 774 Quos
402 734 487 761 tenet
507 725 640 774 AEgaeo
658 723 770 771 defixa
789 725 823 760 in
836 724 976 775 gurgite
995 723 1161 769 Echineis,

293 777 443 815 Brachia
463 791 562 829 quam
581 777 686 815 viridi
704 779 865 815 convestit
883 778 1025 827 tegmine
1042 777 1138 813 vitis.

290 831 354 868 Ille
358 832 462 879 feras
481 844 592 868 vecors
610 832 733 868 amenti
750 830 843 867 corde
861 829 1002 868 necabat

293 883 489 935 OEnopionis
508 898 614 921 avens
632 884 746 935 epulas
765 897 881 921 cenare
900 885 1049 921 nitentes.

290 940 340 974 At
358 951 437 974 vero
449 937 589 988 pedibus
608 936 717 974 subito
729 938 882 987 perculsa
901 938 1032 974 Diauae

290 990 410 1027 Insula
427 991 585 1034 discessit,
607 990 809 1041 disjectaque
826 1004 914 1028 saxa
933 991 1092 1027 revellens

291 1044 455 1089 Perculit,
474 1053 505 1081 et
523 1058 630 1081 caecas
650 1045 813 1081 lustra-vit
832 1044 903 1081 luce
921 1044 1074 1088 lacunas,

292 1098 325 1134 E
343 1097 461 1149 quibus
477 1098 603 1148 ingenti
618 1098 730 1134 existit
750 1111 824 1134 cum
842 1108 968 1148 corpore
981 1108 1057 1148 prce
1075 1109 1108 1133 se

293 1151 461 1201 Scorpius,
477 1152 614 1199 infestus
630 1151 964 1201 praeportansflebile
982 1163 1131 1188 acumen.

291 1205 362 1242 Hic
379 1204 496 1241 valido
513 1204 628 1255 cupide
647 1214 824 1241 venantem
838 1205 981 1255 perculit
997 1205 1079 1247 ictu,

291 1258 510 1307 Mortfferum
527 1259 561 1294 in
580 1271 685 1295 venas
693 1257 808 1308 figens
821 1270 882 1309 per
900 1258 1045 1295 vulnera
1063 1257 1162 1293 virus
1178 1271 1191 1292 :

291 1311 354 1349 Ille
367 1313 477 1361 gra-vi
497 1312 633 1348 moriens
654 1313 840 1348 constravit
859 1322 986 1362 corpore
1005 1319 1139 1347 terram.

297 1366 410 1415 Quare
427 1379 500 1401 cum
521 1365 654 1415 magnis
672 1378 738 1401 sese
759 1366 855 1415 Ncpa
874 1364 1000 1401 lucibus
1018 1363 1128 1413 effert,

295 1419 398 1456 Orion
405 1419 549 1468 fugiens
568 1418 771 1455 commendat
789 1428 920 1469 corpora
939 1418 1046 1455 terris.

294 1472 381 1509 Tum
398 1486 477 1509 vero
482 1472 588 1522 fugit
605 1471 832 1516 Andromeda,
853 1479 884 1508 et
904 1472 1076 1521 Neptunia
1096 1469 1228 1508 Pistrix

294 1526 380 1563 Tota
401 1525 497 1570 latet,
516 1525 601 1562 cedit
619 1539 771 1562 converso
790 1536 915 1576 corpore
937 1524 1082 1575 Cepheus

292 1579 472 1618 Extremas
492 1578 593 1616 medio
612 1579 800 1628 contingens
819 1590 944 1629 corpore
963 1587 1082 1614 terras.

293 1633 363 1670 Hic
379 1639 492 1683 caput,
512 1639 545 1668 ct
562 1643 696 1682 superas
710 1632 796 1682 potis
814 1639 862 1668 est
879 1631 1066 1680 demergere
1078 1637 1190 1681 partes
1206 1645 1218 1666 .-

292 1687 408 1735 Infera
427 1685 609 1723 lumborum
629 1699 809 1736 numquam
829 1686 1006 1721 convestiet
1024 1683 1156 1720 umbra.

294 1740 389 1777 Nam
407 1740 547 1776 retinent
566 1740 664 1776 Arcti
684 1739 866 1775 lustrantes
886 1738 1008 1774 lumine
1023 1751 1133 1774 suras.

293 1793 448 1831 Labitur
465 1793 526 1829 illa
545 1793 647 1829 simul
656 1799 804 1842 gnatam
823 1792 997 1828 lacrimosa
1017 1791 1183 1841 requirens

296 1847 485 1897 Cassiopea,
504 1859 606 1897 neque
623 1859 664 1882 ex
682 1846 762 1882 coelo
779 1845 917 1896 depulsa
934 1844 1044 1882 decore

293 1900 415 1937 Fertur
429 1916 441 1937 :
470 1913 550 1937 nam
568 1913 665 1936 verso
684 1900 873 1948 contingens
891 1899 1016 1935 vertice
1030 1898 1177 1949 primum

297 1954 422 1991 Terras
436 1962 511 2003 post
529 1952 677 1989 humeros
694 1965 814 1990 eversa
831 1951 903 1988 sede
919 1952 1074 2001 refertur.

296 2007 400 2044 Hauc
418 2007 468 2043 illi
486 2006 641 2043 tribuunt
655 2017 789 2056 poenam
811 2005 967 2042 Nereides
987 2005 1113 2042 almae·
1105 2022 1114 2051 ς

298 2060 386 2097 Cum
404 2060 524 2110 quibus
546 2063 603 2109 (ut
615 2059 805 2110 perhibent)
828 2072 914 2095 ausa
932 2065 982 2095 est
999 2057 1186 2095 contendere
1190 2058 1322 2107 forma.

296 2114 386 2150 Haec
403 2113 472 2150 obit
490 2114 654 2150 inclinata
669 2129 681 2149 .-
711 2120 750 2150 at
759 2124 842 2163 pars
862 2121 977 2149 exorta
1000 2112 1138 2149 Coronae
1156 2118 1203 2148 est

294 2166 430 2209 Altera,
448 2180 522 2203 cum
540 2166 714 2217 caudaque
730 2167 833 2202 omnis
841 2166 919 2213 jam
933 2164 1100 2217 panditur
1119 2164 1253 2215 Hydra.

294 2222 346 2258 At
364 2230 479 2272 caput,
497 2229 528 2256 et
546 2227 649 2257 totum
666 2233 731 2257 sese
754 2220 941 2257 Centaurus
961 2219 1071 2270 opacis

296 2274 407 2324 Eripit
427 2287 444 2310 e
461 2273 616 2317 tenebris,
637 2273 681 2309 lir.
673 2286 782 2324 ,quens
801 2273 948 2321 <vestigia
963 2284 1082 2323 parva

296 2330 416 2363 ⁶Ante
430 2326 553 2377 pedum
571 2334 729 2371 contecta,
747 2326 849 2363 simul
863 2340 938 2363 cum
956 2326 1079 2362 lumine
1088 2323 1238 2377 pandit.-

294 2381 370 2432 Ipse
375 2381 496 2429 jeram
512 2379 633 2416 dextra
648 2381 778 2417 retinet.
802 2379 994 2430 prolabitur
1011 2379 1088 2416 inde

294 2435 523 2484 Anguitenens
542 2434 649 2484 capite
666 2443 696 2469 et
715 2432 880 2470 manibus.
903 2433 1032 2483 profert
1049 2432 1149 2469 simul
1167 2430 1301 2481 Anguis

295 2488 377 2524 Jam
395 2496 508 2538 caput,
528 2496 559 2523 et
577 2500 740 2523 summum
748 2486 843 2533 flexo
862 2485 902 2522 de
919 2496 1047 2536 corpore
1066 2486 1185 2522 lumen.

295 2541 366 2578 Hic
383 2541 438 2577 ille
455 2540 600 2577 exoritur
618 2552 772 2577 converso
788 2549 915 2590 corpore
934 2539 1063 2582 Nixus,

294 2594 442 2638 Alvum,
462 2606 578 2638 crura,
596 2592 757 2636 humeros,
778 2592 879 2629 simul
896 2599 929 2629 et
940 2590 1129 2643 praecordia
1148 2589 1311 2633 lustrans,

296 2648 344 2685 Et
361 2647 484 2685 dextra
502 2647 613 2684 radios
632 2647 710 2683 laeto
728 2659 803 2683 cum
822 2645 945 2683 lumine
952 2646 1107 2693 jactans.

1636 406 1717 439 420

1635 671 1711 706 425

1641 937 1720 972 430

1645 1204 1721 1238 435

1641 1471 1721 1505 440

1646 1737 1722 1772 445

1646 2005 1727 2039 450

1648 2272 1725 2306 455

1648 2534 1728 2573 460

339 2774 357 2800 ⁶
380 2769 459 2800 Ante
478 2768 601 2811 pedum]
627 2770 759 2800 Videtur
780 2779 849 2801 uno
869 2771 966 2802 verbo
989 2768 1193 2802 scribendum
1215 2764 1396 2806 Antepedum
1417 2773 1435 2794 e
1455 2762 1568 2794 Graeoo
1583 2758 1729 2803 πςὸπδις.

293 2812 408 2844 Aratus
424 2812 521 2846 habet
534 2812 680 2856 τριήρους
698 2810 799 2846 aebBaf.
