1844 3202
571 126 749 164 LIBER
777 123 1057 162 TERTIUS.
1465 122 1537 170 671

119 234 301 286 creverit,
323 235 428 276 idem
433 233 560 290 juris,
583 232 689 289 quod
715 232 792 273 duo
821 229 1013 281 consules,
1035 236 1186 270 teneto.-
1219 228 1331 284 isque
1350 245 1422 271 ave
1440 229 1540 271 sini-

120 298 207 330 stra
223 290 366 342 dictus,
383 289 523 345 populi
543 290 737 345 magister
755 296 850 330 esto.
905 295 921 320 8
936 287 1212 343 Equitemque
1229 284 1299 340 qui
1321 293 1448 341 regat,
1467 286 1540 328 Ιια-

122 345 206 386 beto
225 348 318 401 pari
333 348 432 400 jure
451 361 540 387 cum
561 362 617 396 eo,
639 346 878 402 quicumque
897 343 974 385 erit
989 342 1103 398 juris
1121 342 1375 394 disceptator.
1429 350 1447 375 9
1461 343 1540 383 Ast

121 404 278 457 quando
312 401 481 457 [consul]
517 402 552 443 is
579 409 652 453 est,
676 401 872 457 magister
896 399 1039 455 populi
1054 416 1070 450 ;
1099 396 1246 454 reliqui
1273 396 1541 453 magistratus

119 472 170 498 ne
193 465 321 499 sunto.
379 459 576 513 Auspicia
598 466 766 513 patrum
794 464 908 498 sunto
925 474 937 497 :
974 454 1176 510 mollique
1202 468 1252 494 ea:
1271 467 1311 493 se
1327 453 1542 507 produnto,

120 513 192 609 qui
213 514 421 555 comitiatu
441 530 575 556 creare
595 513 771 556 consules
789 513 867 554 rite
883 512 1051 567 possint.
1101 510 1291 565 Imperia,
1309 515 1541 563 potestates,

137 570 354 625 egationes,
374 585 463 611 cum
484 578 645 612 senatus
666 569 829 611 creverit
852 568 1073 624 populusve
1081 566 1266 622 jusserit,
1288 580 1338 606 ex
1356 565 1453 606 urbe
1471 580 1543 606 eae-

119 633 236 667 eunto
257 643 270 667 .·
301 626 439 668 duella
448 628 568 683 justa
576 628 692 682 juste
707 632 877 683 gerunto
895 643 907 666 .·
941 624 1055 666 sociis
1069 629 1266 679 parcunto
1287 639 1299 660 .·
1331 636 1384 672 se,
1404 629 1442 662 et
1460 636 1542 662 ser-

121 697 187 723 vos
226 683 447 724 continento
468 701 480 725 .-
517 683 657 738 populi
694 683 756 724 sui
788 681 967 738 gloriam
1006 687 1178 737 augento
1199 696 1212 720 .·
1255 677 1416 718 domum
1455 692 1544 718 cum

123 737 241 779 laude
257 737 460 781 redeunto.
492 740 565 781 Rei
585 755 670 780 suoe
686 754 778 795 ergo
798 753 848 779 ne
869 738 959 794 quis
979 736 1138 794 legatus
1157 742 1253 777 est04
1285 733 1426 775 Plebes
1447 748 1545 790 quos

118 804 194 849 pro
224 809 264 836 se
293 803 432 837 contra
462 796 556 847 vim,
588 795 737 837 auxilii
768 810 876 851 ergo,
906 794 1037 835 decem
1068 792 1247 842 creassit,
1278 789 1430 831 tribuni
1460 791 1545 844 ejus

121 857 239 892 sunto
257 868 270 891 .-
303 852 485 908 quodque
505 852 535 893 ii
560 851 839 907 prohibessint,
862 851 970 907 quod
998 866 1047 892 ue
1060 849 1219 905 plebem
1238 863 1279 888 ro
1313 846 1454 898 assint,
1474 861 1544 887 ra-

121 913 209 948 tum
230 915 309 949 esto
329 926 341 949 :
373 909 580 965 sanctique
599 916 713 950 sunto
733 926 745 949 .-
778 922 873 948 neve
893 906 962 962 ple
989 922 1050 948 em
1072 905 1207 947 orbam
1230 904 1284 945 tri
1310 903 1401 944 unis
1419 902 1544 944 relin-

123 971 290 1019 quunt0.
343 965 488 1007 Omnes
507 965 776 1021 magistratus
797 963 1036 1018 auspicium,
1045 961 1331 1018 judiciumque
1350 959 1516 1001 habento
1530 977 1542 1000 :
1563 969 1611 1002 10

122 1034 174 1061 ex
193 1021 307 1076 quois
326 1028 486 1063 senatus
506 1029 587 1062 esto
603 1039 615 1062 .·
648 1022 733 1076 ejus
753 1021 923 1071 decreta,
944 1028 1038 1061 rata
1058 1025 1187 1060 sunto.
1210 1024 1274 1058 ast
1299 1016 1343 1057 ni
1365 1023 1546 1071 potestas

119 1085 215 1130 par,
233 1079 412 1132 majorve
426 1077 682 1132 prohibessit,
700 1084 861 1119 senatus
886 1077 1068 1118 consulta
1089 1074 1318 1130 perscripta
1348 1079 1545 1114 servante.

124 1132 166 1173 Is
186 1133 276 1174 ordo
304 1134 402 1175 vitio
431 1142 568 1175 vacato
585 1151 597 1175 .·
630 1134 770 1175 ceteris
799 1133 995 1187 specimen
1022 1139 1116 1173 esto,
1152 1130 1297 1171 creatio
1322 1129 1547 1184 magistra-

128 1194 257 1239 tuum,
274 1189 451 1243 judkia,
474 1190 616 1245 populi
633 1191 769 1244 jussa,
795 1189 935 1239 vetita,
959 1204 1045 1229 cum
1077 1186 1276 1242 suffragio
1307 1185 1546 1226 consciscen-

127 1251 208 1295 tur,
244 1246 502 1299 optimatibus
538 1254 649 1296 nota,
674 1246 786 1301 plebi
823 1244 949 1286 libera
985 1253 1114 1286 sunto.
1173 1246 1234 1284 At
1263 1242 1297 1284 si
1328 1242 1427 1298 quid
1455 1241 1547 1292 erit,
1561 1240 1598 1287 4

129 1308 163 1332 11
181 1301 289 1357 quod
306 1310 424 1343 extra
443 1302 710 1358 magistratus
730 1309 922 1343 coeratore
943 1316 1046 1342 oesus
1064 1300 1142 1351 sit3
1175 1300 1245 1356 qui
1268 1305 1402 1349 coeret,
1417 1308 1548 1353 popu·
1562 1318 1592 1348 p.
1614 1311 1682 1337 186.

127 1356 190 1398 lus
210 1366 356 1409 creato,
374 1358 489 1415 eique
505 1361 578 1415 jus
599 1358 778 1400 coerandi
805 1358 912 1399 dato.
974 1359 1076 1399 Cum
1104 1356 1266 1412 populo,
1283 1354 1593 1410 patribusque&

127 1414 275 1476 agendi
294 1415 369 1469 jus
388 1422 468 1456 esto
494 1415 659 1466 consuli,
678 1415 867 1470 praetori,
886 1415 1081 1471 magistro
1099 1412 1254 1468 populi,
1276 1411 1552 1467 equitumque,

128 1484 257 1526 eique,
278 1486 396 1527 quem
410 1472 589 1527 produnt
612 1479 753 1526 patres
775 1470 980 1512 consulum
998 1470 1272 1527 rogandorum
1292 1482 1401 1524 ergo,
1422 1467 1551 1508 tribu-

127 1526 283 1583 nisque,
302 1543 398 1583 quos
418 1528 493 1569 sibi
509 1528 643 1583 plebes
662 1529 849 1585 rogassit,
859 1528 933 1582 jus
953 1534 1032 1568 esto
1054 1541 1143 1568 cum
1162 1524 1347 1581 patribus
1373 1523 1522 1580 agendi
1540 1540 1552 1564 .·

129 1581 265 1634 iidem,
284 1584 339 1625 ad
351 1584 523 1639 plebem,
541 1585 646 1641 quod
665 1600 767 1626 oesus
788 1584 880 1636 erit,
894 1584 1081 1640 ferunto.
1145 1583 1251 1638 Quoe
1277 1596 1367 1622 cum
1389 1579 1556 1636 populo,

131 1653 304 1696 quceque
333 1640 375 1681 in
399 1641 587 1696 patribus
616 1649 803 1698 agentur,
826 1650 863 1673 12
879 1641 1034 1681 modica
1063 1646 1192 1680 sunto.
1254 1636 1453 1687 Senatori,
1484 1635 1556 1692 qui

130 1710 201 1736 nec
221 1696 352 1737 aderit
366 1715 383 1749 ,-
414 1705 486 1738 aut
507 1712 642 1748 causa,
663 1705 735 1739 aut
757 1697 875 1752 culpa
895 1704 988 1738 esto.
1048 1697 1151 1737 Loco
1179 1702 1351 1745 senator,
1373 1701 1411 1734 et
1440 1692 1557 1733 modo
1573 1704 1615 1735 11

131 1759 242 1792 orato
259 1770 271 1792 :
304 1768 444 1795 causas
455 1754 600 1809 populi
619 1760 761 1796 teneto.
818 1753 892 1795 Vis
914 1753 956 1793 in
973 1752 1120 1808 populo
1142 1751 1288 1792 abesto.
1350 1752 1447 1800 Par,
1466 1763 1556 1790 ma—

119 1807 238 1862 jorve
264 1816 441 1863 potestas
465 1811 562 1865 plus
595 1810 740 1852 valeto.
799 1811 878 1851 Ast
919 1817 955 1846 13
975 1809 1046 1865 qui
1083 1807 1275 1849 turbassit
1310 1806 1353 1847 in
1387 1806 1558 1862 agendo,

117 1863 249 1919 fraus
270 1867 442 1907 auctoris
463 1875 558 1908 esto.
617 1869 854 1908 Intercessor
876 1866 933 1907 rei
956 1864 1095 1915 malae,
1116 1863 1312 1905 salutaris
1340 1863 1437 1904 civis
1463 1869 1556 1903 esto.

136 1919 218 1975 Qui
238 1929 374 1977 agent,
395 1923 574 1978 auspicia
592 1931 798 1965 servanto:
834 1931 871 1954 14
886 1921 1035 1979 auguri
1051 1927 1221 1976 parente
1237 1937 1249 1961 .·
1277 1918 1559 1974 promulgata,

128 1977 351 2032 proposita,
383 1988 418 2012 1⁵
434 1979 477 2020 in
501 1980 647 2021 <erario
678 1979 854 2036 cognita,
876 1985 1027 2035 agunto
1039 1995 1055 2029 ‚-
1088 1983 1125 2009 ¹6
1143 1991 1213 2018 nec
1237 1975 1347 2031 plus,
1368 1990 1488 2031 quam
1512 1974 1560 2015 de

177 2095 194 2119 8
220 2089 412 2132 Equitemque
441 2090 491 2132 qui
522 2090 616 2130 regat]
650 2091 701 2121 Sic
731 2091 825 2126 edidi,
916 2097 952 2121 κ..)
978 2089 1085 2119 modica
1112 2088 1204 2127 sunto]
1239 2090 1258 2118 i.
1286 2097 1314 2119 e.
1341 2088 1494 2123 modesta,
1522 2097 1562 2117 ne

132 2132 218 2171 quod
234 2133 266 2163 in
281 2133 416 2172 vulgatis
431 2133 516 2164 libris
532 2141 562 2164 et
579 2143 637 2164 scr.
654 2141 699 2164 est
714 2134 827 2175 equita·
871 2133 943 2162 inde
966 2133 1067 2162 turbae
1092 2133 1244 2168 oriantur,
1270 2137 1305 2161 ut
1330 2137 1361 2160 et
1384 2129 1457 2160 alibi
1485 2131 1564 2160 dixit

134 2181 196 2204 tum
220 2176 271 2218 qui
295 2183 389 2215 regat,
413 2176 464 2206 vel
490 2177 612 2218 equitem
635 2188 754 2218 cumque
776 2176 826 2218 qui

134 2225 226 2263 regat.
258 2218 478 2258 intelligendus
508 2226 554 2250 est
581 2221 718 2260 magister
747 2219 827 2261 equi-

136 2266 208 2290 tum.

179 2311 198 2336 9
219 2303 277 2334 Ast
298 2304 410 2345 quando
432 2304 529 2334 consul
545 2305 569 2334 is
593 2311 632 2334 est
653 2305 827 2344 magisterve

131 2345 245 2386 populi]
280 2347 358 2377 Haec
387 2354 462 2377 sunt
483 2348 606 2384 vitiosa,
634 2357 692 2377 nec
721 2348 826 2378 adhuc

135 2388 217 2418 bene
245 2397 393 2427 correcta,
423 2390 507 2420 libris
537 2400 601 2420 non
630 2390 827 2428 juvantibus.

138 2430 286 2461 Consulis
302 2433 422 2463 mentio
443 2433 497 2463 hie
514 2440 560 2463 est
575 2433 698 2464 aliena:
722 2434 827 2472 itaque

135 2474 320 2504 deleverim:
338 2476 394 2504 Ast
410 2476 520 2517 quando
535 2476 559 2506 is
574 2483 615 2505 est
630 2476 766 2516 magister
776 2483 828 2515 po-

133 2516 213 2557 puli,
229 2518 325 2547 etiam
339 2517 363 2546 is
378 2519 546 2549 commode
561 2519 652 2549 absit.

186 2567 222 2591 10
245 2558 349 2600 allique
378 2572 413 2589 ex
441 2572 469 2590 se
490 2561 645 2602 produnto]
681 2561 828 2591 patricii:

142 2601 189 2641 (hi
204 2603 293 2632 enim
307 2609 382 2632 sunt
398 2604 430 2632 h.
445 2603 467 2633 l.
479 2602 590 2643 patres)
608 2604 714 2644 legant
736 2610 830 2643 atque

139 2645 305 2692 nesignent
323 2654 340 2675 e
360 2655 418 2675 suo
436 2655 583 2684 numero,
605 2648 624 2677 i.
649 2657 677 2677 e.
698 2647 829 2684 Senatu,

141 2693 340 2726 interregem.

188 2736 221 2760 11
247 2730 501 2771 quod—coeratore
521 2741 591 2761 oesus
606 2730 660 2772 sit]
687 2742 757 2761 oesus
779 2741 834 2771 pro

141 2782 208 2801 usus
221 2771 383 2812 ἀρχαϊκῶς.
429 2774 489 2804 Sed
511 2783 576 2803 non
591 2774 671 2805 bene
686 2776 835 2805 convenit

144 2813 220 2854 quod
233 2816 272 2854 τῷ
288 2823 433 2846 coeratore.
469 2816 616 2848 Davisius
630 2818 755 2858 corrigit
770 2826 835 2848 non

143 2856 228 2887 male
243 2858 357 2890 coerari.

870 2177 903 2206 in
919 2175 968 2205 his
985 2175 1070 2206 libris
1086 2181 1116 2205 et
1132 2181 1217 2214 patet
1230 2174 1326 2204 etiam
1342 2183 1358 2203 e
1375 2183 1451 2203 mox
1467 2183 1552 2212 seqq.

916 2225 951 2249 18
977 2218 1026 2259 qui
1052 2215 1238 2256 turbassitur]
1271 2217 1340 2246 Hoc
1362 2226 1473 2246 verum
1498 2225 1564 2246 esse

870 2271 935 2291 non
952 2261 1053 2291 credo.
1071 2261 1127 2291 etsi
1142 2259 1305 2300 etjussitur
1320 2268 1376 2299 pro
1381 2259 1504 2299 jusserit
1519 2265 1565 2288 est

870 2304 954 2344 apud
969 2304 1037 2333 Cat.
1055 2304 1094 2333 R.
1111 2303 1148 2333 R.
1166 2312 1194 2333 c.
1213 2310 1261 2332 14.
1299 2302 1395 2332 Recte
1411 2309 1487 2341 puto
1503 2302 1564 2331 Pu-

871 2353 1002 2376 teanum
1031 2346 1200 2376 correxisse
1230 2344 1379 2381 turbauit,
1403 2351 1440 2375 ut
1469 2345 1564 2374 habet

869 2391 918 2419 ed.
931 2390 1012 2420 Ven.
1030 2396 1122 2422 1494.
1139 2388 1270 2419 Mediol.
1287 2389 1360 2418 Asc.
1376 2389 1440 2418 Ms.
1457 2386 1564 2418 Guelf.

870 2433 999 2463 tandem
1015 2441 1093 2462 mox
1108 2431 1230 2461 auctoris
1246 2440 1301 2470 pro
1315 2431 1430 2460 actoris.

917 2483 954 2506 14
976 2475 1081 2514 auguri
1101 2472 1232 2514 parente]
1266 2474 1317 2503 Sc.
1351 2472 1565 2503 obnuntianti.

873 2518 951 2547 Mss.
968 2519 1098 2557 quidam
1115 2524 1146 2547 et
1160 2517 1230 2547 edd.
1246 2523 1321 2546 vett.
1336 2517 1458 2546 addunt
1467 2514 1565 2554 publi-

873 2571 914 2597 co,
932 2561 1016 2600 quod
1032 2567 1063 2590 et
1077 2560 1225 2590 Davisius
1242 2559 1366 2597 recepit.

919 2611 955 2634 15
980 2603 1010 2632 in
1031 2604 1137 2632 aerario
1159 2601 1286 2641 cognita]
1312 2602 1345 2630 Si
1368 2610 1480 2630 verum
1505 2600 1570 2629 hoc·

873 2652 931 2682 est,
947 2646 1116 2684 significat,
1131 2655 1204 2685 quae
1225 2651 1343 2684 reperta
1358 2644 1420 2673 sint
1439 2643 1468 2672 in
1492 2651 1568 2672 aera-

876 2689 920 2718 rio
937 2689 1016 2718 inter
1033 2688 1156 2718 tabulas
1179 2687 1336 2727 publicas,
1353 2695 1397 2715 sc,
1413 2685 1473 2715 alio
1491 2693 1570 2714 tem-

877 2741 949 2771 pore
973 2731 1173 2770 promulgata
1198 2737 1228 2759 et
1254 2739 1318 2759 non
1346 2728 1474 2768 perlata,
1498 2737 1572 2766 quae

878 2774 1044 2812 paullatim
1062 2775 1099 2803 ad
1115 2774 1307 2803 oblivionem
1324 2780 1435 2801 venere
1451 2778 1480 2800 et
1497 2771 1572 2800 sub-

878 2816 940 2846 lata
957 2817 1156 2856 negligentia.

924 2863 963 2889 16
986 2870 1035 2888 ncc
1045 2858 1113 2897 plus
1133 2868 1219 2901 quam
1239 2856 1273 2885 de
1294 2854 1411 2896 singulis
1433 2855 1512 2885 rebus
1535 2866 1575 2884 se—

942 2912 1066 2941 xx2
