1844 3202
305 92 382 126 854
680 86 740 123 M.
768 85 983 124 TULLII
1019 85 1354 126 CICERONIS

299 210 369 236 re:
403 192 524 249 cujus
554 195 697 236 omnia
729 195 915 246 consilia,
946 210 1097 251 resque
1131 210 1294 247 omnes,
1324 211 1428 252 quas
1462 197 1588 253 gerit,
1621 207 1662 233 29
1678 199 1731 242 ab

298 252 392 307 ipso
423 250 762 307 proficiscuntur,
795 252 1032 309 eodemque
1065 253 1283 294 feruntur.
1333 268 1408 295 nec
1439 263 1505 295 est
1534 254 1621 296 ulla
1651 269 1730 307 res,

297 323 393 363 quae
414 308 507 364 plus
528 308 640 364 apud
660 323 757 349 eum
778 309 951 364 polleat,
973 323 1098 364 quam
1130 309 1259 364 ipsius
1291 311 1480 353 voluntas
1508 320 1635 367 atque
1658 311 1732 376 ju-

298 364 486 406 dicium.
516 366 583 407 cui
604 365 776 429 quidem
799 366 926 407 etiam
952 368 1063 429 (quae
1093 365 1174 406 vim
1205 366 1357 408 habere
1378 368 1604 409 maximam
1625 367 1731 410 dici-

297 424 382 474 tur)
410 422 620 462 Fortuna
613 437 700 477 ipsa
719 421 860 463 cedit:
893 430 933 454 ‹30
951 422 1058 462 sicut
1081 422 1242 476 sapiens
1264 429 1390 479 po'e'ta
1410 424 1539 476 dixit3
1572 424 1666 466 Sais
1685 439 1733 467 ea

297 477 440 534 cuiqu(
455 477 643 542 fingitur
672 477 862 518 ommibus.
922 477 1010 518 Soli
1042 478 1173 533 igitur
1198 479 1278 520 hoc
1306 481 1518 538 contingit
1538 480 1731 536 sapienti,

297 546 345 576 ut
376 535 480 576 nihil
514 535 637 575 faciat
666 535 833 583 invitus,
856 534 958 575 nihil
985 534 1147 584 dolens,
1169 535 1270 575 nihil
1302 547 1488 579 coactus.
1515 538 1634 594 quod
1655 537 1733 579 etsi

296 591 356 633 ita
388 606 492 642 esse,
528 590 717 646 pluribus
753 590 886 631 Ξ6ΞΞ)Ξ5
922 590 1211 632 disserendum
1244 601 1335 634 est:
1379 593 1486 635 illud
1517 605 1656 636 tamen
1688 604 1732 636 et

295 648 419 689 breve
449 657 493 689 et
522 647 810 688 confitendum
844 656 921 698 est,
943 648 1021 688 nisi
1049 647 1121 703 qui
1149 648 1207 688 ita
1232 648 1286 689 sit
1305 650 1494 701 affectus,
1515 666 1604 693 6556
1624 651 1731 692 libe-

296 720 391 746 rum
412 705 635 745 neminem.
684 705 822 769 Igitur
843 718 989 746 ornnes
1010 705 1208 759 improbi,
1230 705 1347 746 servi.
1379 721 1454 747 nec
1475 707 1556 748 hoc
1579 718 1665 750 tam
1687 722 1732 748 re

295 771 374 813 est,
396 777 524 818 quam
547 761 665 802 dictu
686 761 947 816 inopinatum
969 770 1097 826 atque
1119 762 1322 803 miiabile.
1350 777 1434 803 non
1455 764 1565 805 enim
1587 765 1645 806 ita
1666 764 1731 805 di-

294 828 397 860 cunt
417 833 488 859 eos
507 833 595 859 esse
615 833 768 868 servos,
786 827 833 859 ut
855 819 1078 873 mancipia,
1096 834 1188 874 quae
1210 827 1309 860 sunt
1331 819 1601 861 dominorum
1618 821 1733 862 facta.

294 889 419 924 nexu,
443 882 478 906 ὀὶ
499 886 572 915 aut
600 874 742 930 aliquo
768 874 866 930 jure
896 874 1030 916 civili:
1063 875 1150 926 sed,
1172 876 1204 916 si
1234 876 1409 917 servitus
1433 877 1504 928 sit,
1523 876 1631 919 sicut
1650 886 1733 929 est,

293 931 535 972 obedientia
565 931 686 972 fracti
718 946 846 971 animi
876 941 919 972 et
953 931 1120 988 abjecti,
1151 942 1194 972 et
1225 933 1401 973 arbitrio
1427 935 1605 976 carentis
1636 948 1731 984 suo,

294 988 388 1043 quis
410 999 553 1042 neget,
575 1002 720 1028 omnes
749 987 810 1028 iev
804 1002 872 1038 Ξ65,
894 1003 1041 1029 omnes
1067 988 1257 1042 cupidos,
1277 1004 1424 1030 omnes
1447 989 1657 1045 denique
1649 1005 1729 1031 im-

248 1048 277 1078 O
294 1045 466 1099 probos,
486 1059 576 1085 esse
597 1059 684 1085 seri
689 1059 762 1085 05
754 1045 766 1075 ἶ
810 1045 881 1084 An
904 1045 972 1085 ille
995 1045 1099 1085 mihi
1119 1045 1245 1096 liber,
1259 1046 1327 1086 cui
1349 1046 1499 1087 mulier·
1519 1046 1726 1102 imperat?

162 1576 193 1606 p.
209 1572 277 1597 123.

271 1611 455 1652 ·aedifici
456 1626 468 1650 Ξ
489 1610 714 1665 magnifica
733 1610 863 1651 nimio
885 1626 1010 1665 opere
1040 1611 1265 1653 delectant.

293 1101 362 1142 cui
384 1101 499 1155 leges
521 1101 714 1156 imponit,
736 1101 984 1155 praescribit,
1001 1100 1141 1157 jubet,
1164 1110 1288 1150 vetat,
1309 1102 1423 1158 quod
1447 1102 1630 1144 v-idetm
1619 1119 1630 1143 ς
1657 1103 1730 1158 qui

294 1157 398 1199 nihil
422 1158 644 1212 imperanti
670 1172 823 1212 negare
846 1167 999 1213 potest,
1022 1158 1124 1198 nihil
1145 1172 1335 1200 recusare
1357 1159 1513 1200 audet?
1558 1160 1726 1201 Poscit?

293 1214 481 1255 dandum
503 1222 593 1255 cst:
625 1228 776 1255 vocat.
808 1215 1087 1255 veniendum.
1117 1215 1259 1270 ejicit?
1293 1215 1563 1257 abeundum:
1594 1216 1728 1256 mina-

293 1273 390 1312 tur?
425 1270 798 1313 extimescendum.
857 1272 952 1326 Ego
983 1286 1078 1312 vero
1113 1271 1241 1311 istum
1274 1287 1356 1312 non
1389 1272 1518 1313 niodo
1549 1286 1729 1323 servum,

293 1327 366 1368 sed
388 1327 693 1383 nequissimum
717 1342 898 1377 servum,
919 1328 1046 1369 etiam
1069 1328 1103 1369 si
1131 1328 1172 1368 in
1194 1329 1453 1392 amplissima
1474 1328 1633 1369 familia
1656 1344 1728 1369 na-

291 1395 361 1425 tus
394 1385 460 1434 sit,
489 1384 788 1439 appellandum
818 1393 937 1439 puto.
996 1385 1140 1440 Atque
1175 1392 1214 1416 32
1231 1394 1279 1425 ut
1310 1385 1351 1425 in
1382 1400 1538 1441 magna
1571 1385 1731 1426 famiiia

291 1448 330 1472 33
349 1450 446 1481 sunt
472 1440 541 1481 alii
569 1441 768 1481 lautiores
795 1444 858 1505 (ut
879 1441 957 1482 sibi
979 1441 1186 1495 videntur)
1213 1442 1330 1493 serii,
1354 1442 1426 1483 sed
1446 1451 1588 1483 tamen
1610 1442 1731 1491 semi,
1762 1469 1765 1472 -

292 1505 331 1528 34
350 1498 549 1538 atrienses
581 1512 629 1537 ac
660 1498 842 1552 topiarii,
870 1498 957 1552 pari
991 1498 1170 1539 stultitia
1194 1508 1311 1546 sunt,
1331 1514 1439 1554 quos
1467 1500 1599 1554 signa,
1621 1513 1741 1554 quos¹

292 1553 463 1605 tabulae,
485 1569 593 1610 quos
610 1553 807 1594 caelatuin
828 1563 1069 1609 argentum,
1089 1570 1196 1610 quos
1218 1555 1442 1596 Corinthia
1462 1570 1603 1619 opera?
1620 1569 1728 1610 quos

1325 1613 1386 1653 At
1406 1626 1568 1661 sumus,
1590 1611 1729 1677 niqui—

289 1677 381 1718 unt‚
403 1666 580 1708 cixitatis
607 1666 832 1731 principes.
892 1669 930 1708 V
934 1683 980 1708 os
1014 1683 1110 1709 vero
1143 1684 1194 1709 ne
1224 1683 1524 1710 conservorum
1554 1668 1727 1723 quidem

288 1733 523 1765 vestrorum
561 1723 770 1779 principes
807 1723 920 1764 estis.
980 1724 1064 1765 Sed
1093 1733 1139 1766 ut
1169 1725 1211 1765 in
1241 1724 1414 1777 familia,
1443 1725 1516 1781 qui
1547 1734 1740 1766 tractant·

286 1780 382 1831 isra,
405 1781 478 1836 qui
500 1789 688 1836 tergunt,
709 1780 781 1835 qui
802 1790 984 1836 ungunt,
1006 1781 1079 1837 qui
1099 1790 1283 1832 verrunt,
1304 1782 1376 1838 qui
1398 1790 1618 1837 spargunt,
1640 1796 1725 1823 non

286 1837 636 1879 honestissimum
657 1837 798 1878 locum
821 1838 1029 1879 servitutis
1050 1846 1215 1880 tenent.
1247 1839 1306 1880 sic
1326 1854 1368 1880 m
1389 1838 1570 1902 civitate,
1590 1838 1664 1903 qui
1683 1852 1729 1880 se

286 1894 462 1936 istr‘num
496 1909 636 1935 rerum
665 1894 968 1950 cupiditatibus
1003 1894 1269 1947 dediderunt,
1300 1903 1340 1928 {³⁵
1357 1910 1488 1952 ipsius
1517 1895 1727 1937 servitutis

1028 2059 1166 2089 quorum
1188 2049 1311 2079 sordida
1334 2055 1363 2079 et
1387 2048 1524 2079 humilia
1538 2055 1615 2079 sunt
1632 2049 1730 2079 mini·

1027 2093 1131 2122 steria.

329 2058 369 2083 ‘29
392 2050 429 2079 ab
452 2050 511 2090 ipso
529 2047 767 2090 preficiscuntur]
786 2050 806 2079 i.
820 2059 846 2079 e.
865 2057 899 2080 ut
915 2055 984 2089 post

285 2101 344 2131 est,
355 2095 450 2132 ipsius
463 2093 627 2123 voluntate
643 2099 737 2132 atquc
749 2093 880 2130 judicio.
906 2103 982 2123 nam

284 2138 317 2167 in
336 2137 384 2166 his
400 2139 520 2176 proprie
535 2143 581 2166 est
595 2137 707 2165 homo.

329 2186 370 2210 30
393 2180 467 2208 sicut
483 2179 593 2218 sapiens
611 2182 719 2218 polilar
712 2176 802 2216 dixit]
823 2179 873 2208 An
891 2178 984 2208 Plau-

285 2229 349 2259 tus,
371 2224 427 2261 qui
455 2224 487 2252 in
510 2222 670 2252 Trinulno
692 2221 767 2251 dicit
789 2222 899 2261 sapiens
926 2221 985 2261 ipse

273 2265 532 2307 fingitfortunam
547 2264 601 2294 sibi
618 2265 661 2303 II,
677 2271 709 2301 2,
725 2271 775 2294 84.

328 2315 365 2338 31
392 2315 444 2337 aa!
466 2308 564 2349 aliquo
581 2308 652 2348 jure
674 2306 751 2346 civ.]
772 2307 829 2337 Pro
849 2312 903 2336 aut
922 2306 983 2337 alio

284 2361 350 2401 quo
374 2352 481 2387 modo,
499 2352 677 2381 secundnm
697 2350 750 2388 jus
773 2350 876 2383 civile
898 2351 982 2388 quod

284 2395 385 2424 varios
424 2396 535 2424 modos
572 2394 728 2424 servitutis
759 2393 984 2423 contrahendae

286 2438 424 2510 haggt·ut
438 2479 469 2507 in
485 2477 737 2519 magnafamilia]
757 2478 808 2508 Sic
825 2478 919 2508 habet
935 2479 982 2508 ed.

285 2523 355 2553 Col.
371 2523 514 2552 Romana
530 2522 615 2551 addit
630 2520 792 2556 stultorum,
806 2528 841 2551 ut
857 2529 886 2551 et
904 2522 980 2552 MSS.

285 2566 400 2605 plures.
425 2565 539 2595 delevit
565 2572 646 2594 recte
675 2564 811 2603 Langius
838 2571 868 2594 et
895 2564 982 2594 Grae-

284 2610 366 2639 vius.
398 2609 429 2639 Si
445 2609 579 2638 verbum
596 2609 657 2637 hoc
674 2617 712 2636 ex
730 2607 791 2636 aiio
807 2613 920 2636 natum
937 2614 983 2637 est

283 2662 384 2682 errore
408 2651 597 2686 scribarum,
625 2657 736 2689 putem
763 2650 857 2680 fuisse
886 2661 982 2679 servo-

284 2706 360 2732 rum,
377 2701 408 2725 et
422 2701 490 2734 post
505 2694 619 2724 afuisse
635 2693 726 2723 servi.

327 2744 365 2769 33
389 2744 455 2767 sunt
477 2736 532 2766 alii
551 2734 700 2786 Inferiores]
720 2736 794 2766 Sc.i
812 2736 892 2774 ‚qui
909 2736 982 2766 arti-

283 2781 358 2812 fices
381 2786 469 2817 sunt,
486 2786 517 2810 et
537 2781 593 2819 qui
616 2778 735 2809 delicati
756 2779 918 2814 dicuntur,
935 2785 981 2809 at-

280 2833 343 2863 que
372 2825 468 2855 ctiam
499 2823 615 2854 melius
650 2829 822 2854 tractantur
856 2823 980 2861 ceteris,

1071 2142 1112 2166 34
1136 2142 1194 2164 atr.
1212 2145 1247 2163 ac
1263 2133 1394 2173 topiarii,
1412 2133 1482 2174 pari
1499 2132 1626 2163 ςέιιῖῑίίὶα
1642 2132 1726 2175 sunt]

1029 2177 1080 2208 Sic
1104 2178 1183 2208 edidi
1208 2188 1285 2207 curn
1310 2177 1444 2207 Graevio.
1469 2177 1547 2206 mire
1566 2178 1636 2207 haec
1652 2185 1728 2208 sunt

1027 2222 1133 2251 vitiata
1151 2222 1181 2250 in
1199 2221 1277 2251 Mss.
1295 2227 1326 2250 et
1341 2221 1411 2250 edd.
1427 2230 1474 2259 pr.
1488 2226 1630 2250 ceterum
1653 2219 1728 2249 stul-

1027 2263 1096 2293 titia
1113 2264 1166 2294 hic
1182 2264 1262 2294 mihi
1281 2273 1346 2293 non
1369 2262 1482 2302 placet.
1506 2272 1581 2292 nam
1599 2272 1664 2292 non
1681 2269 1728 2292 est

1026 2316 1131 2337 sermo
1156 2307 1194 2337 de
1220 2306 1353 2338 stultitia
1374 2306 1427 2336 sed
1450 2306 1489 2335 de
1510 2306 1670 2336 servitute.
1699 2307 1727 2336 si

1027 2358 1134 2381 tamen
1151 2356 1197 2380 est
1211 2360 1229 2380 a
1249 2351 1413 2387 Cicerone,
1432 2347 1626 2387 intelligendi
1647 2349 1726 2379 servi

1027 2399 1102 2423 sunt
1122 2402 1210 2431 pares
1234 2393 1366 2423 stultitia
1383 2392 1432 2428 iis,
1449 2401 1530 2430 quos
1546 2398 1618 2422 ante
1633 2392 1726 2430 dixit,

1028 2436 1174 2466 lautiores
1191 2437 1249 2465 sibi
1265 2435 1374 2471 videri,
1390 2435 1496 2464 servis.

1070 2486 1109 2509 35
1134 2478 1224 2517 ipsius
1248 2477 1399 2508 servitutis
1425 2476 1516 2507 locum
1541 2483 1626 2517 paene
1650 2474 1722 2517 irgf]

1027 2522 1132 2560 Vulgo
1155 2528 1201 2551 est
1223 2522 1369 2551 civitatis.
1393 2527 1423 2550 at
1440 2519 1534 2550 multi
1553 2520 1631 2550 Mss.
1646 2519 1724 2550 boni

1027 2564 1146 2594 habent
1171 2564 1324 2593 servitutis
1349 2571 1384 2593 ut
1407 2570 1437 2593 et
1460 2563 1573 2593 Duisb.
1611 2563 1724 2602 Itaque

1027 2608 1171 2637 Graevius
1195 2607 1339 2637 Ciceroni
1364 2607 1508 2637 restituit.
1553 2605 1605 2635 Sic
1629 2606 1726 2636 habet

1025 2651 1120 2680 etiarn
1137 2650 1186 2680 ed.
1203 2650 1316 2680 Colon.
1332 2650 1413 2679 ven.
1437 2648 1568 2679 Mediol.
1584 2649 1667 2679 Vict.
1681 2648 1724 2678 ci-

1023 2693 1131 2723 vitatis
1146 2694 1288 2732 primum
1305 2694 1338 2723 in
1355 2692 1502 2723 Romana
1524 2691 1646 2722 editum
1664 2698 1724 2722 est.

1023 2737 1179 2768 revocavit
1194 2737 1314 2767 Aldus:
1339 2736 1424 2766 unde
1440 2737 1472 2765 in
1488 2733 1564 2765 alias
1583 2735 1654 2766 edd.
1669 2743 1724 2766 ve·

1023 2781 1071 2811 nit
1085 2786 1116 2810 et
1130 2779 1260 2819 vulgata
1274 2779 1367 2810 lectio
1382 2780 1463 2810 facta
1478 2784 1534 2811 est.
