1844 3202
309 107 391 147 ⁸56
682 109 742 147 M.
779 108 997 148 TULLII
1037 108 1369 149 CICERONIS

306 215 393 256 cit?
426 215 496 258 An
526 231 610 258 non
639 225 704 258 est
733 217 869 258 omnis
899 227 1052 269 metuS,
1082 218 1284 260 servitus?
1328 217 1444 276 Ouid
1473 219 1580 262 valet
1608 220 1740 277 igitur

306 272 376 313 illa
396 272 733 338 eloquentissimi
749 274 838 326 viri,
860 276 910 316 L.
936 275 1091 324 Crassi,
1112 276 1284 331 copiosa
1304 276 1453 340 magis,
1476 291 1603 331 quam
1625 278 1736 342 sapi-

307 342 380 370 ens
411 331 574 371 oratio?
609 330 775 385 Eripite
803 346 874 372 nos
904 347 955 371 ex
982 331 1187 372 serzitute.
1219 348 1312 387 quae
1343 341 1406 373 est
1437 333 1514 373 ista
1549 334 1738 387 servitus,

307 393 393 426 tam
427 387 539 428 claro
569 387 746 438 homini,
779 397 951 442 tamque
979 386 1137 427 nobili?
1177 387 1325 429 Omnis
1355 389 1483 430 animi
1516 389 1738 452 debilitati,

178 456 210 488 p.
226 454 296 479 124.
308 449 350 482 et
372 442 557 495 humilis,
577 454 618 483 et
640 444 756 485 fracti
785 443 1002 493 timiditas,
1024 443 1198 484 servitus
1227 454 1302 485 est.
1362 445 1424 486 N
1429 444 1502 486 lite
1521 446 1650 488 sinere
1668 461 1740 488 nos

268 501 298 522 ²·
291 498 495 562 ‘cuiquam
516 499 676 540 serviie.
712 501 760 539 In
782 500 1019 540 libertatem
1043 499 1239 540 vindicari
1261 500 1375 541 vult?
1404 502 1589 543 minime
1621 503 1739 546 Ouid

305 570 416 596 emm
439 556 655 612 adjungit.
647 557 660 583 ³
692 556 772 596 wisi
794 555 901 596 vobis
922 555 1424 598 11712'1ve1·eis.Do1ninu1n
1453 568 1630 610 mutare,
1652 574 1736 601 non

304 611 411 652 liber
440 627 530 653 esse
561 612 661 653 v.ult
693 611 837 668 quihus
867 619 905 652 ct
930 622 1144 667 possumus
1174 619 1212 653 et
1244 612 1440 654 dehemus.
1499 615 1593 656 Nos
1624 630 1735 667 vero,

304 668 510 723 siquidem
549 669 689 709 animo
723 669 902 718 excelso,
938 678 980 709 et
1012 670 1113 720 alto,
1148 678 1190 710 et
1222 684 1279 709 111
1285 670 1443 710 tutibus
1479 680 1737 727 exaggerato

303 739 462 776 sumus,
494 740 570 766 nec
607 724 824 776 debemus,
857 740 931 765 nec
970 740 1210 780 possumus.
1268 726 1334 766 'lu
1364 740 1487 780 posse
1518 735 1558 767 te
1592 729 1736 780 dicito,

303 782 504 835 quoniam
540 781 712 837 quidem
741 793 890 837 potes:
924 782 1076 823 debere
1105 796 1155 823 ne
1186 782 1367 831 dixeris3
1400 783 1599 838 quoniam
1633 785 1737 827 nihil

301 838 523 893 quisquam
544 839 683 888 debet,
704 838 780 879 nisi
803 838 918 894 quod
939 849 1004 879 est
1023 848 1145 893 turpe
1171 854 1255 879 non
1284 838 1473 879 ieddere.
1532 839 1615 880 Sed
1643 841 1735 883 haec

301 892 520 936 hactenus.
579 902 617 926 43
639 895 716 935 Ille
747 895 897 945 videat,
930 895 1147 950 quomodo
1188 897 1416 950 imperator
1446 910 1536 936 esse
1579 898 1734 951 possit·

300 964 396 990 cum
419 966 516 992 eum
538 966 591 999 ne
615 951 795 992 liberum
817 951 987 1007 quidem
1015 966 1105 992 esse
1131 952 1252 1003 ratio,
1275 963 1317 993 et
1338 952 1486 993 veritas
1519 953 1609 1008 ipsa
1635 968 1736 995 eon-

300 1006 451 1048 vincat.

776 1064 1153 1106 PARADOXON
1182 1065 1261 1105 VI.

459 1141 550 1183 ‘'O‘ra
571 1142 673 1196 μόνος
695 1146 710 1183 ὁ
733 1144 839 1194 σοφὸς
859 1142 1029 1191 πλέσιος.

467 1199 606 1240 Solum
628 1199 850 1255 sapientem
871 1216 952 1241 esse
970 1200 1151 1241 divitem.

256 1286 283 1332 l
355 1290 466 1332 Quae
499 1299 563 1331 est
595 1290 675 1331 ista
703 1298 742 1321 44
759 1289 801 1330 in
834 1289 1207 1331 commemoranda
1239 1289 1416 1344 pecunia
1447 1298 1522 1331 tua
1549 1299 1636 1333 tam
1668 1292 1733 1333 in-

298 1346 436 1388 solens
471 1347 727 1388 ostentatio?
767 1347 936 1387 solusne
969 1355 1017 1388 tu
1049 1347 1193 1387 dives?
1243 1348 1321 1387 Pro
1352 1346 1410 1388 dii
1441 1347 1730 1389 immortales!

296 1417 434 1458 egone
456 1418 524 1444 me
544 1403 678 1443 audu
669 1417 749 1443 isse
769 1403 943 1459 aliquid,
965 1413 1006 1444 et
1030 1403 1241 1454 didicisse,
1264 1418 1347 1444 non
1375 1403 1585 1459 gaudeam
1608 1407 1620 1445 ἒ
1655 1405 1735 1446 So-

295 1460 417 1501 lusne
455 1460 597 1501 dives
586 1475 597 1500 r
651 1460 782 1524 Quid,
821 1462 854 1501 si
885 1475 935 1500 ne
966 1460 1078 1501 dives
1110 1459 1311 1516 quidem³
1362 1460 1478 1515 quid,
1510 1461 1544 1502 si
1573 1475 1735 1517 pauper

295 1517 462 1557 etia1n³
504 1518 646 1558 Ouem
685 1516 797 1556 enim
833 1516 1110 1572 intelligimus
1151 1516 1351 1556 divitem?
1400 1526 1488 1568 aut,
1527 1516 1610 1558 hoc
1643 1532 1733 1559 ver-

294 1572 414 1624 bum,
451 1573 492 1614 in
529 1587 614 1628 quo
654 1572 827 1613 homine
867 1574 1096 1628 ponimus³
1141 1572 1291 1628 opinor
1330 1573 1372 1613 in
1410 1586 1476 1624 eo,
1507 1573 1576 1614 cui
1615 1582 1734 1615 tanta

292 1630 505 1684 possessio
527 1637 605 1679 est,
628 1637 676 1670 ut
697 1629 748 1669 ad
771 1629 998 1669 liberaliter
1019 1630 1080 1670 viv
1073 1629 1239 1670 endum
1262 1628 1384 1669 facile
1405 1638 1630 1671 contentus
1650 1631 1729 1672 sit:

294 1686 369 1742 qui
399 1686 503 1727 nihil
533 1693 711 1742 quaerat,
743 1685 846 1726 nihil
874 1694 1060 1741 appetat,
1089 1685 1194 1726 nihil
1223 1694 1341 1740 optet
1369 1685 1563 1741 amplius.
1621 1687 1730 1728 Ani-

292 1757 388 1783 mus
409 1751 578 1798 oportet
602 1750 716 1793 tuus,
737 1756 781 1782 se
803 1741 971 1798 judicet
999 1741 1184 1792 divitem,
1206 1757 1290 1782 non
1321 1742 1543 1783 hominum
1575 1757 1731 1794 sermo,

292 1813 430 1855 neque
458 1798 745 1854 possessiones
766 1808 876 1840 tuae.
910 1798 1013 1839 nihil
1044 1799 1123 1839 sibi
1153 1798 1298 1839 deesse
1325 1807 1460 1854 putet,
1482 1799 1587 1840 nihil
1611 1809 1731 1841 curet

290 1856 486 1912 amplius.
515 1856 687 1896 satiatus
715 1864 793 1906 est,
819 1865 894 1896 aut
920 1863 1144 1896 contentus
1173 1855 1299 1896 etiam
1331 1855 1541 1910 pecunia³
1575 1871 1730 1897 conce-

290 1911 362 1962 do,
383 1913 496 1954 dives
524 1927 582 1953 es.
605 1912 668 1953 sin
697 1920 841 1953 autem
871 1921 1044 1968 propter
1070 1911 1312 1953 aviditatem
1342 1912 1531 1966 pecuniae
1562 1912 1729 1954 nullum

291 1978 501 2024 quaestum
533 1977 701 2024 turpem
728 1978 867 2023 putas,
889 1978 927 2001 4⁵
943 1984 1043 2009 cum
1070 1968 1136 2009 isti
1162 1968 1297 2009 ordini
1326 1982 1378 2008 ne
1406 1968 1607 2010 honestus
1633 1970 1729 2033 qui-

245 2032 278 2064 b.
292 2027 390 2067 dem
423 2026 556 2090 possit
584 2039 676 2066 esse
706 2025 845 2066 ullus·
835 2056 846 2075 ,
879 2025 913 2065 si
941 2025 1131 2089 quotidie
1157 2025 1342 2074 fraudas,
1371 2023 1543 2080 decipis,
1573 2026 1728 2080 poscis,

289 2082 587 2137 pacisceris,a
562 2082 715 2131 aufers,
752 2081 906 2137 eripis3
940 2083 974 2122 si
1010 2081 1148 2122 socios
1180 2081 1348 2136 spolias,
1383 2081 1578 2122 aerarium
1609 2082 1727 2137 expi-

288 2138 372 2188 las3
402 2139 435 2179 si
457 2147 708 2180 testamenta
724 2153 958 2179 amlcorum
981 2147 1212 2193 exspectas,
1235 2146 1307 2178 aut
1325 2152 1376 2178 ne
1396 2148 1612 2194 exspectas
1633 2138 1728 2195 qui-

288 2195 403 2246 dem,
439 2201 478 2226 46
500 2204 629 2251 atque
667 2194 756 2250 ipse
792 2195 1023 2250 supponis:
1067 2194 1159 2235 haec
1193 2203 1337 2235 utrum
1374 2194 1641 2246 abundantis,
1672 2210 1727 2237 an

287 2252 450 2307 egentis
471 2252 591 2307 signa
611 2253 739 2292 sunt?
771 2252 955 2292 Animus
984 2251 1167 2292 hominis
1197 2251 1324 2315 dive-s,
1347 2265 1431 2291 non
1457 2265 1554 2291 arca
1580 2252 1726 2307 appel-

286 2307 364 2349 lari
383 2308 504 2349 solet.
526 2308 715 2365 quamvis
735 2307 808 2349 illa
833 2308 885 2349 sit
913 2308 1051 2363 plena,
1079 2307 1182 2349 dum
1214 2316 1257 2348 te
1284 2307 1449 2348 inanem
1471 2307 1638 2358 videbo,
1659 2308 1725 2350 di-

286 2366 414 2406 vitem
441 2380 524 2406 non
550 2366 725 2420 putabo
746 2365 901 2405 etenim
934 2379 985 2405 ex
1010 2379 1077 2415 eo,
1101 2374 1305 2418 quantum
1331 2363 1484 2419 cuique
1513 2364 1613 2405 satis
1643 2373 1723 2416 est,

285 2421 518 2463 metiuntur
543 2421 736 2463 homines
763 2421 999 2462 divitiarum
1023 2421 1215 2462 modum.
1276 2419 1423 2461 Filiam
1447 2420 1541 2476 quis
1559 2420 1716 2462 habet.
1706 2423 1721 2453 ³

328 2542 367 2566 43
394 2535 449 2565 Ille
474 2533 593 2576 videat]
618 2536 668 2566 De
690 2545 755 2574 quo
775 2536 807 2577 in
828 2535 982 2574 principio
1026 2531 1212 2574 adscriptus)
1236 2543 1276 2563 ne
1297 2534 1450 2565 honestus
1474 2535 1605 2574 quidem
1627 2536 1724 2574 possit

282 2578 405 2609 dictum
421 2585 477 2609 est.
1025 2587 1092 2607 esse
1108 2577 1188 2607 alius
1203 2584 1353 2615 quaestus.

327 2629 368 2652 44
391 2621 421 2651 in
438 2631 536 2652 comm.
550 2620 672 2660 pecunia
688 2618 751 2658 tua]
775 2620 837 2650 Hic
854 2629 982 2659 quoque
1068 2627 1108 2651 45
1133 2631 1196 2649 cum
1214 2619 1263 2648 isti
1281 2618 1390 2660 omiini]
1416 2620 1504 2650 Nam
1525 2620 1723 2651 senatoribus

282 2664 394 2695 Cicero
407 2664 547 2704 aliquem
563 2664 693 2694 divitem
710 2669 901 2699 senatorem,
915 2664 981 2702 opi-
1026 2672 1088 2693 non
1114 2663 1228 2692 licebat
1248 2671 1302 2692 aut
1326 2664 1497 2693 honestum
1521 2669 1586 2693 erat
1605 2663 1720 2700 alium,

282 2717 341 2737 nor
355 2708 519 2743 Crassum,
535 2707 699 2746 spectavit,
717 2706 746 2736 id
762 2706 847 2744 quod
866 2715 906 2736 ex
925 2706 978 2736 de·
1020 2715 1119 2745 quam
1135 2715 1174 2736 ex
1191 2715 1222 2736 re
1239 2706 1366 2744 rustica,
1383 2713 1544 2745 quaestum
1565 2715 1721 2737 exercere.

282 2750 427 2781 finitione
452 2750 555 2781 divitis
578 2756 648 2790 post
669 2749 763 2780 allata
786 2755 881 2788 patet,
905 2758 979 2787 quae
1064 2753 1104 2780 46
1127 2756 1214 2790 atque
1231 2748 1289 2788 ipse
1305 2747 1399 2790 supp]
1426 2749 1477 2779 Sic
1495 2749 1565 2778 edd.
1586 2758 1631 2789 pr.
1647 2748 1718 2779 vul-

281 2793 340 2822 suit
356 2793 470 2824 Crassi.
486 2803 563 2823 nam
584 2799 653 2833 post
671 2793 812 2831 loquitur
829 2793 867 2821 de
883 2791 978 2821 ordine
1020 2802 1060 2832 go
1076 2791 1159 2823 male
1175 2798 1216 2822 at.
1233 2793 1258 2822 si
1276 2792 1325 2822 scd
1337 2798 1428 2829 esset,
1445 2791 1567 2822 serrem.

280 2836 444 2868 hominis.-
468 2847 532 2866 eum
547 2836 597 2866 isti
615 2836 708 2866 ordini
732 2835 796 2876 (cui
821 2842 854 2865 tu
878 2844 921 2865 sc.
945 2845 976 2865 es
