1844 3202
590 120 770 161 LIBER
804 117 1142 158 SECUNDUS.
1501 120 1580 165 739

141 246 299 284 semus,
320 242 553 288 numquam
575 228 628 270 ad
648 243 781 271 unum
804 236 921 270 tanta
938 225 1194 283 pervenisset
1219 223 1411 266 licentia:
1442 237 1467 266 a
1486 240 1573 282 quo

139 289 312 345 quidem
343 289 402 331 rei
437 285 668 337 familiaris,
699 285 754 327 ad
783 298 941 340 paucos
957 299 970 334 3
1000 282 1300 338 cupiditatum,
1330 280 1382 321 ad
1412 283 1572 325 multos

140 345 357 400 improbos
375 343 484 386 venit
504 342 728 384 hereditas.
786 342 881 383 Nec
898 354 994 382 vero
1015 352 1222 394 umquam
1241 336 1453 377 bellorum
1472 341 1571 381 civi·
1585 349 1636 392 29

139 400 245 442 lium
273 414 416 441 semen
449 407 491 441 et
524 413 652 441 causa
682 398 830 450 deerit,
860 396 964 438 dum
996 396 1190 437 homines
1222 392 1375 450 perditi
1408 393 1572 438 hastam

141 457 256 498 illam
294 464 513 498 cruentam
553 465 598 497 et
637 454 919 506 meminerint,
952 462 995 495 et
1028 452 1280 508 sperabunt3
1313 464 1441 506 quam
1473 460 1511 483 3²
1533 455 1576 495 P.

139 512 258 554 Sulla
286 527 385 554 cum
416 513 632 563 vibrasset,
662 512 868 554 dictatore
899 510 1138 566 propinquo
1167 522 1270 549 suo:
1303 506 1430 556 idem,
1458 518 1576 551 sexto

138 569 351 611 tricesimo
384 583 494 611 anno
525 577 638 625 post,
659 583 683 609 a
714 567 980 609 sceleratiore
1010 566 1132 607 hasta
1158 579 1241 606 non
1263 563 1448 605 recessit.
1470 565 1576 607 alter

137 634 296 676 autem,
318 626 392 683 qui
411 626 452 667 in
474 625 547 668 illa
567 625 777 667 dictatura
795 624 932 665 scriba
950 624 1099 674 fuerat,
1121 622 1164 663 in
1187 620 1369 683 haofuit
1390 632 1578 676 quaestor

140 682 339 724 urbanus.
398 684 462 724 Ex
482 697 569 739 quo
590 682 718 724 debet
737 680 932 736 intelligi,
954 680 1109 721 talibus
1130 677 1316 734 praemiis
1335 678 1577 734 propositis,

139 753 372 794 numquam
394 739 591 781 defutura
609 738 720 780 bella
740 737 889 779 civilia.
937 738 1087 792 Itaque
1108 735 1286 791 parietes
1307 733 1421 775 urbis
1444 735 1577 777 modo

137 804 251 837 stant
269 804 312 836 et
339 806 525 847 manent,
546 795 660 852 iique
682 794 761 851 ipsi
786 794 878 851 jam
908 802 1094 834 extrema
1124 791 1281 833 scelera
1311 798 1574 834 metuentes:

139 866 229 893 rem
259 866 357 893 vero
388 851 605 907 publicam
635 852 803 907 penitus
833 850 1079 892 amisimus:
1112 858 1239 904 atque
1268 847 1311 888 in
1343 846 1417 889 has
1438 848 1578 891 clades

141 907 368 950 incidimus
393 908 672 962 (redeundum
691 917 756 950 est
774 908 887 949 enim
909 907 962 948 ad
980 906 1265 962 propositum)
1299 911 1337 935 33
1359 903 1462 946 dum
1486 921 1576 947 me-

129 965 218 1016 tui,
239 980 368 1021 quam
389 966 475 1007 cari
494 979 585 1008 esse
605 974 649 1007 et
677 965 798 1020 diligi
823 964 1066 1006 maluimus.
1125 964 1234 1019 Quae
1256 961 1289 1001 si
1308 963 1468 1017 populo
1491 964 1575 1004 Ro·
1589 969 1686 1003 P·³9·

139 1036 266 1063 mano
280 1022 435 1078 injuste
447 1022 670 1078 imperanti
683 1021 873 1063 accidere
886 1029 1131 1076 potuerunt,
1145 1019 1245 1075 quid
1259 1018 1416 1060 debent
1429 1029 1576 1075 putare
1586 1016 1616 1037 ²²·

139 1078 295 1134 singuli
313 1080 326 1120 ?
351 1086 390 1111 ³4
405 1078 536 1136 Quod
556 1093 655 1120 cum
674 1078 944 1134 perspicuum
965 1077 1032 1127 sit,
1052 1075 1356 1117 benevolentiae
1377 1076 1461 1117 vim
1482 1091 1576 1118 esse

140 1149 343 1190 magnam
357 1151 370 1187 3
400 1145 556 1188 metus,
584 1135 869 1177 imbecillam:
901 1133 1105 1189 sequitur,
1126 1142 1174 1174 ut
1190 1132 1460 1182 'disseramus‚
1483 1133 1577 1189 qui-

140 1191 220 1232 bus
250 1192 374 1233 rebus
404 1192 616 1247 possimus
646 1191 846 1233 facillime
875 1205 984 1241 eam,
1005 1204 1134 1246 quam
1164 1189 1374 1239 volumus,
1403 1189 1578 1245 adipisci

138 1261 238 1289 cum
267 1247 429 1289 honore
458 1256 501 1289 et
531 1248 610 1290 fide
639 1247 873 1289 caritatem.
933 1247 1014 1288 Sed
1044 1261 1094 1287 ea
1124 1260 1207 1287 non
1237 1247 1392 1301 pariter
1430 1261 1576 1288 onmes
1588 1250 1644 1285 30

140 1318 330 1359 egemus.
353 1319 449 1346 nam
481 1312 520 1336 3⁵
540 1305 593 1346 ad
614 1306 820 1361 cujusque
841 1304 968 1345 vitam
990 1304 1226 1345 institutam
1249 1303 1578 1344 accommodan-

140 1361 246 1403 dum
274 1369 352 1413 est,
372 1377 396 1403 a
416 1361 616 1403 multisne
639 1376 746 1417 opus
768 1362 835 1411 sit,
857 1375 910 1401 an
932 1361 1046 1410 satis,
1067 1374 1091 1400 a
1111 1360 1255 1415 paucis
1276 1360 1410 1415 diligi.
1472 1360 1578 1402 Cer-

142 1425 234 1459 tum
253 1417 384 1473 igitur
403 1418 485 1460 hoc
506 1419 573 1470 sit,
591 1418 719 1474 idque
738 1428 781 1460 et
810 1417 995 1473 primum
1017 1426 1059 1458 et
1079 1416 1263 1457 maxime
1282 1417 1579 1469 necessarium,

140 1474 445 1516 familiaritates
475 1475 630 1516 habere
660 1475 763 1516 fidas
792 1474 1026 1516 amantium
1058 1488 1133 1514 nos
1163 1473 1413 1523 amicorum,
1433 1483 1476 1514 et
1503 1489 1582 1515 no-

140 1540 227 1572 stra
253 1532 512 1573 mirantium.
540 1532 632 1573 haec
663 1532 775 1572 enim
808 1539 872 1572 est
895 1545 980 1572 una
1000 1545 1063 1571 res
1084 1544 1270 1585 prorsus,
1291 1538 1339 1571 ut
1361 1545 1443 1570 non
1466 1530 1580 1572 mul-

139 1597 232 1629 tum
259 1587 424 1629 differat
455 1589 562 1630 inter
589 1603 779 1630 summos
809 1596 851 1628 et
875 1587 1110 1628 mediocres
1133 1587 1268 1637 vir0s3
1300 1601 1433 1642 eaque
1453 1589 1578 1629 utris-

143 1659 225 1700 que
245 1653 310 1686 est
329 1645 640 1700 propemodum
661 1643 959 1700 comparanda.
999 1645 1192 1694 Honore,
1214 1653 1256 1684 et
1274 1644 1426 1698 gloria,
1444 1654 1487 1685 et
1507 1644 1638 1685 be-3l

143 1701 378 1742 nevolentia
396 1702 549 1742 civium
570 1702 747 1743 fortasse
768 1716 853 1742 non
874 1715 995 1757 aeque
1017 1715 1162 1741 omnes
1180 1709 1322 1755 egent,
1343 1700 1416 1741 sed
1436 1710 1580 1742 tamen

142 1757 178 1797 si
206 1757 275 1798 cui
305 1757 397 1798 haec
428 1767 674 1814 suppetunt,
705 1757 904 1814 adjuvant
933 1757 1194 1813 aliquantum
1228 1767 1319 1797 tum
1352 1757 1404 1798 ad
1426 1767 1580 1809 cetera,

144 1823 235 1854 tum
267 1814 320 1855 ad
351 1815 554 1855 amicitias
585 1814 904 1870 comparandas
963 1813 1046 1854 Sed
1077 1813 1129 1854 de
1159 1814 1345 1854 amicitia
1368 1814 1451 1854 alio
1472 1808 1630 1864 libro9

143 1869 304 1911 dictum
324 1879 402 1922 est,
423 1871 496 1927 qui
517 1872 758 1912 inscribitur
777 1870 947 1911 Laelius.
991 1871 1119 1911 Nunc
1140 1870 1276 1911 dicam
1285 1885 1330 1911 us
1352 1871 1404 1911 de
1423 1871 1582 1926 gloria:

143 1941 403 1982 quamquam
424 1942 473 1968 ea
494 1943 664 1983 quoque
685 1928 737 1969 de
767 1942 811 1968 re
831 1927 916 1968 duo
939 1936 1036 1968 sunt
1057 1927 1187 1967 nostri
1207 1927 1301 1967 libri
1319 1944 1328 1968 ε
1360 1927 1434 1968 sed
1454 1929 1582 1969 attin-

140 1997 308 2037 gamus,
328 1984 672 2040 quandoquidem
692 1999 741 2026 ea
767 1984 810 2025 in
846 1985 971 2025 rebus
992 1983 1224 2040 majoribus
1244 1983 1584 2026 administrandis

147 2039 212 2096 adj
220 2048 315 2081 uvat
335 2040 581 2095 plurimum.

199 2097 377 2137 Summa
410 2097 542 2153 igitur
575 2107 619 2140 et
650 2099 836 2155 perfecta
867 2098 1006 2153 gloria
1038 2105 1204 2139 constat
1237 2112 1287 2138 ex
1319 2098 1453 2139 tribus
1484 2098 1581 2140 hist

143 2152 178 2194 si
215 2153 356 2209 diligit
395 2154 628 2196 multitudo
648 2173 656 2197 ς
694 2156 728 2196 si
765 2155 889 2195 fidem
918 2155 1070 2196 babet:
1103 2154 1137 2195 si
1174 2168 1273 2195 cum
1307 2154 1584 2196 admiratione

143 2209 327 2265 quadam
352 2210 514 2252 honore
542 2211 693 2267 dignos
723 2220 860 2267 putat.
919 2213 1028 2252 Haec
1056 2220 1214 2261 autem,
1238 2212 1272 2252 si
1297 2220 1361 2252 est
1381 2212 1585 2267 simpliei-

144 2275 208 2307 ter
235 2267 498 2323 breviterque
529 2267 772 2318 dicendum,
793 2275 833 2300 86
851 2269 1006 2324 quibus
1026 2269 1152 2308 rebus
1174 2278 1373 2322 parantur
1392 2283 1417 2309 a
1437 2269 1585 2324 singu-

143 2321 209 2373 IiS,
230 2323 388 2365 eisdem
405 2326 492 2365 fere
513 2338 538 2365 a
557 2325 847 2367 multitudine.
907 2325 989 2366 Sed
1009 2334 1074 2366 est
1093 2324 1200 2365 alius
1218 2339 1390 2382 quoque
1409 2325 1584 2380 quidam

188 2441 228 2466 32
247 2435 283 2466 P.
296 2436 394 2477 Sulla]
414 2439 614 2478 Propinquus
630 2437 729 2469 Sullae
743 2441 842 2470 dieta-

195 2479 200 2483 *
885 2439 970 2469 libris
993 2439 1186 2478 quibusdam
1208 2440 1344 2479 scriptis,
1368 2439 1485 2478 quibus
1508 2448 1586 2469 con-

143 2485 231 2515 tons,
248 2489 303 2518 pro
323 2490 386 2519 quo
409 2488 455 2512 est
476 2484 574 2513 oratio
598 2482 769 2514 Ciceronis.
792 2483 843 2512 vi-

884 2484 979 2513 sentit
995 2483 1163 2512 Gotbanus
1180 2483 1249 2513 edd.
1267 2483 1356 2520 Mog.
1374 2482 1443 2512 Col.
1461 2482 1557 2513 Rom.

145 2521 264 2558 basset,
297 2523 316 2552 i.
348 2524 393 2553 uti
424 2526 630 2564 coepisset—a
664 2525 843 2556 sceleratiore

145 2564 240 2601 basta,
256 2565 271 2594 J
278 2565 333 2595 ulii
350 2566 490 2598 Caesaris.

188 2613 227 2638 33
251 2608 530 2650 dum—maluimus]
562 2611 674 2642 Lamb.
701 2618 732 2642 et
758 2611 842 2641 Vict.

145 2649 267 2680 edidere
279 2650 433 2688 malumus,
450 2655 534 2691 quod
549 2662 579 2684 et
596 2656 658 2685 Ms.
673 2655 771 2685 Goth.
785 2655 843 2684 ha-

148 2693 208 2722 bet.
227 2693 320 2732 idque
336 2695 431 2724 verbo
446 2695 512 2724 dum
525 2698 626 2736 aptius
641 2698 776 2728 videtur.

191 2741 231 2766 34
255 2736 340 2766 Quod
360 2749 423 2767 cum
440 2740 623 2778 perspicuum
646 2740 696 2779 sit]
724 2740 844 2771 Melius

146 2784 257 2817 putem
275 2779 345 2812 Quo.

190 2826 229 2852 35
252 2821 294 2850 ad
313 2823 448 2864 cqjusquc
470 2823 566 2853 vitam
589 2824 766 2864 institutam]
791 2825 844 2856 Sic

147 2862 227 2895 bene
249 2874 304 2906 pro
328 2866 533 2898 instituendam
555 2867 651 2898 edidit
666 2868 810 2900 Graevius
827 2879 843 2899 e

929 2531 969 2556 36
994 2525 1096 2566 quibus
1126 2525 1206 2554 rebus
1227 2525 1388 2565 parantur]
1423 2526 1474 2554 Sic
1501 2531 1585 2555 recte

885 2569 1093 2598 Anemoecius
1105 2569 1240 2598 correxit
1255 2578 1272 2598 e
1289 2569 1351 2598 Ms.
1367 2569 1497 2607 antiquo
1513 2567 1586 2598 vul-

885 2618 996 2650 gatum
1022 2611 1193 2650 pariuntur.
1223 2618 1331 2641 ortum
1361 2618 1407 2640 est
1432 2612 1545 2640 vitium
1566 2621 1585 2641 e

884 2665 1077 2704 compendio
1084 2671 1197 2703 paritur
1209 2665 1293 2704 quod
1307 2670 1352 2693 est
1363 2664 1394 2693 in
1410 2664 1473 2693 Ms-
1485 2664 1584 2695 Goth.

887 2707 1044 2747 Exempla
1059 2708 1144 2738 verbi
1158 2714 1261 2747 parere
1281 2716 1336 2746 pro
1359 2712 1524 2745 comparare
1538 2707 1586 2736 di-

887 2751 928 2780 cti
952 2750 1047 2780 allata
1062 2751 1107 2780 nil
1124 2757 1267 2790 prosunt.
1278 2757 1384 2789 parere
1399 2748 1517 2790 aliquid
1529 2758 1586 2788 pro

886 2803 1069 2832 comparare
1091 2794 1151 2824 dici
1175 2795 1253 2830 scio,
1277 2793 1330 2823 sed
1353 2801 1418 2822 non
1431 2797 1535 2832 parere
1549 2791 1588 2822 ab

887 2835 985 2878 aliquo
1000 2837 1128 2868 dicitur.

951 2924 1080 2966 3¹³4
