1844 3202
602 115 1010 157 FRAGMENTA.
1451 120 1526 154 883

102 228 183 271 Cn.
203 227 419 272 Domitius
442 226 612 270 Catulo.
669 228 695 253 ²*
712 226 779 267 M.
799 224 1022 281 Terpolius
1049 222 1430 266 contemtissimum
1450 236 1527 264 no-

100 299 198 328 men
216 285 397 343 ejectum
418 298 509 327 esse
529 297 580 325 ex
600 282 665 335 iis,
687 282 756 339 qui
778 281 936 324 tribuni
955 280 1090 338 plebis
1112 280 1295 321 fuerunt.

405 437 457 481 C.
491 373 889 481 CORNELIngI.
939 437 1057 479 Orat.
1087 435 1216 477 VIII.

645 529 770 570 Deest
790 527 966 569 initium.

149 594 334 638 Aaou..
352 602 390 636 et
409 596 847 638 FORTUNATIANUS
873 593 942 635 lib.
961 602 1000 634 3.
1023 592 1157 646 Rhet.)
1179 594 1369 647 Pugnem
1386 600 1529 646 aperte

91 660 239 693 contra
258 651 614 694 nobilissimorum
637 652 857 693 hominum
880 651 1138 693 voluntates?
1167 650 1318 700 studia,
1340 648 1527 699 consilia,

92 708 454 765 cogitationesque
474 723 620 750 eorum
644 709 825 764 aperiam
843 709 856 749 ?

153 764 259 806 C1c.
284 765 453 807 Oratore
466 765 593 822 perf.)
617 765 655 807 O
678 764 852 806 callidos
880 763 1073 806 homines
1095 762 1102 803 !
1135 777 1161 804 o
1191 775 1281 803 rem
1311 760 1527 816 excogita-

91 829 193 872 tam,
214 835 240 862 o
261 821 430 877 ingenia
451 821 677 864 metuenda
697 822 705 862 ἱ
737 830 864 863 testes
885 820 984 862 dare
1003 819 1210 862 volumus.
1232 832 1359 875 quem
1381 832 1526 874 quaeso

91 886 283 919 nostrum
305 879 467 930 fefellit,
489 879 546 919 ita
565 893 637 920 vos
656 892 745 919 esse
765 878 952 919 facturos
970 878 983 917 ?

144 934 440 988 Ascons.)
464 937 582 977 Num
605 935 644 976 in
667 949 735 985 eo,
757 935 830 990 qui
850 934 934 975 sint
952 933 997 974 hi
1017 942 1158 984 testes,
1179 930 1412 972 haesitatis?
1443 944 1525 986 ego

90 991 206 1032 vobis
226 990 348 1032 edam
369 991 490 1033 duos.
513 992 661 1048 reliqui
680 1000 777 1033 sunt
796 991 847 1031 de
871 989 1191 1040 Consularibus,
1212 987 1369 1029 inimici
1391 987 1526 1028 tribu-

92 1046 210 1088 niciae
241 1048 475 1103 potestatis.
516 1048 639 1104 pauci
676 1056 877 1104 praeterea
907 1055 1186 1088 assentatores
1220 1059 1367 1085 eorum
1397 1052 1526 1100 atque

87 1103 256 1144 asseclae
279 1105 621 1160 subsequuntur?

144 1159 271 1212 Idem)
306 1160 389 1201 Sed
415 1161 449 1202 si
469 1161 730 1203 familiariter
748 1175 798 1202 ex
818 1162 874 1218 Q.
900 1159 1072 1210 Catulo,
1094 1156 1402 1214 sapientissimo
1421 1157 1522 1209 viro,

87 1225 215 1273 atque
235 1216 539 1258 humanissimo
560 1218 683 1259 velim
716 1232 918 1273 quaererc,
939 1216 1075 1258 utrius
1099 1214 1268 1256 tandem
1290 1214 1368 1255 tibi
1389 1213 1524 1255 tribu-

88 1281 209 1314 natus
240 1273 379 1314 minus
409 1274 577 1329 probari
607 1283 760 1329 potest,
793 1273 844 1315 C.
869 1273 1071 1322 Cornelii,
1101 1287 1168 1323 an,
1200 1286 1283 1312 non
1314 1270 1452 1311 dicam
1477 1271 1521 1311 P.

89 1329 279 1385 Sulpicii,
299 1345 383 1371 non
403 1332 454 1372 L.
477 1331 705 1382 Saturnini,
728 1345 813 1372 non
836 1331 888 1372 C.
911 1329 1109 1378 Gracchi,
1130 1343 1212 1369 non
1233 1327 1416 1369 Tiberii:
1447 1341 1523 1368 ne-

87 1385 260 1437 minem,
297 1401 425 1443 quem
464 1387 533 1428 isti
571 1387 819 1429 seditiosum
857 1386 1110 1435 existimant,
1152 1384 1381 1425 nominabo
1401 1400 1409 1424 :
1449 1383 1522 1425 sed

87 1442 282 1484 avunculi
320 1443 398 1494 tui,
437 1445 493 1500 Q.
527 1443 694 1496 Catule,
724 1444 957 1496 clarissimi,
987 1442 1216 1498 patriaeque
1246 1440 1522 1482 amantissimi

86 1499 174 1551 viri,
193 1498 295 1556 quid
314 1500 420 1541 mihi
441 1500 610 1541 tandem
631 1515 929 1556 responsurum
950 1499 1106 1555 putatis
1125 1500 1138 1539 ?

277 1588 420 1630 POST
449 1589 550 1630 XX.
580 1590 807 1631 VERSUS
837 1589 878 1630 A
912 1587 1324 1630 PRAECEDENTI.

141 1665 437 1720 Ascomus.)
471 1666 620 1724 Quid?
654 1666 900 1708 Acunculus
931 1676 1043 1716 tuus,
1065 1664 1321 1706 clarissimus
1342 1665 1415 1716 vir,
1435 1663 1522 1706 cla-

85 1722 251 1765 rissimo
282 1732 415 1778 patre,
435 1737 528 1775 avo,
548 1722 794 1780 majoribus,
814 1723 956 1774 credo,
978 1721 1158 1773 silentio,
1176 1721 1339 1762 favente
1366 1721 1521 1762 nobili-

85 1788 186 1828 tate,
207 1779 324 1820 nullo
349 1779 622 1821 intercessore
642 1788 902 1836 comparato,
922 1779 1082 1835 populo
1112 1779 1305 1820 Romano
1326 1778 1457 1829 dedit,
1478 1786 1523 1820 et

82 1835 473 1890 potentissimorum
504 1836 726 1878 hominum
758 1836 949 1892 collegiis
979 1835 1145 1892 eripuit,
1182 1834 1519 1891 cooptandorum

85 1891 353 1934 sacerdotum
373 1895 659 1949 potestatem?

644 1972 962 2028 SEQUITUR.

140 2035 269 2091 Idem)
292 2035 440 2094 Quid?
472 2037 586 2079 idem
605 2038 825 2079 Domitius
845 2039 912 2079 M.
932 2037 1138 2088 Silanum,
1156 2037 1421 2078 consularem
1441 2036 1520 2078 ho-

83 2093 258 2145 minem,
279 2093 645 2149 quemadmodum
667 2095 860 2137 tribunus
880 2094 938 2150 pl.
961 2094 1120 2135 vexavit
1138 2095 1151 2134 ?

139 2150 268 2204 Idem)
290 2151 399 2191 Haec
420 2159 484 2192 est
509 2151 790 2193 controversia
809 2150 1034 2208 ejusmodi,
1055 2159 1104 2192 ut
1122 2149 1228 2192 mihi
1247 2149 1441 2191 tribunus
1461 2149 1520 2205 pl.

86 2206 168 2248 Cn.
196 2207 428 2258 Domitius,
461 2207 618 2249 Catulo
648 2210 755 2250 ssM.
775 2208 997 2264 Terpolius
1028 2207 1411 2249 contemtissimum
1442 2220 1518 2247 no-

85 2277 184 2305 men
203 2263 388 2320 ejectum
407 2279 497 2305 esse
519 2279 570 2305 ex
587 2265 651 2316 iis,
674 2265 747 2321 qui
767 2265 924 2306 tribuni
943 2265 1001 2321 pl.
1024 2265 1209 2306 fuerunt.

145 2319 251 2361 C1c.
276 2320 393 2362 Orat.
424 2328 463 2362 et
482 2323 702 2377 QUINCT.
725 2321 753 2362 l.
775 2333 814 2372 9.
837 2337 869 2364 c.
889 2330 928 2363 4.
961 2323 1123 2363 Pmsc.
1145 2320 1173 2361 Z.
1198 2320 1274 2373 lo.)
1308 2320 1425 2361 Nam
1446 2333 1520 2360 ne-

83 2390 168 2432 que
196 2390 264 2417 me
293 2376 446 2419 divitiae
476 2387 660 2429 movent,
689 2378 843 2434 quibus
873 2392 1019 2419 omnes
1048 2377 1273 2419 Africanos
1301 2385 1343 2417 et
1365 2376 1519 2417 Laelios

85 2432 211 2474 multi
238 2434 428 2475 venalicii
455 2444 796 2491 mercatoresque
826 2443 1088 2490 superarunt,
1119 2448 1256 2490 neque
1286 2434 1424 2484 vestis,
1445 2440 1519 2474 aut

83 2488 284 2530 caelatum
301 2504 449 2532 aurum
477 2500 520 2532 et
551 2500 790 2548 argentum,
811 2507 897 2549 quo
918 2499 1085 2534 nostros
1103 2501 1262 2532 veteres
1286 2488 1517 2531 Marcellos

83 2545 385 2601 Maximosque
418 2548 543 2590 multi
576 2548 760 2590 eunuchi
792 2563 815 2589 e
848 2548 970 2606 Syria
1002 2548 1059 2588 AE
1125 2556 1285 2604 ptoque
1315 2546 1516 2586 vicerunt.

82 2616 221 2658 neque
249 2616 346 2643 vero
376 2614 544 2646 movent
573 2619 641 2646 me
670 2615 916 2647 ornamenta
943 2605 1024 2646 ista
1052 2606 1089 2646 vi
1109 2605 1260 2655 larum,
1281 2603 1433 2659 quibus
1464 2603 1515 2642 L.

85 2659 295 2711 Paullum,
314 2667 357 2700 et
387 2661 439 2701 L.
460 2661 738 2713 Mummium,
759 2662 832 2718 qui
860 2662 985 2704 rebus
1005 2662 1071 2704 his
1092 2662 1243 2704 urbem
1265 2659 1517 2714 Italiamque

83 2729 256 2757 omnem
286 2716 554 2769 referserunt,
582 2719 636 2760 ab
668 2718 812 2776 aliquo
843 2718 961 2760 video
989 2718 1190 2775 perfacile
1218 2715 1412 2767 Deliaco,
1443 2722 1518 2756 aut

83 2771 194 2830 Syro
214 2773 401 2828 potuisse
420 2775 620 2829 superari.

139 2828 303 2877 Pmsc.
322 2829 353 2874 l.
370 2831 426 2885 8.)
449 2830 557 2888 Quis
576 2839 665 2874 tam
684 2832 902 2876 abundans
922 2832 1068 2889 copiis..

806 2902 832 2944 3
854 2903 880 2930 1⁴
901 2901 931 2942 4
