1844 3202
291 98 368 153 752
538 163 543 168 υ
814 110 892 147 DE
929 111 1205 151 orrtcils

293 215 398 256 taria
427 230 583 272 magna
611 217 811 274 largitio:
850 220 1121 263 exhauriebat
1151 220 1280 276 igitur
1313 220 1530 262 aerarium:
1564 221 1730 262 modica

296 273 362 312 M.
399 272 575 324 Octavii,
609 284 651 315 et
690 276 930 331 reipublicae
967 277 1212 328 tolerabilis,
1245 288 1287 319 et
1321 278 1431 333 plebi
1471 278 1728 319 necessaria:

231 337 279 375 73
295 344 399 385 ergo
422 340 462 370 et
483 331 656 382 civibus,
678 342 719 372 et
739 332 980 386 reipublieae
1008 334 1213 375 salutaris.
1275 335 1323 374 In
1345 334 1489 389 primis
1510 343 1649 374 autem
1671 334 1732 375 vi-

295 385 477 427 dendum
500 387 577 428 erit
593 388 645 438 ei,
661 389 731 443 qui
749 389 1050 443 rempublicam
1071 390 1395 442 administrabit,
1411 402 1457 431 ut
1475 406 1597 432 suum
1616 390 1732 446 quis·

295 457 375 498 que
399 453 552 493 teneat,
577 453 614 480 72
633 460 766 499 neque
797 445 848 484 <le
879 446 1000 485 bonis
1029 446 1282 500 privatorum
1307 447 1474 502 publice
1495 447 1733 488 deminutio

295 500 378 539 fiat.
400 500 632 555 perniciose
651 501 762 541 enim
783 501 998 557 Philippus
1020 503 1061 542 in
1082 503 1312 554 tribunatu,
1327 519 1423 544 cuin
1447 504 1585 559 legem
1607 518 1731 559 agra-

294 556 398 596 riam
426 557 566 607 ferret,
589 572 714 612 quam
749 566 890 598 tamen
921 558 1129 614 antiquari
1154 560 1274 600 facile
1294 574 1439 615 passus
1459 571 1537 612 est,
1558 570 1601 600 et
1618 560 1661 600 in
1681 575 1733 601 eo

295 612 563 654 vehementer
601 628 643 654 se
685 613 950 655 moderatum
992 615 1172 670 praebuit
1191 633 1200 656 ε
1247 616 1319 657 sed
1354 631 1452 657 cuin
1488 615 1530 657 in'
1566 616 1734 672 agendo

293 669 428 710 multa
450 670 723 725 populariter,
751 678 841 711 tum
869 670 973 712 illud
1005 671 1144 724 male,
1176 687 1254 713 non
1282 688 1363 714 esse
1393 673 1435 713 in
1463 672 1630 714 civitate
1656 673 1732 713 duo

292 725 429 766 millia
455 726 676 777 hominum,
707 727 778 783 qui
808 743 893 768 rem
924 728 1128 770 haherent.
1192 729 1395 784 Capitalis
1427 729 1578 780 oratio,
1609 738 1652 770 et
1680 728 1733 770 ad

295 783 574 838 aequationem
599 783 810 824 bonorum
833 785 1070 840 pertinens:
1102 800 1186 841 qua
1215 795 1332 842 peste
1364 802 1458 842 quae
1484 794 1625 842 potest
1645 800 1736 827 esse

294 839 453 894 major?
489 840 614 880 Hanc
637 841 748 881 enirn
772 842 828 881 ob
849 856 1019 882 causam
1041 843 1236 893 maxime,
1257 852 1306 884 ut
1326 858 1403 884 sua
1423 852 1629 894 tenerent,
1649 857 1735 884 res-

294 895 476 951 publieae
498 897 772 951 civitatesque
797 898 1039 939 constitutae
1059 909 1170 940 sunt.
1228 901 1343 940 Nam
1366 895 1458 951 etsi,
1480 899 1586 941 duee
1615 907 1736 940 natu-

294 966 353 1001 ra,
391 952 761 1007 congregabantur
803 953 1012 1004 homines,
1051 963 1207 1006 tamen,
1240 970 1314 1010 spe
1348 956 1554 997 custodiae
1592 970 1734 997 rerum

232 1017 280 1057 74
294 1022 481 1058 suarum,
514 1008 682 1049 urbium
717 1009 911 1063 praesidia
945 1011 1203 1066 quaerebant.
1261 1012 1416 1052 Danda
1448 1012 1574 1053 etiam
1610 1026 1738 1067 opera

293 1073 371 1115 est,
393 1079 444 1104 ne
470 1065 602 1120 (quod
624 1065 736 1120 apud
758 1065 938 1122 majores
960 1076 1127 1108 nostros
1148 1081 1258 1123 saepe
1281 1068 1419 1117 fiebat,
1442 1077 1615 1124 propter
1636 1082 1739 1109 aera-

294 1121 343 1161 rii
365 1121 631 1172 tenuitatem,
652 1121 1027 1179 assiduitatemque
1056 1123 1284 1178 bellorum)
1314 1125 1518 1166 tributum
1552 1125 1606 1166 sit
1635 1139 1739 1166 con-

293 1177 545 1228 ferendum3
578 1178 705 1234 idque
737 1194 789 1220 ne
819 1180 994 1231 eveniat,
1015 1180 1152 1221 multo
1181 1190 1278 1222 ante
1308 1181 1385 1222 erit
1416 1181 1738 1237 providendum.

295 1234 360 1274 sin
382 1250 465 1289 qua
488 1236 714 1276 necessitas
735 1235 861 1291 hujus
881 1237 1066 1278 muneris
1086 1236 1213 1278 alicui
1235 1237 1478 1293 reipublicae
1500 1238 1739 1279 obvenerit:

296 1298 333 1327 5²]
355 1291 484 1344 (nialo
516 1292 626 1332 enim
659 1292 794 1343 alteri,
817 1308 944 1348 quam
977 1302 1145 1344 nostrae,
1165 1294 1358 1345 ominari,
1382 1304 1421 1331 74
1439 1309 1575 1351 neque
1597 1304 1740 1335 tamen

295 1347 349 1388 de
371 1358 529 1399 nostra,
550 1349 624 1389 sed
654 1348 706 1388 de
735 1349 852 1390 omni
882 1349 1099 1405 republica
1126 1349 1314 1406 disputo)
1341 1351 1479 1392 danda
1497 1351 1577 1393 erit
1597 1365 1739 1407 opera,

296 1413 346 1445 ut
367 1419 514 1445 omnes
536 1405 790 1460 intelligant,
816 1406 866 1458 (si
895 1406 994 1448 salvi
1015 1420 1106 1447 esse
1125 1407 1269 1460 velint)
1294 1408 1533 1449 necessitati
1552 1422 1642 1449 esse
1663 1422 1740 1463 pa-

187 1475 285 1507 μω.
296 1460 489 1502 rendum.
521 1470 649 1517 atque
667 1462 793 1503 etiam
816 1477 980 1509 omnes,
1001 1464 1073 1519 qui
1098 1464 1402 1519 rempublicam
1423 1465 1740 1520 gubernabunt,

257 1518 515 1558 ²·consulere
536 1518 767 1569 debebunt,
790 1529 838 1559 ut
866 1534 1008 1560 earum
1036 1535 1174 1561 rerum
1197 1521 1322 1576 copia
1341 1521 1409 1572 sit,
1430 1536 1524 1577 quae
1546 1529 1644 1562 sunt
1665 1535 1740 1561 ne-

296 1575 501 1614 eessariae.
533 1589 712 1630 quarum
746 1576 880 1630 qualis
911 1577 1172 1631 comparatio
1205 1577 1290 1619 fieri
1320 1578 1468 1629 soleat,
1500 1589 1544 1619 et
1572 1577 1740 1627 debeat,

298 1645 384 1671 non
414 1640 478 1672 est
506 1645 674 1672 necesse
707 1631 934 1686 disputare.
965 1642 1029 1673 est
1057 1633 1233 1674 enimin
1255 1644 1455 1689 promtu:
1490 1643 1654 1675 tantum
1674 1634 1740 1675 lo-

235 1699 282 1739 75
299 1701 374 1728 cus
395 1687 669 1743 attingendus
690 1687 784 1729 fuit.
834 1688 976 1744 Caput
997 1698 1139 1730 autem
1160 1700 1225 1731 est
1244 1690 1285 1731 in
1308 1692 1423 1731 omni
1443 1691 1741 1746 procuratione

299 1744 475 1800 negotii,
493 1755 536 1785 et
554 1744 738 1785 muneris
756 1744 930 1799 publici,
946 1753 994 1786 ut
1012 1746 1194 1787 avaritiae
1216 1747 1396 1802 pellatur
1416 1747 1546 1788 etiam
1568 1747 1743 1788 minima

297 1801 496 1856 suspicio.
539 1802 733 1852 Utinam,
755 1801 893 1857 inquit
915 1801 967 1842 C.
987 1802 1159 1844 Pontius
1180 1804 1361 1854 Samnis,
1382 1804 1436 1845 ad
1457 1804 1530 1845 illa
1549 1813 1742 1860 tempora

297 1872 368 1898 me
397 1858 568 1899 fortuna
598 1867 863 1910 reservasset,
885 1867 928 1900 et
959 1867 1052 1900 tum
1084 1874 1221 1901 essem
1252 1870 1389 1912 natuS,
1417 1860 1625 1917 siquando
1655 1862 1741 1902 Ro-

297 1915 412 1955 mani
432 1914 546 1956 dona
566 1915 757 1971 accipere
777 1915 1005 1970 coepissent
1022 1915 1030 1956 !
1060 1931 1146 1957 non
1165 1931 1301 1958 esseni
1324 1932 1470 1973 passus
1490 1917 1647 1958 diutius
1667 1931 1741 1958 eos

298 1970 522 2027 imperare.
581 1973 663 2013 Nae
686 1971 748 2013 illi
767 1971 902 2012 multa
922 1973 1077 2013 saecula
1096 1974 1377 2029 exspectanda
1396 1975 1577 2015 fuerunt.
1609 1973 1741 2014 modo

297 2028 412 2069 enirn
435 2028 517 2069 hoe
538 2029 696 2069 malum
728 2029 768 2069 in
799 2028 906 2069 hane
933 2030 1240 2084 rempublicam
1261 2031 1423 2071 invasit.
1454 2030 1598 2086 itaque
1619 2029 1742 2071 facile

297 2084 436 2139 patior
467 2095 558 2126 tum
588 2085 731 2140 potius
764 2086 961 2126 Pontium
990 2086 1134 2136 fuisse,
1162 2086 1370 2142 siquidem
1401 2087 1442 2127 in
1470 2086 1544 2128 illo
1574 2096 1741 2128 tantum

299 2141 379 2181 fuit
411 2141 589 2182 roboris,
649 2141 856 2182 Nondum
877 2150 1064 2193 centum,
1086 2153 1130 2184 et
1150 2143 1295 2184 decem
1318 2144 1414 2184 anni
1435 2152 1547 2194 sunt,
1568 2142 1743 2185 cum'de

297 2198 487 2252 pecuniis
508 2198 751 2253 repetundis
773 2213 798 2239 a
818 2199 866 2239 L.
891 2198 1039 2240 Pisone
1060 2199 1145 2240 lata
1172 2209 1234 2241 est
1260 2199 1342 2251 lex,
1366 2200 1480 2241 nulla
1498 2208 1623 2242 antea
1641 2214 1740 2241 cum

298 2253 461 2295 fuisset.
507 2255 569 2295 At
589 2269 684 2296 vero
705 2265 853 2312 postea
874 2263 938 2296 tot
960 2255 1090 2311 legeS‚
1109 2266 1152 2297 et
1172 2257 1372 2312 proximae
1395 2271 1574 2313 quaeque
1595 2256 1742 2298 durio-

298 2325 392 2352 res:
433 2320 498 2352 tot
527 2311 602 2362 rei,
625 2320 688 2352 tot
719 2312 922 2362 damnati,
953 2321 1118 2354 tantum
1151 2313 1346 2354 Italicum
1376 2313 1536 2354 bellurn
1569 2321 1743 2370 propter

292 2367 553 2423 judiciorum
577 2378 738 2409 metum
767 2369 1023 2411 excitatum:
1056 2378 1187 2421 tanta,
1207 2370 1381 2411 sublatis
1409 2369 1577 2425 legibus
1603 2378 1646 2411 et
1669 2369 1743 2426 ju-

298 2423 433 2474 diciis,
464 2424 664 2480 expilatio
695 2425 961 2483 direptioque
992 2427 1218 2478 sociorum,
1239 2436 1289 2468 ut
1318 2426 1609 2468 imbecillitate
1638 2427 1743 2468 alio-

343 2555 381 2585 72
406 2547 649 2591 neque—publice
669 2548 824 2579 deminutio
838 2547 921 2589 fiat]
944 2557 999 2589 pu·
1042 2551 1092 2581 sit.

299 2591 371 2622 blice
391 2600 437 2623 est
460 2593 541 2632 lege,
560 2592 642 2622 SCto
659 2596 719 2622 ἃς.
737 2600 771 2622 ut
787 2600 942 2631 cogantur
957 2594 1000 2623 ci·
1087 2600 1126 2628 74
1150 2604 1240 2635 neque
1256 2601 1351 2623 tamen
1373 2594 1407 2624 dc
1429 2593 1539 2632 nostra]
1558 2594 1688 2625 Varlant
1705 2593 1742 2624 li·

297 2645 351 2666 ves
374 2636 458 2671 dare,
475 2645 548 2675 quae
571 2645 636 2665 non
660 2636 829 2670 debebant,
854 2643 909 2665 aut
932 2646 999 2675 per·
1043 2636 1088 2667 bri
1116 2638 1147 2666 in
1175 2644 1282 2673 tamen,
1308 2647 1363 2677 pro
1389 2647 1454 2677 quo
1481 2644 1594 2666 tantum
1621 2637 1742 2667 habent

297 2680 382 2716 dere,
399 2679 569 2718 quodjure
586 2685 727 2715 teneant,
746 2686 780 2708 ut
795 2688 895 2718 agros.
1042 2680 1186 2719 quidam.
1219 2680 1271 2709 alii
1299 2681 1355 2710 viri
1382 2681 1464 2711 docti
1489 2680 1578 2711 aliter
1601 2680 1662 2720 legi
1686 2689 1740 2723 vo·

341 2728 379 2756 73
405 2721 479 2751 malo
494 2722 568 2750 enim
584 2720 684 2757 alteri,
701 2732 788 2762 quam
807 2719 926 2761 nostrae]
944 2721 996 2752 Sic
1041 2722 1124 2753 lunt.
1147 2723 1200 2753 sed
1216 2733 1275 2763 ego
1298 2729 1392 2753 tamen
1410 2733 1489 2754 cum
1508 2723 1635 2754 Graevio
1650 2732 1745 2754 secu«

297 2763 372 2794 boni
397 2764 466 2794 libri
490 2774 549 2794 scr.
571 2771 601 2794 et
621 2765 689 2794 edd.
712 2774 756 2803 pr.
773 2764 824 2795 alii
841 2766 997 2795 omittunt
1040 2772 1090 2796 tus
1106 2776 1193 2803 surn,
1210 2767 1296 2806 quod
1312 2768 1434 2807 primus
1449 2776 1466 2800 e
1482 2766 1569 2798 libris
1588 2776 1647 2799 scr.
1668 2775 1740 2807 pro·

295 2806 397 2844 alteri,
413 2817 492 2847 quos
516 2815 546 2838 et
567 2807 709 2838 Graevius
732 2815 860 2838 secutus
884 2815 941 2838 est.
965 2815 996 2838 et
1039 2808 1112 2840 tulit
1127 2810 1347 2842 Anemoecius.

296 2856 397 2889 potest
411 2850 467 2880 alii
483 2850 530 2881 vel
547 2850 634 2880 alteri
650 2850 796 2891 intelligi,
812 2852 866 2882 sed
884 2852 994 2882 durius
