1844 3202
267 116 348 158 770
795 113 873 152 DE
909 114 1178 153 OFFICIIS

264 218 562 272 Athenienses,
583 219 655 278 qui
684 222 905 274 sciverunt,
925 231 975 265 ut
1003 223 1231 279 AEginetis,
1253 221 1324 279 qui
1342 222 1478 264 classe
1496 219 1705 273 valebant,

263 275 441 332 pollices
465 279 805 334 praeciderentnr.
832 280 914 321 hoc
940 280 1074 322 visum
1105 289 1169 321 est
1196 280 1311 321 utile.
1339 279 1462 320 nimis
1488 278 1599 320 enim
1621 279 1704 320 im-

264 333 465 384 minebat,
490 344 527 367 ⁵4
548 346 718 391 propter
749 336 1122 392 propinquitatem,
1144 337 1303 393 AEgina
1324 337 1480 378 Piraeeo
1502 353 1511 377 ε
1543 334 1618 376 sed
1640 335 1707 376 ni«

264 388 340 441 hil,
376 391 491 446 quod
518 392 702 444 crudele,
735 393 852 434 utile.
883 403 946 435 est
976 394 1088 434 enim
1115 393 1337 435 hominum
1368 403 1542 443 naturae,
1575 405 1705 447 quarn

201 448 253 490 47
267 448 385 502 sequi
421 448 639 498 debemus,
680 450 862 490 maxime
901 450 1073 491 inimica
1111 450 1351 491 crudelitas.
1411 451 1530 491 Male
1559 448 1706 498 etiam,

265 504 338 558 qui
359 514 396 537 55
415 505 657 560 peregrinos
678 507 851 547 urbibus
880 507 943 548 uti
964 506 1202 562 prohibent,
1224 521 1381 562 eosque
1410 507 1705 556 exterminant,

263 569 313 601 ut
346 562 507 602 Pennus
538 562 649 617 apud
682 574 820 618 patres
851 571 1031 613 nostros,
1064 563 1214 619 Papius
1253 578 1399 619 nuper.
1458 565 1573 605 Nam
1612 575 1706 602 esse

263 630 341 672 pro
362 618 463 668 cive,
484 619 555 673 qui
575 618 674 659 civis
697 634 779 660 non
801 620 869 670 sit,
890 629 1050 661 rectum
1073 630 1134 661 est
1156 635 1241 661 non
1261 620 1385 661 licere
1404 637 1413 661 z
1445 616 1570 676 quain
1595 618 1706 659 tule-

218 683 251 715 b.
265 683 363 715 runt
393 675 530 730 legem
561 676 854 731 sapientissimi
879 677 1088 728 consules,
1112 677 1288 718 Crassus
1309 685 1351 717 et
1377 677 1591 718 Scaevola:
1624 689 1705 724 usu

262 745 360 772 vero
389 732 504 773 urbis
536 733 759 788 prohibere
784 734 1043 789 peregrinos,
1065 749 1163 775 sane
1189 733 1464 775 inhumanum
1487 742 1564 774 est.
1626 731 1706 781 Illa.

262 788 477 843 praeclara,
508 789 550 830 in
576 789 729 845 quibus
759 791 940 846 publicae
961 790 1155 832 utilitatis
1184 792 1343 846 species
1372 805 1457 846 prce
1483 790 1706 831 honestate

261 846 564 887 contemnitur.
625 846 752 887 Plena
771 847 1062 903 exemplorum
1083 856 1147 889 est
1167 857 1309 889 nostra
1331 847 1580 902 respublica,
1602 860 1707 886 cum.

263 916 389 956 saepe,
420 912 513 943 tum
555 903 736 944 maxime
765 904 879 944 bello
912 905 1067 945 Punico
1100 904 1315 945 secundo:
1348 918 1457 960 quae,
1492 902 1705 944 Cannensi

260 957 501 999 calamitate
531 968 719 1014 accepta,
749 960 929 1016 majores
959 960 1120 1001 animos
1152 960 1314 1011 habuit,
1342 974 1469 1016 quam
1500 973 1702 1014 umquam

260 1014 387 1055 rebus
407 1015 617 1057 secundis.
639 1015 755 1057 nulla
775 1017 938 1057 timoris
969 1017 1237 1072 significatio,
1258 1016 1372 1057 nulla
1392 1017 1551 1056 mentio
1573 1015 1709 1070 pacis.

198 1078 249 1112 48
263 1078 380 1112 tanta
408 1072 467 1113 vis
497 1080 561 1113 est
592 1072 774 1124 honesti,
797 1082 844 1115 ut
874 1073 1055 1128 speciem
1080 1074 1270 1115 utilitatis
1293 1074 1505 1114 obscuret.
1563 1071 1704 1113 Athe-

263 1128 428 1170 nienses
458 1144 556 1170 eum
589 1130 805 1171 Persarum
838 1130 1041 1186 impetum
1075 1130 1192 1171 nullo
1223 1130 1353 1171 modo
1385 1138 1556 1185 possent
1576 1129 1704 1170 susti-

259 1199 373 1236 nere,
396 1192 434 1218 ⁵6
453 1194 782 1242 statueremque,
804 1196 851 1228 ut
883 1187 989 1228 urbe
1019 1187 1178 1238 relicta,
1206 1187 1462 1243 conjugibus
1489 1196 1532 1227 et
1558 1185 1704 1227 liberis

258 1242 465 1284 Troezene
491 1243 707 1298 depositis,
730 1259 851 1285 naves
871 1244 1215 1295 conscenderent,
1237 1244 1560 1298 libertatemque
1582 1243 1705 1283 Grae·

257 1300 336 1340 ciae
364 1299 497 1341 classe
523 1300 824 1342 defenderent:
858 1301 1075 1357 Cyrsilum
1103 1301 1330 1357 quendam,
1361 1300 1624 1350 suadentem,
1653 1306 1704 1340 ut

258 1356 300 1397 in
332 1357 435 1398 urbe
466 1366 696 1409 manerent,
728 1359 999 1414 Xerxemque
1028 1358 1275 1413 reciperent,
1304 1357 1515 1413 lapidibus
1546 1356 1702 1398 obrue-

259 1422 370 1455 runt.
430 1414 575 1469 Atque
605 1414 676 1455 ille
706 1415 932 1457 utilitatem
963 1415 1082 1471 sequi
1114 1415 1359 1456 videbatur:
1394 1413 1470 1455 sed
1507 1428 1558 1454 ea
1587 1412 1704 1454 nulla.

194 1481 246 1524 49
260 1480 363 1522 erat,
392 1480 654 1526 repugnante
682 1471 916 1513 honestate.
977 1472 1338 1513 ⁵⁷The1nistocles
1366 1479 1463 1527 post
1482 1470 1704 1512 victoriam

258 1528 351 1583 ejus
383 1527 498 1578 belli,
530 1527 646 1584 quod
676 1542 773 1569 cum
806 1529 938 1570 Persis
969 1529 1063 1579 fuit,
1095 1529 1198 1569 dixit
1229 1529 1269 1569 in
1301 1528 1521 1578 concione,
1550 1528 1604 1568 Se
1626 1527 1702 1567 ha·-

255 1584 356 1626 bere
389 1584 613 1626 eonsilium
646 1585 889 1640 reipublieae
923 1586 1119 1636 salutare,
1149 1585 1221 1626 sed
1256 1585 1299 1626 id
1330 1585 1440 1634 sciri,
1476 1599 1583 1640 opus
1616 1598 1703 1625 non

257 1656 363 1682 esse.
393 1641 635 1696 postulavit,
668 1651 716 1683 ut
735 1642 919 1697 aliquem
939 1642 1121 1697 populus
1150 1641 1282 1692 daret,
1305 1642 1478 1697 quicum
1504 1655 1703 1682 commu-

257 1699 429 1739 nicaret.
450 1698 573 1739 datus
593 1706 656 1739 est
677 1698 903 1740 Aristides.
964 1698 1079 1739 Huic
1106 1697 1188 1749 ille,
1211 1698 1401 1739 Classem
1424 1697 1702 1739 Lacedaemo-

257 1756 442 1805 niorum,
481 1770 577 1811 quae
617 1755 827 1797 subducta
865 1764 976 1797 esset
1016 1754 1068 1796 ad
1109 1755 1349 1812 Gytheum,
1384 1754 1492 1796 clam
1533 1754 1703 1796 incendi

255 1827 413 1869 posse3
453 1827 539 1867 quo
569 1813 683 1853 facto
721 1813 860 1868 frangi
890 1811 1312 1853 Lacedaemoniorum
1342 1826 1444 1867 opes
1475 1819 1513 1844 ⁵8
1531 1825 1706 1854 necesse

255 1878 381 1910 esset.
441 1868 571 1926 Quod
598 1869 808 1910 Aristides
839 1884 936 1910 cum
963 1868 1162 1920 audisset,
1191 1869 1233 1910 in
1264 1869 1513 1910 concionem
1544 1883 1703 1924 magna

255 1928 571 1982 exspectatione
593 1927 731 1968 venit:
764 1926 968 1982 dixitque,
994 1926 1174 1967 Perutile
1205 1940 1295 1967 esse
1322 1926 1561 1975 consilium,
1584 1923 1700 1980 quod

255 1983 563 2025 Themistocles
584 1983 748 2024 afferret
763 2000 775 2034 3
807 1983 881 2025 sed
900 1983 1072 2024 minime
1092 1982 1332 2024 honestum.
1392 1984 1541 2038 Itaque
1561 1981 1700 2022 Athe-

256 2040 439 2090 nienses,
479 2039 594 2095 quod
640 2040 865 2082 honestum
906 2055 990 2081 non
1029 2049 1154 2091 esset,
1195 2039 1238 2081 id
1287 2053 1339 2080 ne
1384 2038 1489 2080 utile
1529 2037 1701 2093 quidem

226 2105 229 2116 ²
257 2105 538 2152 putaverunt:
576 2104 799 2152 totamque
835 2111 930 2138 eam
965 2110 1068 2146 rem,
1102 2111 1230 2152 quam
1271 2110 1322 2136 ne
1358 2095 1578 2137 audierant
1606 2095 1702 2150 qui-

258 2153 373 2205 dem,
407 2162 580 2194 auctore
618 2153 806 2195 Aristide
854 2152 1188 2209 repudiaverunt.
1260 2152 1419 2193 Melius
1463 2151 1521 2203 hi,
1569 2166 1699 2208 quam

182 2213 245 2261 12
262 2225 352 2261 nos,
382 2210 455 2267 qui
485 2211 641 2266 piratas
671 2211 894 2263 immunes,
915 2210 1052 2251 socios
1078 2209 1304 2265 vectigales
1324 2209 1542 2251 habemus.
1601 2209 1702 2250 Ma-

150 2278 357 2324 p,01‚neat
405 2282 525 2322 ergo,
565 2267 680 2323 quod
719 2277 843 2324 turpe
890 2267 958 2317 sit,
998 2266 1042 2307 id
1087 2281 1319 2322 numquam
1359 2280 1449 2307 esse
1487 2265 1606 2317 utile,
1647 2279 1701 2307 ne

219 2333 352 2365 ³·tum
390 2325 577 2380 quidem,
618 2339 716 2365 cum
755 2324 811 2376 id,
851 2323 967 2380 quod
1004 2337 1095 2364 esse
1134 2324 1237 2365 utile
1276 2332 1413 2379 putes,
1453 2322 1699 2378 adipiscare.

257 2383 357 2422 Hoc
393 2381 505 2422 enim
539 2381 692 2438 ipsum,
725 2382 829 2423 utile
865 2390 1027 2437 putare,
1064 2380 1178 2436 quod
1213 2388 1336 2436 turpe
1370 2380 1438 2431 sit,
1478 2379 1699 2422 calamito-

256 2454 351 2480 sum
373 2446 450 2479 est.

256 2564 343 2594 seqq.
368 2553 614 2593 intelligendum
632 2558 688 2582 est.
732 2553 833 2592 Sayus
857 2552 957 2582 malc—
998 2552 1103 2582 hibere.

256 2598 311 2628 bat
334 2609 351 2626 a
376 2599 488 2626 nostris.
515 2598 570 2628 sed
593 2597 623 2626 id
647 2605 712 2626 non
737 2596 885 2625 convenit
909 2605 957 2625 se·
1045 2601 1083 2626 56
1107 2601 1332 2636 statueremque,
1364 2591 1412 2633 ut]
1443 2600 1478 2623 ut
1513 2594 1599 2624 abest
1633 2593 1697 2625 ΜΒ.

256 2641 392 2681 quenti:
416 2639 514 2669 durius
527 2639 615 2668 etiam
631 2638 827 2668 Athenienscs.
999 2639 1097 2668 Goth.
1126 2639 1218 2668 bene.
1244 2640 1297 2669 sed
1324 2639 1366 2668 ita
1386 2643 1455 2677 post
1478 2637 1699 2676 reponendum

302 2691 341 2714 54
360 2690 480 2723 propter
492 2680 752 2724 propinquitatem]
781 2682 852 2711 Hoc
877 2681 956 2711 mihi
999 2681 1176 2711 conscendere
1192 2689 1222 2711 ct
1243 2681 1402 2722 dcsendere.
1419 2681 1541 2710 videtur
1555 2688 1664 2711 ortum
1679 2690 1697 2711 e

256 2726 395 2766 glossam
411 2727 500 2766 sapit.
517 2735 594 2756 nam
609 2732 656 2755 est
671 2726 704 2754 in
721 2724 898 2755 imminebat.
1000 2725 1101 2764 prima
1116 2724 1238 2763 syllaba
1252 2725 1337 2755 verbi
1355 2723 1433 2753 urbe.

303 2777 340 2800 55
359 2769 524 2809 peregrino:
557 2768 672 2798 urbibus
705 2767 750 2796 uti
790 2765 956 2808 prohibent]
1046 2775 1082 2802 57
1103 2767 1311 2807 Themistocles]
1330 2767 1393 2797 MS.
1410 2766 1485 2796 Cur.
1502 2766 1587 2797 addit
1602 2777 1682 2798 vero.

258 2812 334 2842 Non
348 2808 451 2852 placet
467 2813 524 2848 uti,
539 2819 680 2852 putoque
692 2821 759 2841 esse
770 2811 956 2841 delendum.
1045 2816 1084 2842 58
1108 2822 1215 2841 necesse
1229 2810 1312 2851 esset]
1333 2811 1410 2843 Puto
1425 2819 1504 2840 corr.
1521 2819 1588 2840 csse.

257 2855 346 2886 aliter
355 2862 407 2886 ¹est
419 2856 450 2886 in
467 2855 687 2896 sequentibus,
699 2865 751 2884 usu
762 2854 876 2884 urbium
887 2861 958 2895 pro-
