1844 3202
590 123 767 162 LIBER
804 121 1042 161 PRIMUS.
1455 126 1531 171 687

135 241 241 284 atur,
271 231 370 288 quid
401 230 454 273 sit
482 230 539 281 id,
569 229 622 271 de
652 244 736 286 quo
767 229 1014 285 disputetur.
1075 228 1225 270 Omnis
1255 230 1364 271 21(1θ
1390 230 1576 278 officioss

100 247 256 345 i‹iuplex
275 298 339 329 est
360 287 549 343 quaestio.
572 301 702 327 unum
723 301 858 341 genus
887 296 964 336 est,
985 285 1099 341 quod
1131 285 1310 341 pertinet
1330 287 1381 326 ad
1405 288 1529 330 finem

81 346 308 395 ⁴bonorum
329 360 337 383 ε
366 343 557 392 alterurn,
578 341 691 398 quod
712 343 895 398 positum
918 352 980 383 est
1000 342 1041 382 in
1060 342 1295 397 praeceptis,
1314 343 1467 397 quibus
1488 346 1530 386 in

100 416 246 442 ornnes
262 408 399 455 partes
418 413 518 440 usus
538 399 630 440 vitae
663 408 702 430 22
719 399 972 440 conformari
991 398 1138 454 possit.
1198 398 1433 453 Superioris
1453 413 1531 454 ge-

100 457 206 497 neris
244 454 490 510 hujusmodi
528 455 718 510 exempla
755 465 851 496 sunt
871 473 879 496 :
930 454 1137 496 Omniane
1172 454 1309 496 officia
1346 455 1532 509 perfecta

99 513 209 553 sint:
241 526 341 551 num
364 511 476 566 quod
497 511 681 552 officium
711 511 823 552 aliud
850 511 933 552 alio
958 511 1094 568 majus
1123 511 1204 551 sit:
1236 520 1278 551 et
1306 525 1401 566 quae
1431 520 1531 552 sunt

129 568 260 608 eneris
285 567 489 624 ejusdem.
549 568 745 609 Quorum
774 578 917 608 autern
946 568 1177 609 officiorum
1206 576 1417 623 praecepta
1442 575 1529 609 tra-

95 583 267 674 duntur,
287 638 352 674 ea,
382 638 636 679 quamquam
667 624 875 679 pertinent
904 624 957 664 ad
980 624 1101 664 finem
1132 623 1357 675 bonorum,
1387 632 1529 665 tamen

95 679 138 721 id
158 680 296 721 minus
318 688 502 735 apparet,
523 680 621 736 quia
647 681 784 736 magis
803 680 856 720 ad
888 680 1197 721 institutionem
1219 680 1312 721 vitae
1330 682 1528 722 'commu-

97 736 160 777 nis
181 746 368 791 spectare
397 736 612 777 videntur:
644 738 697 777 de
728 736 879 792 quibus
910 746 974 777 est
1004 737 1126 777 nobis
1155 736 1220 776 his
1249 736 1367 777 libris
1396 737 1530 793 expli-

96 792 294 834 candum.
345 793 488 848 Atque
507 793 632 833 etiam
655 793 736 834 alia
754 793 899 834 divisio
918 801 982 834 est
1001 792 1140 833 officii.
1162 807 1258 832 nam
1279 802 1322 834 et
1340 794 1527 834 medium
1542 801 1564 833 8

95 848 309 905 quoddam
349 849 532 890 officium
568 849 735 899 dicitur,
773 858 816 890 et
854 850 1104 904 perfectum.
1164 849 1400 890 Perfectum
1436 850 1528 891 offi-

95 905 224 956 cium,
245 915 422 956 rectum,
443 905 606 961 opinor,
629 920 840 956 vocemus,
863 905 977 962 quod
1010 905 1149 947 Graeci
1177 905 1418 961 κατόρθωμα,
1446 907 1528 948 hoc

95 970 238 1003 autem
258 976 484 1003 commune
506 966 666 1011 καθῆκον
686 970 848 1003 vocant.
906 963 1051 1017 Atque
1078 976 1127 1003 ea
1146 962 1205 1004 sic
1227 961 1446 1013 definiunt,
1467 972 1529 1014 ut,

94 1027 256 1059 rectum
288 1018 401 1074 quod
432 1019 499 1069 sit,
520 1019 562 1059 id
592 1019 827 1074 perfectum
859 1018 1045 1059 officium
1070 1033 1160 1060 esse
1181 1018 1408 1060 definiant:
1439 1034 1532 1061 me—

94 1074 212 1115 dium
247 1084 388 1116 autern
422 1075 606 1116 officium
634 1075 675 1116 id
706 1089 796 1116 esse
824 1075 981 1125 dicant,
1012 1074 1141 1130 quod,
1168 1089 1244 1116 cur
1271 1075 1430 1117 factum
1461 1077 1530 1127 sit,

95 1130 201 1171 ratio
221 1131 450 1185 probabilis
472 1131 588 1172 reddi
607 1132 754 1186 possit.
813 1131 983 1186 Triplex
1004 1131 1135 1186 igitur
1158 1139 1236 1182 est,
1262 1141 1310 1172 ut
1343 1133 1565 1179 Panaetio9

92 1186 270 1237 videtur,
290 1187 452 1227 consilii
479 1188 676 1242 capiundi
701 1187 960 1228 deliberatio.
982 1201 1094 1237 narn,
1115 1187 1395 1228 honestumne
1414 1189 1531 1230 factu

93 1243 161 1292 sit,
189 1257 241 1283 an
270 1251 406 1297 turpe,
433 1243 641 1294 dubitant,
662 1243 718 1294 id,
747 1243 864 1298 quod
890 1243 931 1283 in
960 1242 1302 1284 deliberationem
1333 1244 1459 1285 cadit.
1487 1245 1530 1285 in

93 1313 178 1355 quo
209 1299 513 1340 considerando
535 1314 644 1355 saepe
675 1299 804 1340 animi
824 1299 866 1339 in
888 1300 1115 1340 contrarias
1135 1300 1359 1342 sententias
1379 1300 1529 1342 distra-

92 1355 265 1397 huntur.
324 1356 433 1396 Tum
456 1364 599 1397 autem
628 1365 701 1397 aut
731 1355 971 1411 anquirunt,
992 1364 1063 1396 aut
1085 1357 1342 1408 consultant,
1362 1358 1414 1398 ad
1435 1359 1530 1398 vitae

92 1410 440 1453 commoditatem
463 1411 875 1468 jucunditatemque,
902 1412 954 1452 ad
983 1412 1203 1454 facultates
1234 1427 1370 1454 rerum
1403 1424 1530 1470 atque

91 1468 248 1524 copias,
269 1467 321 1509 ad
351 1482 468 1523 opes,
489 1468 540 1509 ad
570 1469 820 1524 potentiam,
851 1468 1004 1524 quibus
1034 1478 1075 1509 et
1105 1483 1150 1509 se
1179 1469 1342 1524 possint
1364 1469 1527 1526 juvare,
1540 1485 1613 1517 με,

91 1535 135 1566 et
154 1539 267 1576 suos,
287 1525 498 1566 conducat
519 1525 576 1576 id,
599 1539 743 1575 necne,
765 1525 818 1566 de
840 1539 925 1580 quo
943 1524 1187 1566 deliberant.
1205 1540 1298 1581 quae
1321 1526 1528 1568 delibera·
1540 1530 1569 1551 a.

91 1581 152 1623 tio
189 1581 325 1622 omnis
359 1581 400 1622 in
432 1581 638 1622 rationem
672 1581 864 1622 utilitatis
897 1581 1023 1622 cadit.
1081 1581 1273 1622 Tertium
1306 1582 1529 1624 dubitandi

90 1652 226 1693 genus
254 1646 331 1688 est,
353 1652 450 1678 cum
479 1653 670 1694 pugnare
690 1637 852 1679 videtur
870 1652 967 1679 cum
989 1637 1168 1678 honesto
1199 1638 1257 1689 id,
1279 1639 1396 1694 quod
1414 1639 1529 1680 vide-

89 1703 160 1736 tur
193 1708 282 1734 esse
314 1694 429 1735 utile.
491 1694 604 1735 Cum
637 1695 749 1735 enim
779 1694 938 1736 utilitas
974 1694 1028 1734 ad
1056 1708 1099 1734 se
1134 1709 1295 1750 rapere,
1330 1695 1529 1737 honestas

90 1759 237 1791 contra
257 1765 448 1791 revocare
481 1751 533 1792 ad
562 1765 606 1792 se
633 1751 808 1801 videtur,
830 1750 888 1800 fit,
909 1759 957 1791 ut
976 1750 1234 1792 distrahatur
1255 1751 1529 1793 deliberando

89 1807 269 1857 animus,
301 1806 528 1862 afferatque
564 1807 788 1862 ancipitem
821 1821 966 1847 curam
1001 1807 1232 1862 cogitandi.
1293 1809 1389 1849 Hac
1425 1808 1529 1849 divi·
1545 1814 1593 1847 10

91 1863 223 1912 sione,
248 1865 361 1916 (cum
393 1863 603 1918 praeterire
637 1862 795 1919 aliquid
818 1862 1048 1903 maximum
1072 1864 1217 1904 vitium
1240 1865 1280 1905 in
1304 1864 1528 1906 dividendo

89 1920 159 1971 sit)
189 1919 275 1960 duo
307 1920 586 1974 praetermissa
618 1930 728 1960 sunt.
787 1920 883 1960 Nec
907 1919 1017 1960 enim
1046 1919 1185 1961 solum
1219 1933 1360 1962 utrum
1392 1921 1527 1962 hone-

89 1985 217 2026 stum,
239 1990 290 2016 an
312 1985 435 2030 turpe
457 1976 524 2026 sit,
546 1975 766 2016 deliberari
786 1975 908 2025 solet,
928 1975 999 2016 sed
1020 1976 1163 2026 etiam,
1184 1976 1350 2018 duobus
1370 1991 1528 2032 propo-

89 2032 178 2073 sitis
207 2031 410 2082 honestis,
430 2040 570 2072 utrum
603 2032 847 2073 honestius:
879 2032 1081 2087 itemque,
1108 2032 1274 2074 duobus
1300 2034 1529 2088 propositis

87 2088 276 2139 utilibus,
296 2098 437 2129 utrum
462 2089 620 2129 utilius.
682 2089 761 2139 Ita,
782 2102 907 2143 quam
929 2088 1000 2128 ille
1024 2088 1234 2144 triplicem
1255 2090 1419 2145 putavit
1437 2104 1527 2131 esse

86 2145 309 2195 rationem,
329 2144 371 2185 in
390 2144 575 2200 quinque
604 2153 743 2200 partes
773 2144 966 2186 distribui
986 2144 1139 2186 debere
1161 2145 1378 2201 reperitur.
1439 2146 1527 2186 Pri-

87 2216 207 2244 mum
236 2201 368 2256 igitur
397 2208 435 2232 23
451 2210 515 2242 est
544 2201 598 2242 de
628 2201 822 2253 honesto,
853 2200 926 2242 sed
957 2200 1206 2257 dupliciter:
1237 2209 1329 2243 tum
1350 2202 1440 2258 pari
1461 2217 1527 2243 ra-

89 2258 202 2299 tione
225 2257 277 2298 de
295 2257 390 2299 utili
405 2272 419 2308 3
450 2267 548 2312 post
567 2258 620 2300 de
639 2257 956 2313 comparatione
977 2272 1125 2299 eorum
1146 2257 1450 2301 disserendum.

146 2313 354 2369 Principio
374 2314 521 2369 generi
542 2314 818 2355 animantium
842 2314 960 2355 omni
992 2324 1056 2356 est
1084 2329 1109 2355 a
1134 2314 1280 2356 natura
1301 2316 1525 2366 tributum,
1539 2318 1574 2364 4

87 2377 136 2412 ut
154 2384 213 2420 se,
232 2370 372 2421 vitam,
387 2385 626 2426 corpusque
648 2379 830 2421 tueatur,
848 2369 1116 2427 declinetque
1136 2385 1199 2422 ea,
1214 2386 1309 2427 quae
1332 2373 1526 2414 nocitura
1542 2391 1584 2422 11

85 2425 317 2477 videantur,
337 2435 378 2458 24
395 2442 575 2484 quaeque
604 2426 657 2467 ad
686 2426 908 2469 vivendum
943 2426 1026 2468 sint
1046 2428 1292 2479 necessaria,
1315 2429 1525 2484 anquirat,

129 2548 166 2572 21
193 2540 227 2569 de
249 2538 337 2580 officio
358 2539 463 2579 duplex
485 2548 527 2572 est
548 2539 686 2583 quaestio]
712 2543 732 2571 i.
754 2551 782 2571 e.
826 2548 863 2571 ut
891 2541 989 2580 vulgo
1017 2542 1140 2572 editum
1170 2549 1217 2572 est
1242 2542 1430 2582 corfirmari:
1453 2551 1526 2581 quae

84 2583 124 2614 de
137 2583 243 2614 officio
258 2582 377 2622 duplici
397 2585 492 2614 modo
514 2585 701 2624 disputatur,
720 2585 785 2623 pri·
825 2584 919 2615 verba
935 2591 965 2614 et
980 2584 1054 2614 alibi
1071 2585 1205 2615 confusa
1216 2592 1301 2615 sunt.

86 2636 180 2657 mum
205 2627 237 2656 in
261 2635 374 2664 genere
399 2632 430 2655 et
452 2626 644 2668 θεωρητικαῖς,
671 2628 783 2657 deinde
870 2633 908 2657 23
933 2634 974 2656 est
989 2627 1024 2656 de
1038 2627 1159 2667 honesto]
1178 2634 1220 2657 est
1234 2628 1321 2658 abest
1337 2628 1398 2658 Ms.
1413 2627 1527 2658 Duisb.

85 2667 300 2709 ταξαινετικῶς,
327 2678 405 2698 cum
427 2676 581 2710 praecepta
603 2671 782 2701 officiorum
825 2671 878 2700 sed
895 2671 927 2700 in
944 2670 1009 2700 fine
1024 2677 1070 2700 est
1084 2670 1275 2700 disserendum
1291 2671 1357 2700 erit.

83 2711 286 2750 singulorum
301 2712 478 2742 traduntur.
871 2720 910 2743 24
935 2723 1057 2754 quaeque
1078 2713 1119 2742 ad
1139 2713 1301 2743 vivendum
1322 2713 1379 2741 sint
1401 2723 1526 2741 necessa-

129 2761 168 2784 22
184 2753 369 2794 corformari]
382 2755 432 2784 Sic
443 2754 627 2793 legendum,
641 2762 678 2785 ut
691 2756 784 2785 Lam·
827 2753 888 2794 ria]
907 2755 944 2785 In
969 2756 1030 2785 hoc
1054 2757 1175 2786 variant
1198 2756 1279 2785 libri.
1302 2755 1353 2784 alii
1376 2754 1526 2796 omniaque

85 2796 180 2826 binus
203 2797 310 2834 edidit,
326 2797 599 2836 probaveruntque
615 2798 648 2828 P.
665 2799 784 2828 Manu·
827 2808 905 2839 quae,
937 2798 962 2826 ei
991 2805 1068 2835 sunt,
1099 2798 1151 2828 alii
1182 2798 1330 2838 omniaque
1355 2808 1420 2838 qua>
1448 2804 1524 2832 sunt,

85 2839 146 2869 tius
170 2839 281 2878 etalii,
306 2846 413 2880 estque
436 2840 467 2870 in
492 2839 556 2871 Ms.
579 2839 692 2871 Duisb.
717 2851 782 2871 non
826 2840 910 2880 quod
926 2841 1015 2870 edere
1032 2851 1108 2872 cum
1124 2841 1243 2879 Langio
1254 2839 1354 2870 voluit
1367 2841 1524 2875 Graevius,

857 2894 983 2935 Yy2
