1844 3202
591 137 775 177 LIBER
812 137 1145 176 SECUNDUS.
1508 145 1586 187 737

119 278 122 280 v
151 247 235 290 Sed
255 247 456 305 quoniam
485 260 802 302 nonnumquam
825 244 908 286 hoc
929 244 1162 286 subsidium
1186 245 1467 287 necessarium
1487 255 1551 289 est
1572 264 1585 289 τ

148 305 509 361 quemadmodum
542 303 596 344 sit
626 303 831 344 utendum
862 317 930 352 eo,
951 301 1157 352 dicemus,
1179 301 1213 341 si
1241 301 1357 356 prius
1378 302 1426 343 iis
1448 303 1498 344 de
1520 319 1586 345 re-

148 363 242 412 bus,
278 377 372 417 quae
406 360 547 401 virtuti
576 360 795 415 propiores
827 367 940 409 sunt,
975 358 1219 400 dixerimus.
1278 358 1424 414 Atque
1457 361 1584 402 etiam

147 417 377 474 subjiciunt
397 430 440 458 se
471 417 662 458 homines
691 416 868 472 imperio
889 415 1073 465 alterius,
1095 423 1136 455 et
1157 415 1357 470 potestati
1377 414 1430 455 de
1448 417 1586 458 causis

144 473 350 529 pluribus.
381 473 596 515 ducuntur
630 473 743 514 enim
764 482 837 514 aut
858 471 1162 521 benevolentia,
1184 479 1258 512 aut
1279 471 1584 513 beneficiorum

145 529 451 584 magnitudine,
481 538 553 571 aut
591 529 810 586 dignitatis
837 528 1093 584 praestantia,
1113 535 1186 569 aut
1208 542 1295 583 spe,
1317 527 1394 568 sibi
1417 527 1459 568 id
1480 528 1585 570 utile

145 586 351 638 futurum,
379 595 452 628 aut
482 594 615 637 metu,
650 601 703 627 ne
735 586 774 627 vi
809 600 957 642 parere
990 594 1214 640 cogantur,
1245 593 1318 625 aut
1350 598 1424 639 spe
1454 584 1585 640 largi-

143 642 284 694 tionis,
313 643 614 699 promissisque
644 643 784 698 capti:
816 650 890 683 aut
918 650 1149 698 postremO,
1171 650 1210 673 2⁵
1229 650 1276 682 ut
1307 655 1419 696 saepe
1440 641 1483 681 in
1505 656 1583 683 no-

143 707 230 741 stra
256 700 473 755 republica
492 701 694 750 videmus,
714 699 909 740 mercede
935 698 1150 740 conducti.
1211 698 1414 739 Omnium
1436 707 1579 740 autem
1596 690 1630 743 7

142 770 280 797 rerum
304 771 380 798 nee
410 756 549 812 aptius
571 765 634 797 est
654 756 886 813 quidquam
910 762 949 787 26
967 755 1020 796 ad
1042 769 1143 810 opes
1163 754 1341 796 tuendas
1362 769 1410 796 ac
1432 763 1579 796 tenen·
1593 761 1646 796 23

144 811 233 863 das,
255 827 382 868 quam
405 813 547 869 diligi:
579 827 655 854 nec
676 813 867 864 alienius,
889 827 1018 869 quam
1039 811 1194 852 timeri.
1246 811 1447 852 Praeclare
1467 812 1578 853 enim
1592 810 1625 842 b·

141 869 328 911 Ennius:
365 870 494 925 Quem
507 877 709 921 metuunt,
732 869 900 911 oderunt
919 886 932 910 .·
965 884 1083 925 quem
1106 868 1277 925 quisque
1297 868 1397 920 odit,
1412 868 1583 923 periisse

141 925 310 981 expetit.
369 927 613 968 Multorum
641 935 782 968 autem
811 925 918 967 odiis
938 925 1074 967 nullas
1096 939 1198 980 opes
1215 939 1339 980 posse
1361 925 1581 977 obsistere,

140 981 175 1023 si
197 991 321 1024 antea
341 983 423 1025 fuit
453 983 666 1040 ignotum,
686 996 820 1039 nuper
839 992 904 1024 est
924 982 1160 1038 cognitum.
1219 983 1313 1023 Nee
1334 996 1432 1023 vero
1451 981 1582 1039 hujus

140 1040 309 1095 tyranni
329 1040 482 1092 solum,
505 1056 632 1097 quem
660 1041 787 1082 armis
819 1054 1021 1095 oppressa
1051 1038 1224 1094 pertulit
1260 1039 1418 1089 civitas,
1440 1048 1581 1094 paret-

140 1110 225 1151 que
246 1111 342 1137 cum
366 1098 550 1138 maxime
570 1106 755 1148 mortuo,
773 1097 966 1138 interitus
987 1095 1186 1147 declarat,
1203 1103 1409 1151 quantum
1431 1096 1580 1138 odium

140 1151 366 1194 hominum
395 1154 531 1194 valeat
560 1154 613 1195 ad
642 1163 805 1209 pestem
823 1171 840 1204 ,·
871 1152 943 1193 sed
973 1153 1234 1208 reliquorum
1266 1152 1422 1193 similes
1444 1153 1581 1194 exitus

116 1215 448 1265 >tyrannm-um:
481 1225 662 1265 quorum
693 1209 809 1251 haud
838 1210 925 1250 fere
956 1210 1179 1266 quisquam
1216 1218 1252 1245 27
1272 1208 1487 1250 interitum
1517 1218 1582 1250 ta-

112 1264 224 1306 ·lem
250 1266 415 1322 effugit.
474 1267 620 1308 Malus
651 1267 764 1307 enim
797 1274 940 1307 custos
968 1266 1255 1306 diuturnitatis
1275 1274 1442 1306 metus:
1473 1280 1578 1308 con-

115 1330 302 1378 ·traque,
333 1323 636 1374 benevolentia,
666 1323 797 1364 fidelis
828 1332 892 1364 est
920 1323 985 1364 vel
1015 1323 1068 1363 ad
1093 1322 1435 1378 perpetuitatem.
1494 1322 1577 1364 Sed
1591 1328 1641 1363 24-

137 1377 203 1429 iis,
226 1380 299 1436 qui
317 1380 354 1420 vi
374 1380 796 1436 oppressos-imperio
816 1385 1027 1430 coercent,
1049 1379 1102 1420 sit
1118 1394 1218 1420 sanc
1237 1379 1478 1420 adhibenda
1498 1395 1579 1422 sae-

122 1434 251 1488 .vitia,
272 1445 321 1478 ut
350 1437 461 1478 heris
490 1437 533 1478 in
555 1437 758 1489 famulos,
780 1437 813 1477 si
844 1437 964 1477 aliter
994 1436 1126 1477 teneri
1155 1451 1240 1476 non
1261 1445 1472 1491 possunt:
1504 1437 1579 1492 qui

113 1518 116 1524 ·
138 1505 236 1533 vero
257 1493 300 1534 in
322 1493 452 1534 libera
472 1493 638 1535 civitate
658 1494 717 1535 ita
739 1508 783 1534 se
803 1493 1030 1543 instruunt,
1052 1502 1100 1533 ut
1121 1501 1366 1534 metuantur
1383 1508 1394 1542 ;
1427 1493 1491 1533 his
1513 1494 1580 1534 ni-

138 1547 198 1588 hil
231 1563 321 1591 esse
348 1560 490 1606 potest
509 1550 761 1591 dementius.
784 1549 974 1606 quamvis
995 1549 1110 1590 enim
1133 1549 1336 1590 demersae
1357 1549 1440 1590 sint
1459 1549 1580 1605 leges

137 1604 316 1662 alicujus
336 1608 506 1663 opibus,
528 1607 717 1663 quamvis
740 1607 954 1648 timefacta
981 1606 1166 1657 libertas,
1189 1614 1416 1661 emergunt
1435 1614 1579 1648 tamen

138 1661 232 1702 haec
262 1663 489 1720 aliquando
521 1672 596 1705 aut
621 1664 794 1720 judiciis
824 1663 977 1713 tacitis,
1011 1671 1085 1703 aut
1117 1663 1296 1704 occultis
1327 1662 1381 1703 de
1415 1662 1580 1704 honore

138 1720 362 1775 suffragiiS.
420 1721 619 1762 Acriores
641 1730 784 1761 autem
813 1734 980 1760 morsus
1008 1728 1106 1760 sunt
1132 1719 1380 1760 intermissae
1408 1718 1581 1761 liberta-

139 1775 208 1825 tis,
239 1791 368 1832 quam
400 1785 590 1818 retentae.
650 1777 781 1833 Quod
811 1776 944 1832 igitur
972 1775 1175 1817 latissime
1206 1785 1338 1831 patet,
1360 1790 1498 1831 neque
1525 1776 1581 1818 ad

138 1831 474 1874 incolumitatem
498 1833 654 1885 solum,
677 1834 750 1874 sed
777 1834 905 1875 etiam
938 1832 992 1873 ad
1013 1847 1130 1888 opeS,
1152 1841 1194 1873 et
1216 1833 1449 1887 potentiam
1471 1833 1580 1874 valet

114 1917 116 1923 ·
136 1888 386 1943 plurimum,
418 1890 460 1931 id
487 1891 808 1945 amplectamur,
830 1899 878 1930 ut
908 1899 1048 1930 metus
1074 1889 1198 1940 absit,
1225 1889 1374 1929 caritas
1397 1889 1578 1931 retinea-

139 1955 221 1986 tur.
242 1945 301 1986 ita
322 1946 537 1998 facillime,
560 1956 598 1979 ‘28
618 1963 713 2003 quae
747 1947 952 1997 volemus,
975 1955 1018 1986 et
1049 1945 1218 2001 privatis
1247 1945 1289 1986 in
1310 1946 1451 1997 rebus,
1471 1955 1514 1987 et
1534 1946 1578 1986 in

137 2002 354 2056 republica
383 2017 707 2059 consequemur.
742 2004 914 2053 etenim,
935 2002 1008 2058 qui
1036 2017 1079 2043 se
1111 2002 1244 2043 metui
1262 2002 1418 2053 volent,
1439 2017 1463 2043 a
1484 2003 1579 2058 qui-

137 2058 218 2099 bus
250 2068 505 2110 metuentur,
543 2061 717 2102 eosdem
758 2068 951 2101 metuant
986 2059 1079 2114 ipsi,
1117 2073 1286 2099 necesse
1322 2067 1399 2100 est.
1459 2059 1576 2116 Quid
1589 2063 1638 2098 25

136 2115 249 2156 enim
276 2130 498 2157 censemus
527 2117 786 2173 superiorem
816 2116 938 2157 illum
963 2116 1240 2172 Dionysium,
1271 2130 1358 2171 quo
1386 2117 1577 2157 cruciatu

135 2171 301 2213 ‘timoris
331 2173 431 2228 angi
462 2173 668 2215 solitum?
702 2174 774 2229 qui
804 2174 963 2214 cultros
993 2182 1186 2213 metuens
1219 2172 1445 2223 tonsorios,
1475 2187 1575 2213 can-

109 2227 253 2269 ·denti
283 2231 464 2270 carbone
502 2230 579 2271 sibi
611 2230 818 2272 adurebat
847 2229 1082 2284 capillum?
1115 2229 1249 2285 quid?
1283 2229 1576 2271 Alexandrum

141 2284 375 2338 Pheraeum,
407 2301 493 2342 quo
521 2287 663 2328 animo
694 2287 842 2327 vixisse
870 2286 1153 2327 arbitramur?
1188 2286 1260 2341 qui
1286 2289 1350 2340 (ut
1369 2286 1576 2341 scriptum

136 2339 335 2396 legimus)
360 2358 460 2384 cum
479 2358 656 2384 uxorem
676 2343 852 2384 Theben
871 2342 1105 2384 admodum
1126 2342 1337 2397 diligeret,
1357 2350 1499 2384 tamen
1521 2343 1577 2384 ad

138 2411 231 2438 eam
265 2413 316 2439 ex
342 2399 478 2455 epulis
497 2400 539 2441 in
566 2400 811 2441 cubiculum
832 2399 1015 2450 veniens,
1033 2399 1277 2450 barbarum,
1297 2407 1341 2441 et
1359 2414 1457 2440 eum
1479 2400 1576 2455 qui-

137 2452 252 2506 dem,
273 2464 320 2496 ut
339 2457 541 2512 scriptum
571 2466 649 2509 est,
671 2464 976 2512 compunctum
1000 2455 1112 2497 notis
1131 2455 1352 2508 Threiciis,
1373 2456 1575 2497 destricto

181 2576 220 2600 25
243 2575 276 2598 ut
299 2569 558 2610 saepe—videmus]
584 2571 669 2601 Bene
691 2571 753 2601 hoc
775 2572 833 2601 ha·
920 2576 957 2606 27
984 2569 1133 2599 interitum
1160 2568 1261 2608 talem]
1288 2570 1340 2600 Sic
1366 2579 1422 2609 pro
1452 2568 1574 2598 similem

109 2609 209 2641 -betz
243 2613 298 2643 sed
328 2612 443 2643 melius
472 2620 580 2644 tamen
609 2621 722 2653 putem
751 2614 831 2643 vidi-
875 2623 952 2644 cum
985 2613 1110 2643 Graevio
1140 2613 1234 2649 edidi,
1265 2612 1478 2651 adstipulante
1507 2612 1575 2643 Ms-

138 2664 211 2683 mus.
876 2657 973 2687 Goth.
987 2657 1102 2686 Duisb.
1118 2663 1149 2685 et
1164 2657 1239 2686 Cur.
1256 2656 1305 2685 ed.
1322 2655 1434 2685 Colon.

181 2702 221 2727 26
245 2697 285 2727 ad
294 2704 357 2737 opes
373 2697 491 2727 tuendas
505 2709 539 2727 ac
554 2699 699 2738 tenendas]
718 2699 833 2739 Super·
919 2707 958 2730 28
983 2710 1049 2740 quae
1071 2698 1212 2738 volemus]
1235 2699 1286 2728 Sic
1303 2707 1357 2738 pro
1373 2697 1505 2726 volumus
1519 2697 1575 2727 de·

137 2738 244 2770 fluum
267 2747 312 2770 est
327 2741 462 2770 alterum
487 2751 522 2769 ac
544 2742 688 2779 tenendas,
711 2743 833 2772 omisit-
875 2743 920 2772 dit
943 2743 1099 2772 Graevius.
1121 2748 1217 2780 atque
1240 2742 1271 2771 id
1295 2741 1394 2779 magis
1417 2739 1575 2770 consentit

115 2800 120 2805 ·
137 2791 202 2819 que
231 2783 374 2813 Graevius
389 2795 395 2812 ι
419 2784 473 2813 sed
498 2790 604 2814 tamen
631 2795 697 2815 non
725 2785 833 2815 insoli-
875 2795 953 2815 mox
969 2784 1126 2824 sequenti,
1143 2785 1194 2825 qui
1209 2795 1237 2812 se
1252 2783 1339 2812 metm·
1354 2781 1464 2813 volent.
1481 2783 1527 2814 sic
1541 2789 1574 2819 et

139 2831 209 2854 tum
232 2832 278 2855 est
300 2826 444 2856 Ciceroni
470 2826 541 2855 talia
563 2828 833 2868 synonymajun-
876 2828 940 2858 Ms.
957 2828 1072 2857 Duisb.
1088 2833 1119 2857 et
1134 2827 1184 2857 ed.
1202 2825 1316 2857 Colon-

135 2876 218 2906 gere.
230 2868 317 2899 abest
332 2876 440 2900 tamen
454 2869 518 2901 Ms.
533 2869 647 2900 Duisb.

901 2924 925 2966 3
951 2924 976 2952 Β
1000 2923 1026 2977 3
