1844 3202
299 134 399 166 1000
669 136 726 174 M.
758 138 968 178 TULLII
1007 137 1340 185 CICERONIS

290 253 429 304 beant,
462 261 544 294 non
574 265 749 295 cernunt
779 254 894 296 satis.
925 254 1038 310 quod
1069 256 1280 310 proprium
1304 255 1536 311 prudentiae
1564 271 1733 300 munus-

289 319 377 351 est:
410 326 536 367 quam
568 311 845 352 humanarum
876 311 1083 352 actionem
1115 312 1432 354 moderatricem
1464 327 1488 353 a
1517 314 1594 355 diis
1634 315 1727 356 im·-⁴

290 367 538 408 mortalibus
578 382 668 408 esse
707 368 994 416 constitutam,
1035 367 1206 408 inficiari
1245 383 1368 409 nemo
1407 379 1558 424 potest.
1598 371 1715 427 atqui

289 422 386 463 huic
408 434 491 464 tam
521 424 735 479 praeclaro,
755 424 977 478 divinoque
1007 424 1169 464 muneri
1200 424 1322 479 plane
1351 426 1531 476 obsistit,
1551 427 1623 482 qui
1653 427 1716 467 ni·

288 479 374 520 mio
397 480 541 522 dolore
564 480 742 521 ducitur.
765 495 846 520 non
875 479 1003 520 modo
1033 481 1143 520 enim
1172 495 1215 520 se
1243 481 1381 535 ipsum
1402 483 1489 522 sine
1517 483 1604 524 ullo
1626 483 1714 525 fru—

286 545 359 577 ctu
380 535 590 592 lacrymis,
611 551 658 577 ac
682 536 857 577 tristitiae
880 535 1019 586 tradit,
1040 536 1112 577 sed
1143 536 1268 577 etiam
1298 539 1412 579 omni
1433 539 1552 593 plane
1573 539 1712 580 consi-

287 591 357 643 lio,
380 608 426 634 ac
450 593 613 648 judicio
644 602 773 633 vacat.
797 593 868 633 ubi
897 592 1005 633 enim
1038 593 1158 643 ratio,
1180 593 1212 633 si
1239 608 1283 633 se
1303 593 1448 635 dolore
1482 596 1634 636 auferri
1656 595 1711 636 si-

286 651 387 689 nat?
421 651 490 689 ubi
514 649 761 698 constantia,
781 650 815 690 si
845 649 923 690 sibi
954 649 1041 704 ipse
1062 660 1285 704 repugnet,
1307 659 1349 690 et
1379 650 1419 691 in
1442 666 1620 692 moerore
1641 652 1710 709 ja-

283 707 407 746 ceat?
441 706 513 746 ubi
544 705 724 761 denique
756 705 1007 754 humanitas,
1037 706 1070 746 si
1101 719 1143 746 se
1175 707 1388 747 hominem
1419 722 1508 747 esse
1537 709 1709 759 oblituS,

284 761 385 802 nihil
418 762 496 802 sibi
527 777 623 802 cum
656 771 791 803 morte
821 777 1049 802 commune
1079 776 1168 803 esse
1199 763 1455 804 contendat?
1487 765 1581 804 Jam
1615 778 1709 805 vero

281 817 386 858 illud
424 818 735 868 stultissimum,
773 819 1022 869 existimare,
1058 834 1151 874 quae
1185 819 1311 860 ceteri
1341 820 1528 860 homines
1565 821 1708 862 libenti

280 875 420 916 animo
451 874 643 924 subeant,
672 875 719 915 iis
751 890 793 915 se
824 891 906 916 non
937 889 1025 916 esse
1054 875 1318 916 obstrictum.
1350 877 1450 931 quid
1480 877 1622 917 enim?
1656 888 1707 918 an

280 930 473 986 ignorare
491 932 709 987 quisquam
734 941 886 986 potest,
908 942 1063 987 quanta
1084 932 1188 973 inter
1209 932 1399 973 homines
1420 934 1619 988 cognatio
1639 935 1707 984 sit,

279 999 518 1043 quantaque
559 988 820 1029 similitudo?
854 989 1024 1037 etenim,
1058 989 1134 1030 nisi
1173 988 1252 1029 hoc
1288 1000 1430 1030 verum
1467 992 1706 1040 fateremur,

278 1059 412 1085 causae
440 1044 539 1085 nihil
567 1055 688 1094 esset,
710 1060 784 1085 cur
810 1045 939 1085 homo
961 1045 1174 1085 hominem
1194 1046 1383 1095 consilio,
1406 1061 1461 1095 re,
1483 1047 1618 1101 gratia
1633 1047 1705 1103 ju-

277 1109 415 1150 varet3
448 1102 499 1141 ab
528 1101 712 1142 hostium
735 1101 911 1157 impetu,
931 1116 978 1142 ac
1001 1102 1170 1142 laesione
1193 1102 1446 1143 defenderet.
1468 1103 1581 1158 quod
1603 1118 1706 1143 con·

277 1166 339 1198 tra
369 1158 554 1198 videmus
584 1158 797 1198 accidere:
831 1168 890 1208 ut,
911 1159 982 1213 qui
1012 1159 1064 1198 ab
1096 1158 1159 1198 his
1181 1159 1416 1200 actionibus
1437 1169 1594 1200 axertat
1614 1160 1704 1200 ani—

274 1229 407 1264 mum,
430 1229 512 1255 non
536 1214 663 1255 modo
683 1215 723 1255 in
744 1215 893 1270 vulgus
925 1215 1201 1270 improbetur,
1222 1215 1294 1255 sed
1314 1216 1439 1255 etiam
1463 1215 1702 1257 inhumani-

274 1272 383 1321 tatis,
405 1285 453 1311 ac
484 1271 657 1312 feritatis
683 1281 913 1312 accusetur.
943 1282 1056 1312 certe
1080 1271 1190 1312 enim
1215 1286 1296 1311 non
1317 1286 1340 1311 e
1361 1287 1568 1313 marmore
1589 1272 1701 1314 scul-

273 1327 348 1382 pti,
367 1338 440 1368 aut
469 1342 492 1367 e
520 1328 671 1368 robore
699 1328 826 1369 dolati
857 1343 1029 1369 sumus:
1059 1337 1122 1369 est
1150 1328 1190 1368 in
1215 1328 1334 1369 nobis
1354 1328 1569 1384 quiddam,
1587 1329 1702 1384 quod

272 1383 442 1438 pietate,
465 1384 832 1440 misericordiaque
861 1393 1089 1436 moveatur,
1114 1399 1188 1425 nec
1213 1385 1422 1440 exstingui
1443 1386 1551 1426 sinat
1569 1386 1699 1437 illam,

269 1455 353 1496 qua
383 1440 475 1481 Diis
507 1441 684 1496 proximi
715 1456 874 1491 sumus,
899 1440 1087 1496 juvandi,
1117 1456 1165 1481 ac
1195 1441 1480 1482 benefaciendi
1509 1441 1698 1483 volunta-

270 1505 369 1538 tem.
393 1497 534 1552 itaque
561 1497 731 1538 'insitum
763 1497 937 1547 homini,
958 1506 1083 1553 atque
1104 1497 1291 1538 innatum
1314 1498 1488 1548 videtur,
1509 1507 1570 1549 ut,
1591 1514 1699 1555 quo-

270 1552 346 1594 ties
366 1553 494 1594 alium
532 1554 762 1604 hominem,
783 1554 971 1608 quamvis
992 1555 1191 1605 alienum,
1211 1555 1344 1609 premi
1362 1555 1614 1606 calamitate,
1633 1565 1697 1597 at-

268 1624 349 1665 que
370 1625 556 1651 aerumna
576 1610 726 1661 videat,
747 1610 957 1651 crucietur
975 1610 1132 1660 animo,
1162 1624 1250 1661 nec,
1283 1611 1316 1651 si
1338 1611 1516 1652 facultas
1543 1624 1696 1667 suppe-

268 1675 342 1716 tat,
373 1666 665 1707 dimittendam
697 1675 816 1722 putct
845 1666 956 1707 illius
987 1666 1229 1707 sublevandi
1260 1668 1539 1708 occasionem.
1570 1682 1694 1723 quam

264 1722 376 1763 enim
399 1723 500 1778 ipse,
519 1724 552 1765 si
581 1737 630 1764 eo
652 1723 747 1764 loco
767 1733 890 1773 esset,
912 1723 1212 1779 benignitatem
1240 1723 1319 1764 sibi
1350 1724 1552 1778 impartiri
1573 1733 1695 1780 opta-

264 1789 341 1831 ret,
362 1794 409 1820 ea
430 1790 477 1821 ut
497 1780 537 1821 in
555 1779 683 1820 alium
706 1788 860 1830 utatur,
878 1787 1026 1820 natura
1045 1780 1169 1821 tacita
1187 1779 1368 1836 quadam
1388 1793 1490 1821 voce
1510 1795 1695 1833 monere,

263 1851 312 1877 ac
342 1837 566 1892 praecipere
596 1836 772 1877 videtur.
802 1851 895 1892 quae
926 1836 1055 1892 igitur
1083 1837 1163 1877 sibi
1191 1836 1353 1877 evenire
1375 1851 1495 1892 posse
1513 1837 1694 1892 dubitet,

263 1906 326 1942 ea,
351 1893 382 1933 si
405 1894 668 1949 contingant,
688 1908 763 1934 cur
786 1893 899 1948 angi,
922 1908 969 1933 ac
991 1894 1219 1948 perturbari
1242 1893 1339 1934 velit
1359 1895 1372 1934 ?
1405 1904 1490 1943 aut,
1512 1909 1587 1935 cur
1607 1909 1692 1936 non

262 1950 403 2005 potius
425 1950 608 1991 humana
628 1949 698 1991 illa
726 1964 830 1999 esse,
851 1960 894 1990 et
919 1950 1114 1990 omnibus
1136 1949 1377 1991 hominibus
1399 1952 1608 2005 proclivia,
1628 1955 1692 1996 fa-

263 2008 429 2047 teatur?
463 2018 623 2062 quanto
644 2007 796 2047 rectius
829 2007 912 2057 ille,
934 2006 1006 2062 qui
1036 2006 1250 2047 hominem
1277 2022 1320 2048 se
1341 2010 1546 2062 agnoscit,
1568 2011 1690 2053 nihil-

263 2078 345 2118 que
375 2062 545 2104 humani
567 2078 590 2104 a
611 2078 654 2104 se
681 2063 862 2104 alienum
886 2072 1006 2118 putat
1024 2064 1036 2103 ἒ
1070 2063 1209 2118 itaque
1228 2078 1323 2104 cum
1348 2064 1455 2105 hanc
1477 2080 1526 2106 ex
1545 2067 1693 2109 animis

261 2119 412 2160 nostris
445 2119 701 2175 opinionem,
732 2119 843 2160 mala
868 2119 1008 2159 omnia
1033 2135 1115 2160 non
1137 2135 1226 2161 esse
1248 2120 1443 2171 humana,
1465 2123 1590 2164 veluti
1610 2124 1689 2165 im-

260 2175 406 2217 mitem
438 2176 663 2232 quandam,
692 2186 734 2216 et
763 2177 989 2217 immanem
1020 2176 1219 2226 belluam,
1249 2178 1561 2230 extraxerimus,
1591 2194 1690 2235 pro-

258 2232 370 2273 fecto
397 2233 533 2274 minus
562 2233 726 2283 misere,
748 2233 969 2288 minusque
998 2232 1176 2274 sollicite
1205 2233 1402 2274 vivemus.
1431 2235 1689 2291 relinquetur

257 2289 369 2330 enim
405 2289 475 2330 illa
505 2290 724 2345 cogitatio,
759 2304 1037 2345 quaecumque
1073 2290 1278 2340 accidant,
1316 2290 1479 2331 fortiter
1517 2292 1688 2335 ferenda

257 2357 361 2396 esse,
392 2345 578 2401 nihilque
607 2361 730 2401 posse
759 2346 920 2386 homini
940 2346 1113 2396 evenire,
1135 2361 1218 2401 quo
1239 2346 1427 2387 funditus
1449 2358 1687 2402 prosterna-

256 2411 338 2443 tur.
361 2402 486 2458 idque
509 2404 565 2443 ita
584 2403 675 2452 erit,
698 2404 731 2443 si
752 2402 1063 2457 nobismetipsis
1083 2418 1167 2443 non
1188 2403 1503 2454 assentabimur,
1525 2405 1599 2446 sed
1617 2421 1686 2448 ve-

255 2458 436 2509 ritatem,
458 2474 542 2514 qua
570 2459 673 2499 nihil
703 2459 955 2515 praeclarius,
978 2459 1266 2514 praestabilius,
1288 2459 1457 2501 uberius
1476 2474 1567 2503 esse
1586 2472 1684 2518 pot-

253 2525 330 2566 est,
359 2525 451 2556 toto
483 2526 653 2571 pectore
680 2516 996 2571 amplectemur.
1031 2516 1122 2556 haec
1149 2516 1258 2556 enim
1280 2515 1350 2556 illa
1371 2525 1446 2566 est,
1469 2532 1595 2573 quam
1616 2534 1682 2561 as-

253 2573 400 2622 secuti,
434 2572 626 2612 meliores
658 2573 795 2613 multo
829 2572 1046 2621 efficimur,
1079 2580 1121 2612 et
1152 2572 1204 2612 ad
1239 2572 1481 2626 perferenda
1518 2574 1682 2617 incom-

252 2628 393 2679 moda,
435 2629 715 2685 praeclaraque
754 2628 993 2684 peragenda
1034 2628 1268 2669 alacriores.
1307 2644 1406 2670 cum
1444 2629 1562 2681 nihil,
1603 2632 1682 2674 nisi

252 2684 367 2742 quod
399 2695 573 2736 rectum,
597 2696 637 2726 et
670 2698 702 2726 ae
738 2700 836 2726 uum
869 2693 945 2735 est,
968 2684 1178 2726 laudabile
1207 2685 1470 2737 arbitramur,
1492 2687 1681 2744 nihilque

250 2740 378 2792 aliud,
398 2742 473 2782 nisi
495 2742 668 2797 egregia
688 2701 772 2792 illa,
792 2756 840 2782 ex
861 2743 1014 2797 quibus
1035 2756 1128 2782 vera
1147 2741 1283 2797 gloria
1303 2743 1500 2794 nascitur,
1519 2745 1679 2799 expeti-

249 2812 358 2839 mus.
418 2798 484 2839 Ac
511 2798 614 2839 mihi
645 2799 786 2839 videor
817 2798 938 2839 nimis
968 2798 1092 2839 etiam
1117 2813 1226 2839 nunc
1248 2809 1438 2854 anguste,
1460 2809 1586 2856 atque
1605 2815 1677 2842 ex—

248 2854 356 2896 iliter
385 2869 524 2911 agere.
555 2855 626 2912 qui
655 2855 767 2897 enim
796 2854 920 2897 latior
950 2854 1077 2912 objici
1107 2869 1282 2912 campus
1300 2864 1442 2912 queat,
1460 2856 1502 2898 in
1523 2872 1608 2915 quo
1629 2857 1676 2900 fi-
