1844 3202
574 93 758 133 LIBER
796 92 1137 131 SECUNDUS.
1494 96 1572 138 755

131 213 264 258 ’quam
294 217 415 245 suum
445 215 701 256 recuperare.
762 200 827 241 Ita
851 199 1085 255 perfectum
1113 206 1192 249 est,
1212 206 1260 239 ut
1285 212 1445 251 omnes,
1467 213 1569 241 con-

139 260 283 301 cordia
317 260 559 307 constituta,
593 257 680 298 sine
712 257 881 312 querela
910 255 1186 297 discederent.
1247 254 1286 296 O
1318 256 1447 296 virum
1480 271 1569 297 ma·
1584 269 1632 302 83

139 330 290 371 gnum,
310 316 586 371 dignumque,
606 313 680 369 qui
710 313 753 354 in
781 322 924 354 nostra
953 311 1169 368 republica
1190 320 1312 352 natus
1334 313 1468 352 esset!
1502 313 1570 354 Sic

139 386 215 427 par
235 381 298 413 est
318 385 444 426 agere
463 385 560 412 cum
586 369 760 421 civibus,
781 384 865 410 non
889 372 953 424 (ut
981 369 1046 410 bis
1070 369 1159 425 jam
1189 367 1382 420 vidimus)
1408 367 1571 410 hastam

138 429 182 469 in
202 429 294 469 foro
314 441 484 483 ponere,
505 436 549 469 et
576 426 689 468 bona
716 426 869 468 civium
896 427 986 467 voci
1006 425 1214 482 subjicere
1233 423 1452 480 praeconis.
1512 425 1573 465 At

138 484 208 525 ille
228 484 404 525 Graecus
429 482 488 538 (id
516 483 631 539 quod
662 483 742 525 fuit
768 483 964 538 sapientis
993 491 1036 524 et
1063 481 1300 538 praestantis
1320 481 1410 534 viri)
1434 481 1571 521 omni-

137 541 216 582 bus
237 540 544 582 consulendum
564 540 742 596 putavit:
763 554 895 596 eaque
912 549 975 581 est
996 552 1162 580 summa
1180 538 1287 579 ratio
1308 545 1350 578 et
1369 537 1575 593 sapientia

135 597 239 638 boni
259 597 372 647 civis,
392 596 621 638 commoda
649 596 800 638 civium
833 611 917 637 non
944 595 1155 646 divellere,
1184 605 1313 651 atque
1340 607 1487 635 ornnes
1517 608 1573 634 ae-

134 653 297 710 quitate
316 654 462 695 eadem
486 653 714 695 continere.
755 661 793 685 8¹2
812 653 1021 694 Habitant
1037 652 1169 708 gratis
1190 651 1230 692 in
1253 651 1404 692 alieno.
1456 650 1574 707 Quid

135 711 224 752 ita?
257 711 334 761 Ut,
355 725 453 752 cum
482 725 564 766 ego
592 710 781 761 emerim,
802 710 1058 760 aedificarim,
1080 719 1212 759 tuear,
1234 707 1491 764 impendam,
1512 717 1575 757 tu,

136 781 205 809 me
225 766 367 818 invito,
387 768 526 808 fruare
547 768 673 808 meo?
713 766 831 823 Quid
849 776 912 808 est
932 766 1062 816 aliud,
1083 765 1174 806 aliis
1193 779 1268 806 sua
1287 764 1462 820 eripere,
1484 764 1574 805 aliis

136 823 234 865 dare
253 823 417 865 aliena?
453 823 628 865 Tabulae
649 837 747 864 vero
769 838 885 864 novae
909 823 1012 879 quid
1031 823 1188 863 habent
1208 821 1463 877 argumenti,
1481 821 1573 872 nisi,
1586 833 1636 866 84

134 890 182 922 ut
202 894 316 921 emas
338 895 432 921 mea
453 880 631 935 pecunia
651 879 830 921 fundum
850 896 860 921 :
892 894 991 921 eum
1019 888 1066 921 tu
1095 879 1267 929 habeas,
1288 892 1370 934 ego
1393 893 1476 920 non
1498 878 1573 919 ha-

137 937 260 978 beam
289 936 540 993 pecuniam?
583 937 890 992 Quamobrem,
911 951 963 977 ne
985 936 1038 977 sit
1059 951 1114 977 aes
1136 935 1336 986 alienum,
1356 935 1471 991 quod
1491 935 1573 975 rei-
1588 929 1659 976 ‘24

136 993 319 1049 publicae
350 1003 515 1045 noceat,
552 993 857 1049 providendum
891 1002 984 1044 est,
1016 993 1132 1049 quod
1163 992 1308 1033 multis
1345 991 1681 1036 rationibusp.⁵1.

137 1050 273 1091 caveri
293 1060 433 1106 potest
450 1067 458 1092 :
491 1065 590 1101 non,
611 1050 644 1090 si
666 1050 806 1102 fuerit,
828 1060 876 1091 ut
894 1049 1130 1105 locupletes
1148 1064 1268 1090 suum
1291 1048 1483 1105 perdant,
1500 1048 1575 1089 de·
1587 1050 1617 1071 ἃ·

136 1106 296 1148 bitores
331 1106 547 1148 lucrentur
579 1107 777 1148 alienum.
821 1121 896 1147 nec
932 1108 1046 1148 enim
1078 1106 1162 1147 ulla
1191 1121 1257 1147 res
1289 1105 1576 1146 vehementius

136 1163 440 1218 rempublicam
470 1164 673 1214 continet,
703 1178 831 1219 quam
863 1163 992 1204 fides:
1031 1179 1127 1219 quae
1157 1177 1247 1203 esse
1277 1162 1392 1203 nulla
1421 1171 1578 1217 potest,

140 1219 222 1260 nisi
253 1220 332 1260 erit
369 1220 600 1262 necessaria
632 1220 789 1261 solutio
825 1234 964 1261 rerum
997 1219 1265 1261 creditarum.
1324 1220 1577 1275 Numquam

137 1276 424 1318 vehementius
446 1286 589 1317 actum
609 1285 688 1328 est,
707 1291 832 1332 quam
857 1291 926 1318 me
946 1276 1135 1327 consule,
1159 1291 1210 1317 ne
1237 1275 1479 1317 solveretur.
1509 1290 1577 1316 ar-

138 1333 233 1382 mis,
253 1343 296 1374 et
321 1332 468 1374 castris
498 1341 659 1374 tentata
686 1347 750 1374 res
779 1342 843 1374 est
867 1334 921 1374 ab
951 1334 1068 1374 omni
1096 1347 1251 1388 genere
1282 1332 1505 1373 hominum
1534 1343 1579 1374 et

139 1389 310 1436 ordine:
330 1389 482 1445 quibus
504 1389 563 1430 sic
583 1390 731 1441 restiti,
749 1399 796 1431 ut
819 1390 901 1431 hoc
922 1399 1089 1432 tantum
1107 1390 1267 1430 malum
1289 1388 1340 1430 de
1361 1388 1580 1444 republica

138 1446 370 1489 tolleretur.
392 1460 624 1502 numquam
647 1461 722 1488 nec
744 1447 880 1503 majus
902 1462 958 1488 aes
978 1446 1159 1488 alienum
1181 1446 1286 1487 fuit:
1316 1459 1390 1486 nec
1412 1445 1579 1496 melius,

138 1518 214 1544 nec
237 1502 401 1545 facilius
421 1502 676 1544 dissolutum
707 1512 783 1544 est.
815 1503 1037 1545 fraudandi
1058 1503 1170 1544 enim
1193 1516 1266 1558 spe
1287 1502 1469 1553 sublata,
1491 1501 1577 1544 sol-

137 1559 257 1601 vendi
287 1559 513 1601 necessitas
543 1570 773 1601 consecuta
797 1569 875 1602 est.
933 1561 995 1602 At
1022 1575 1120 1601 vero
1144 1560 1214 1600 hic
1245 1567 1281 1591 ⁸3
1298 1574 1409 1603 nunc
1431 1560 1578 1610 victor,

137 1624 227 1658 tum
250 1617 419 1672 quidem
440 1616 589 1667 victus,
611 1631 706 1673 quae
727 1617 951 1672 cogitarat,
971 1631 1022 1658 ea
1041 1617 1232 1672 perfecit,
1253 1631 1353 1658 cum
1373 1615 1464 1672 ejus
1485 1615 1575 1672 jam

138 1672 240 1715 nihil
259 1674 492 1714 interesset.
513 1682 631 1714 tanta
650 1673 693 1714 in
712 1687 765 1714 eo
785 1674 986 1729 peccandi
1009 1673 1139 1715 libido
1156 1673 1250 1725 fuit,
1266 1683 1315 1715 ut
1335 1673 1418 1714 hoc
1439 1673 1577 1728 ipsum

137 1743 235 1770 eum
257 1729 499 1780 delectaret,
519 1743 710 1784 peccare,
731 1730 860 1771 etiam
891 1730 925 1771 si
951 1745 1079 1772 causa
1107 1745 1192 1771 non
1219 1739 1342 1772 esset.
1402 1730 1473 1770 Ab
1494 1728 1577 1771 b'oc
1590 1743 1638 1776 85

138 1785 270 1841 igitur
295 1799 450 1841 genere
478 1786 728 1842 largitionis,
758 1796 805 1828 ut
834 1787 924 1828 aliis
955 1787 1094 1836 detur,
1124 1787 1215 1828 aliis
1244 1787 1472 1836 auferatur,
1503 1786 1579 1827 ab-

138 1852 262 1884 erunt
282 1842 326 1894 ii,
348 1843 421 1899 qui
452 1843 756 1898 rempublicam
788 1844 1044 1885 tuebuntur:
1076 1843 1118 1884 in
1149 1843 1381 1899 primisque
1406 1857 1579 1899 operam

137 1898 316 1949 dabunt,
340 1911 386 1940 ut
407 1899 532 1955 juris,
558 1910 605 1941 ut
628 1899 891 1956 judiciorum
922 1900 1120 1956 aequitate
1150 1915 1272 1941 suum
1306 1900 1485 1956 quisque
1515 1909 1579 1940 te-

137 1965 261 1997 neat:
290 1966 333 1997 et
360 1971 497 2012 neque
523 1957 732 1997 tenuiores
754 1967 925 2012 propter
944 1956 1228 1998 humilitatem
1249 1956 1580 1998 circumvenian-

139 2021 222 2064 tur,
242 2026 379 2068 neque
405 2012 690 2068 locupletibus
719 2013 772 2054 ad
803 2028 879 2054 sua
904 2013 966 2054 vel
996 2013 1191 2064 tenenda,
1213 2013 1276 2054 vel
1295 2013 1583 2068 recuperanda

137 2068 252 2110 obsit
279 2068 458 2111 invidia:
501 2079 709 2125 praeterea
743 2070 1085 2126 quibuscumque
1114 2071 1241 2112 rebus
1274 2069 1339 2111 vel
1370 2070 1488 2120 belli,
1517 2069 1583 2111 vel

137 2125 256 2167 domi
277 2136 492 2181 poterunt,
515 2135 554 2158 84
565 2127 870 2182 rempublicam
893 2136 1077 2183 augeant
1096 2127 1290 2183 imperio,
1310 2126 1439 2183 agriS,
1453 2127 1583 2168 vecti-

139 2182 323 2238 galibus,
384 2184 494 2224 Haec
514 2198 770 2239 magnorum
798 2183 1020 2225 hominum
1041 2193 1140 2225 sunt
1157 2201 1168 2226 ε
1199 2183 1292 2225 haec
1311 2183 1425 2239 apud
1444 2183 1584 2240 majo-

137 2253 203 2280 res
231 2248 398 2281 nostros
425 2239 641 2283 factitata:
673 2240 765 2281 haec
793 2254 950 2295 genera
970 2240 1207 2282 officiorum
1228 2240 1301 2296 qui
1321 2255 1585 2297 persequun-

142 2303 224 2346 tur,
245 2310 342 2337 cum
365 2311 532 2337 summa
554 2296 735 2338 utilitate
763 2296 1005 2352 reipublicae
1023 2311 1225 2354 magnam
1245 2298 1326 2354 ipsi
1345 2297 1583 2353 adipiscen-

138 2359 209 2393 tur
227 2361 270 2393 et
287 2353 486 2407 gratiam,
508 2361 550 2394 et
570 2353 766 2408 gloriam.

201 2408 251 2448 In
281 2408 345 2449 his
372 2418 512 2450 autem
535 2409 766 2451 utilitatum
788 2409 1008 2466 praeceptis
1028 2410 1256 2466 Antipater
1274 2410 1445 2467 Tyrius,
1467 2410 1582 2452 Stoi·
1595 2413 1647 2451 86

139 2478 229 2516 cus,
264 2465 337 2522 qui
363 2465 546 2508 Athenis
578 2481 712 2523 nuper
743 2476 807 2508 est
841 2477 1050 2519 mortuus,
1082 2467 1168 2509 duo
1197 2467 1412 2524 praeterita
1438 2476 1583 2508 censet

186 2578 224 2603 82
258 2572 406 2603 Habitant
431 2572 539 2613 gratis]
572 2573 719 2606 Pearcius
746 2575 841 2605 edidit
885 2576 969 2607 Vict.
999 2576 1094 2607 edidit
1122 2576 1267 2607 Pearcius
1296 2585 1352 2616 pro
1380 2575 1511 2614 vulgato
1539 2575 1586 2604 hie

143 2614 286 2645 Habitent
299 2627 308 2645 .-
339 2617 426 2655 quod
449 2623 495 2646 est
517 2617 550 2647 in
575 2617 654 2648 Mss.
682 2618 840 2658 pluribus,
884 2630 960 2649 nunc
974 2619 1081 2649 victor.
1105 2618 1185 2649 illud
1200 2626 1246 2650 est
1261 2621 1358 2649 etiam
1374 2619 1407 2648 in
1424 2619 1472 2648 ed.
1490 2618 1585 2650 Rom.

143 2657 313 2699 visumque
328 2666 376 2689 est
390 2659 514 2689 Pearcio
530 2662 731 2692 concinnius,
885 2663 997 2692 Venet.
1016 2669 1107 2698 1471.
1125 2663 1257 2693 Mediol.
1273 2663 1347 2692 Asc.
1365 2661 1437 2691 Ald.

188 2707 226 2732 83
243 2702 347 2732 Noster
361 2702 470 2738 victor,
485 2708 544 2732 tum
556 2714 586 2744 q.
598 2703 711 2744 victus]
723 2704 840 2741 Caesar,
930 2712 969 2736 84
994 2712 1082 2745 remp.
1099 2712 1226 2744 augeant
1242 2703 1371 2744 imperio]
1392 2703 1586 2734 Proferendin

141 2749 216 2774 tum
231 2746 346 2782 victus,
359 2745 392 2775 in
409 2745 586 2775 Consulatu
599 2746 772 2785 Ciceronis,
787 2757 842 2786 op·
887 2748 1011 2788 imperii
1027 2748 1158 2787 finibus,
1177 2755 1208 2779 et
1231 2747 1398 2789 provinciis
1421 2747 1585 2787 acquiren-

143 2795 249 2826 pressa
267 2788 487 2827 conjuratione
505 2788 664 2827 Catilinae,
680 2791 772 2829 cujus
793 2801 842 2820 so·
886 2791 945 2821 dis.

144 2829 214 2862 cius
229 2830 341 2863 fuerat.
375 2832 480 2862 Noster
494 2841 512 2863 e
527 2831 607 2863 Mss,
623 2839 654 2863 et
669 2834 738 2865 edd.
752 2833 842 2872 Mog.

893 2887 1005 2931 304
