1844 3202
603 112 1004 154 FRAGMENTA.
1436 119 1509 171 921

152 219 284 268 NON.
306 216 563 278 Proecz'pere.)
599 221 847 277 Praecipiunt
867 220 948 262 hoc
972 219 1054 271 isti,
1071 227 1113 261 et
1133 220 1232 262 facit
1253 234 1390 265 nemo.

152 281 304 322 LAc'r.
326 279 394 321 lib.
412 289 451 321 3.
471 288 556 332 cap.
581 279 658 331 16.)
694 278 885 319 Profecto
907 276 1044 318 omnis
1070 276 1245 317 istorum
1272 277 1515 333 disputatio,

93 347 349 393 quamquam
382 335 614 377 uberrimos
645 334 782 375 fontes
812 333 988 383 virtutis,
1009 341 1052 373 et
1078 332 1261 374 scientiae
1290 335 1518 390 contineat,

93 395 252 444 tamen,
272 393 425 434 collata
452 404 549 432 cum
580 389 732 431 horum
760 389 877 441 actis,
897 388 1175 444 perfectisque
1203 389 1340 439 rebus,
1360 405 1516 440 vereor,

93 461 147 489 ne
167 458 330 489 tantum
350 447 537 489 videatur
555 447 743 488 attulisse
764 445 946 502 negotiis
966 445 1187 487 hominum
1205 445 1415 501 quandam
1439 447 1516 488 ob·

93 502 360 545 lectationem
381 503 470 544 otii.

151 560 282 601 NON.
312 559 526 611 Lautum.)
578 560 687 615 Quae
717 569 781 600 est
815 559 946 614 igitur
975 556 1257 612 philosophia,
1291 558 1516 600 Socrates?

95 628 170 656 nec
191 615 356 667 dubito,
378 616 493 671 quin,
515 629 794 672 quaecumquc
814 618 882 665 sit,
903 615 1064 655 lautum
1086 614 1242 655 victum
1273 622 1315 654 et
1344 614 1516 670 elegan-

91 677 195 723 tem,
216 673 452 728 magnifice,
473 686 608 729 neque
636 672 774 713 minus
800 686 926 728 quam
956 670 1135 720 deceret,
1156 670 1293 712 colere
1314 671 1518 713 instituis-

94 737 174 769 set.

148 784 281 826 NON.
304 783 352 824 de
371 783 474 825 doct.
496 784 596 837 ind.)
629 783 729 825 Vidi
758 784 798 824 in
827 783 971 824 dolore
1004 781 1204 838 podagrae
1235 782 1300 823 vel
1327 783 1519 825 omnium

92 840 323 881 maximum
341 841 581 882 Stoicorum
602 840 905 890 possidonium,
922 838 1052 879 nihilo
1070 839 1223 894 ipsum,
1241 853 1367 894 quam
1385 839 1518 881 Nico-

94 896 294 937 maehum
315 897 507 952 Tyrium,
528 897 739 952 hospitem
762 911 920 945 meum,
941 895 1171 938 fortiorem.

149 953 282 994 Non.
307 953 552 1006 Sublatam.)
586 956 610 980 ⁹³²
627 953 906 1009 eloquentiam
930 952 1051 1002 tueri,
1069 967 1195 1008 qnam
1218 961 1265 993 tu
1285 951 1326 994 in
1347 951 1520 1004 coelum,

95 1009 314 1060 Hortensi,
345 1009 485 1060 credo,
514 1019 563 1052 ut
593 1011 679 1066 ipse
709 1024 804 1050 eum
837 1023 886 1050 ea
915 1008 1040 1050 simul
1070 1008 1356 1061 adscenderes,
1379 1018 1520 1052 sustu-

94 1064 225 1106 lisses.

153 1121 284 1162 NON·
315 1121 528 1175 Eventus.)
569 1123 635 1164 Tu
662 1137 730 1163 me
758 1129 800 1162 et
827 1121 927 1162 alias
958 1135 1290 1177 nonnumquam,
1312 1129 1354 1162 et
1380 1121 1521 1177 paullo

94 1186 192 1218 ante
211 1177 457 1219 adhortatus
479 1193 537 1229 ες,
559 1188 605 1219 nt
627 1179 802 1219 aliorum
826 1178 950 1228 facta,
971 1188 1013 1218 et
1033 1187 1178 1218 eventa
1199 1178 1458 1233 conquiram.

151 1234 393 1286 Faowro.)
427 1235 514 1290 Qui
535 1249 632 1275 cum
653 1235 777 1275 hodie
800 1234 957 1274 bellum
981 1249 1078 1275 cum
1102 1243 1273 1275 mortuo
1292 1243 1455 1288 gerant.

151 1291 284 1332 Nox.
307 1291 459 1343 Sumo.)
503 1292 647 1332 Quare
670 1291 791 1330 velim
821 1291 909 1330 dari
942 1290 1060 1340 mihi,
1080 1290 1437 1345 Luculle,jubcas
1458 1290 1522 1332 in-

96 1345 231 1389 dicem
251 1347 524 1402 tragicorum,
547 1356 594 1388 ut
615 1361 794 1398 sumam,
816 1347 850 1387 si
870 1346 940 1402 qui
961 1347 1068 1388 forte
1090 1346 1193 1388 mihi
1213 1346 1376 1387 desunt.

149 1403 283 1446 NON.
306 1405 501 1455 Facesso.)
543 1405 575 1445 F
577 1413 764 1445 acessent
791 1403 918 1458 igitur
948 1417 1110 1453 omnes,
1138 1403 1210 1458 qui
1239 1402 1389 1443 docere
1419 1401 1523 1444 nihil

95 1469 285 1516 possunt,
307 1475 391 1515 quo
413 1461 576 1511 melius,
596 1459 905 1515 sapientiusque
927 1459 1123 1501 vivamus.

153 1514 209 1556 D.
232 1515 306 1557 Au
316 1529 361 1557 G.
383 1515 413 1557 l.
427 1525 466 1556 4.
489 1531 521 1557 c.
536 1526 574 1558 2.
596 1516 725 1569 Trin.)
762 1514 997 1556 Prudentiae
1018 1523 1158 1570 partes
1180 1523 1291 1566 sunt,
1307 1515 1525 1566 memoria,

97 1570 390 1627 intelligentia,
412 1572 683 1627 providentia.

86 1624 92 1629 “
153 1628 210 1669 D.
230 1630 361 1671 AUG.
383 1627 497 1681 ibid.)
541 1629 585 1669 Si
617 1627 752 1680 nobis,
774 1643 872 1670 cum
901 1643 953 1669 ex
981 1627 1061 1668 hac
1081 1627 1165 1669 vita
1192 1627 1525 1683 migraverimus,

95 1683 138 1725 in
169 1684 391 1726 beatorum
418 1685 578 1736 insulis,
598 1685 835 1725 immortale
859 1699 1009 1734 aevum,
1031 1693 1076 1725 ut
1102 1683 1255 1725 fabulae
1278 1684 1430 1735 ferunt,
1450 1685 1523 1725 de-

92 1744 198 1794 gere
219 1741 375 1792 liceret,
397 1741 499 1796 quid
527 1755 635 1796 opus
663 1750 772 1781 esset
801 1740 1072 1796 eloquentia?
1104 1755 1201 1781 cum
1228 1740 1389 1796 judicia
1411 1741 1527 1785 nulla

98 1796 268 1838 fierent:
299 1807 372 1838 aut
392 1797 490 1853 ipsis
510 1797 637 1838 etiam
658 1797 878 1838 virtutibus
897 1799 910 1838 ?
944 1811 1018 1837 nec
1047 1797 1159 1837 enim
1184 1796 1440 1838 fortitudinis
1460 1798 1524 1838 in-

95 1851 351 1907 digeremus,
375 1854 489 1894 nullo
509 1853 726 1909 proposito
747 1863 820 1895 aut
839 1854 996 1903 labore,
1017 1863 1090 1893 aut
1113 1852 1301 1907 periculo
1319 1870 1328 1895 ε
1360 1868 1436 1894 nec
1451 1853 1526 1910 ju-

97 1909 224 1960 stitia,
245 1924 346 1951 cum
377 1919 487 1950 esset
516 1909 632 1961 nihil,
653 1910 768 1965 quod
795 1918 1061 1965 appeteretur
1086 1909 1236 1950 alieni:
1269 1924 1344 1951 nec
1363 1918 1525 1965 tempe-

97 1965 245 2016 rantia,
263 1981 358 2021 quae
378 1975 543 2021 regeret
563 1980 647 2017 eaS,
670 1981 765 2022 quae
788 1966 913 2007 nullae
933 1974 1085 2016 essent,
1107 1965 1302 2006 libidines
1321 1983 1330 2007 ι
1353 1980 1404 2007 ne
1425 1980 1525 2021 pru-

97 2020 240 2067 dentia
257 2022 428 2078 quidem
449 2035 684 2078 egeremus,
706 2023 821 2064 nullo
842 2022 1000 2063 dilectu
1019 2022 1235 2077 proposito
1256 2022 1464 2063 bonorum
1483 2033 1528 2064 et

96 2077 320 2120 malorum.
379 2079 478 2120 Una
506 2079 638 2134 igitur
668 2093 854 2120 essemus
883 2079 995 2120 beati
1020 2078 1264 2133 cognitione
1287 2086 1462 2129 naturae,
1483 2088 1528 2120 et

96 2134 286 2184 scientia,
305 2149 400 2190 quae
433 2135 523 2176 sola
549 2135 675 2176 etiam
707 2135 884 2176 deorum
914 2144 978 2176 est
1007 2135 1091 2175 vita
1117 2134 1340 2176 laudanda.
1371 2149 1422 2175 ex
1441 2150 1527 2190 quo

96 2189 276 2246 intelligi
293 2199 448 2246 potest,
462 2200 599 2232 cetera
615 2192 872 2233 necessitatis
888 2206 1000 2233 esse:
1021 2206 1153 2232 unum
1171 2190 1267 2242 hoc,
1285 2191 1527 2247 voluptatis.

153 2247 199 2290 N
203 2255 286 2288 ON.
309 2248 490 2302 Capere.)
524 2249 550 2275 ³7⁵
569 2247 720 2289 deinde
739 2249 841 2289 boni
862 2262 1015 2300 mores,
1036 2256 1080 2288 et
1100 2247 1390 2299 modestiores,
1412 2257 1454 2289 et
1473 2248 1528 2289 ad

97 2302 299 2357 capienda
316 2315 526 2359 praecepta
546 2304 776 2345 molliores.
1358 2318 1363 2327 “

155 2359 288 2401 Non.
317 2361 502 2414 Artum.)
551 2360 700 2402 Altera
730 2370 795 2402 est
822 2374 927 2402 nexa
955 2375 1054 2402 cum
1085 2359 1312 2415 superiore,
1343 2368 1385 2402 et
1414 2360 1527 2412 inde,

99 2423 280 2471 apteque
300 2417 500 2471 pendens.
1517 2415 1519 2419 Α

155 2473 287 2512 Non.
321 2472 538 2527 Spectare.)
582 2476 607 2500 ²*
630 2472 741 2514 Coeli
770 2473 987 2528 signorum
1008 2471 1300 2514 admirabilem
1320 2472 1526 2525 ordinem,

97 2526 464 2582 insatiabilemque
483 2529 807 2584 pulcritudinem
830 2529 966 2584 magis
986 2537 1191 2584 spectant.

156 2583 215 2625 D.
236 2584 311 2625 Au
321 2597 365 2624 G.
386 2584 456 2625 lib.
473 2593 512 2626 4.
533 2595 620 2640 cap.
643 2595 702 2626 15.
726 2585 866 2638 Civit.)
909 2591 934 2616 ὴὲ
958 2585 1021 2628 Ut
1037 2585 1204 2626 easdem
1226 2584 1418 2625 tenebras
1438 2585 1526 2625 effi-

100 2638 199 2690 ciat,
215 2654 318 2695 quas
339 2640 479 2682 effecit
497 2641 541 2682 in
557 2642 726 2684 interitu
741 2641 939 2683 Romuli:
963 2641 1036 2698 qui
1054 2642 1095 2683 in
1112 2641 1408 2683 obscuratione
1427 2641 1527 2682 solis

96 2696 237 2741 ,factus
259 2706 336 2738 est.

157 2753 290 2795 Nox.
323 2753 518 2808 Increpo.)
558 2754 678 2796 Tune
703 2752 1038 2809 pseudomenon,
1059 2763 1102 2796 et
1122 2753 1307 2805 soritem,
1330 2762 1373 2795 et
1392 2761 1525 2795 totam

103 2806 365 2852 dialecticam
385 2819 457 2853 aut
477 2809 633 2862 illudis,
651 2819 724 2854 aut
743 2811 960 2866 increpas?
