1844 3202
269 121 349 155 812
788 114 954 154 CATO
990 115 1200 155 MAJOR

269 223 453 279 majores
479 231 582 266 natu
609 237 791 289 augures
819 233 1145 291 anteponuntur.
1206 226 1315 268 Quae
1345 233 1447 268 sunt
1475 225 1605 283 igitur
1623 239 1698 268 vo-

268 280 454 335 luptates
494 281 681 337 corporis
722 297 819 324 cum
858 283 1120 324 auctoritatis
1160 283 1342 339 praemiis
1372 282 1698 339 comparandae?

269 337 424 400 quibus
453 353 525 402 qui
552 337 769 394 splendide
788 339 852 379 usi
873 349 983 389 sunt,
1005 339 1033 379 ii
1053 338 1156 379 mihi
1178 339 1369 381 videntur
1388 340 1576 381 fabulam
1597 347 1698 380 aeta-

269 393 323 434 tis
358 394 584 449 peregisse,
615 409 706 445 1166,
736 404 953 450 tamquam
985 395 1242 436 inexercitati
1277 396 1514 447 histliones‚
1546 396 1589 436 in
1628 409 1700 437 ex-

205 455 256 493 65
271 457 406 490 tremo
425 461 523 491 actu
543 451 762 492 corruisse.
821 452 882 491 At
902 459 998 491 sunt
1018 451 1190 502 morosi,
1211 460 1254 493 et
1283 453 1406 502 anxii,
1427 462 1469 494 ct
1496 449 1701 501 iracundi,

269 514 313 547 et
345 507 532 547 difficiles
561 522 706 548 senes:
739 507 773 548 si
795 507 1039 562 quaerimus,
1059 508 1186 548 etiam
1217 509 1339 549 avari.
1369 509 1443 550 sed
1473 509 1579 559 haec,
1606 522 1700 548 mo-

267 577 361 604 rum
383 564 480 603 vitia
504 572 614 613 sunt,
641 578 725 604 non
756 564 996 604 senectutis.
1055 564 1119 604 Ac
1150 564 1373 606 morositas
1403 575 1559 617 tamen,
1579 573 1623 605 et
1651 578 1700 604 ea

267 619 380 669 vitia,
407 635 500 675 quae
532 595 632 670 dixi,
658 619 817 660 habent
845 619 1005 674 aliquid
1036 620 1329 672 excusationis,
1350 636 1434 663 non
1465 622 1574 663 illius
1605 620 1700 676 qui-

265 675 363 716 dem
380 677 525 732 justae,
548 676 621 717 sed
641 691 736 732 quae
756 676 923 732 probari
943 691 1067 742 ptosse
1089 676 1290 717 videatur.
1313 679 1527 719 contemni
1547 692 1591 719 se
1618 691 1700 732 pu-

265 740 371 782 tant,
391 732 564 787 despici,
586 732 720 774 illudi.
742 742 946 788 praeterea
967 733 1007 774 in
1035 733 1173 788 fragili
1194 747 1369 789 corpore
1391 734 1536 775 odiosa
1563 733 1700 775 omnis

265 789 443 829 offensio
465 798 540 830 est.
563 804 656 845 quae
679 798 819 830 tamen
841 790 984 831 omnia
1004 789 1194 831 dulciora
1214 799 1311 831 sunt
1330 798 1372 831 et
1399 791 1587 832 moribus
1618 791 1698 831 bo-

266 844 345 894 nis,
375 854 417 886 ct
450 846 637 886 artibus:
670 846 798 910 idque
831 855 924 887 tum
955 847 998 887 in
1023 846 1119 896 vita,
1154 856 1245 888 tum
1284 846 1325 887 in
1362 861 1485 887 scena
1519 846 1698 902 intelligi

267 908 409 954 potest
428 915 478 943 ex
498 903 546 942 iis
569 902 781 952 fratribus,
803 902 875 957 qui
896 903 936 943 in
958 903 1165 958 Adelphis
1188 911 1300 944 sunt.
1322 914 1477 959 quanta
1496 904 1538 945 in
1566 904 1698 944 altero

157 985 190 1017 p
204 981 255 1009 91
268 956 444 1008 duritas,
474 958 516 998 in
546 958 679 998 altero
709 958 912 999 comitas!
954 959 1023 999 Sic
1053 973 1096 999 se
1125 973 1190 999 res
1219 959 1362 1000 habet.
1392 969 1441 1000 ut
1469 960 1582 1001 enim
1613 974 1697 1000 non

225 1026 256 1048 a·
269 1027 395 1054 omne
417 1014 574 1064 vinum,
596 1014 654 1055 sic
677 1029 759 1055 non
780 1015 917 1055 omnis
945 1023 1044 1056 aetas
1066 1023 1272 1056 vetustate
1298 1017 1518 1057 coacescit.
1548 1016 1697 1057 severi-

264 1076 396 1110 tatem
432 1070 472 1111 in
505 1079 718 1111 senectute
752 1071 901 1126 probo,
933 1070 1006 1112 sed
1042 1086 1135 1112 eam
1170 1071 1297 1125 (sicut
1328 1071 1424 1124 alia)
1460 1073 1697 1114 modicam.

264 1127 538 1168 acerbitatem
569 1127 686 1169 nullo
710 1127 854 1168 modo.
876 1128 1046 1169 avaritia
1063 1143 1160 1169 vero
1189 1127 1328 1168 senilis
1358 1128 1461 1184 quid
1486 1129 1564 1170 sibi
1585 1127 1698 1178 velit,

201 1197 350 1240 6611011
370 1184 577 1248 intelligo.
632 1185 776 1225 Potest
796 1184 905 1225 enim
929 1184 1165 1248 quidquam
1182 1198 1272 1225 6556
1293 1185 1529 1237 absurdius,
1551 1199 1695 1242 quam,

269 1248 306 1272 ⁵2
323 1255 406 1295 quo
428 1242 565 1282 minus
586 1240 662 1281 viae
683 1250 826 1292 restat,
847 1256 898 1282 eo
918 1241 1012 1297 plus
1031 1240 1168 1282 viatici
1189 1255 1377 1298 quaerere
1396 1243 1409 1284 ἶ

186 1302 254 1357 19
323 1298 487 1339 Ouarta
520 1305 646 1338 restat
683 1312 824 1349 causa,
854 1313 948 1353 quae
988 1298 1170 1339 maxime
1208 1312 1378 1362 angere,
1415 1306 1541 1354 atque
1581 1298 1699 1340 solli-

265 1354 393 1394 citam
422 1353 576 1394 habere
600 1363 785 1395 nostram
814 1363 981 1396 aetatem
1002 1354 1177 1406 videtur,
1205 1354 1557 1411 appropinquatio
1583 1370 1698 1396 mor-

263 1411 343 1452 tis:
376 1425 469 1466 quae
491 1418 604 1451 certe
624 1425 649 1451 a
670 1419 883 1452 senectute
909 1426 993 1452 non
1024 1420 1164 1466 potest
1193 1411 1320 1467 longe
1342 1411 1498 1452 abesse.
1558 1412 1595 1453 O
1617 1412 1700 1453 mi-

263 1482 405 1508 serum
445 1481 604 1518 senem,
644 1467 731 1523 qui,
768 1478 949 1509 mortem
989 1468 1339 1509 contemnendam
1381 1482 1484 1519 esse,
1526 1467 1569 1509 in
1609 1478 1696 1510 tam

262 1523 396 1578 longa
425 1532 546 1564 aetatc
578 1537 661 1564 non
687 1523 858 1564 viderit!
895 1539 988 1580 quae
1015 1536 1090 1566 aut
1120 1525 1243 1580 plane
1273 1525 1528 1588 negligenda
1557 1533 1634 1576 est,
1663 1526 1698 1568 si

265 1581 439 1620 omnino
469 1580 698 1634 exstinguit
737 1580 952 1631 ani1nu1n3
998 1589 1072 1622 aut
1100 1581 1227 1621 etiam
1259 1581 1459 1636 optanda,
1491 1596 1523 1621 51
1554 1581 1697 1637 aliquo

264 1651 362 1676 eum
395 1635 582 1700 deducit,
604 1636 677 1677 ubi
710 1636 763 1677 sit
793 1636 958 1677 futurus
987 1647 1179 1678 aeternus.
1238 1638 1372 1701 Atqui
1393 1638 1562 1679 tertium
1584 1647 1698 1679 certe

203 1699 253 1744 67
268 1692 370 1733 nihil
401 1692 573 1733 inveniri
604 1701 758 1747 potest.
817 1693 934 1734 Ouid
964 1693 1094 1748 igitur
1123 1693 1311 1744 timeam,
1337 1693 1370 1734 si
1400 1702 1474 1735 aut
1503 1709 1588 1735 non
1618 1695 1696 1736 mi-

265 1764 332 1791 ser
352 1758 449 1805 post
469 1758 665 1800 montem,
687 1758 759 1789 aut
779 1735 926 1790 beatus
946 1751 1074 1790 etiam
1097 1750 1264 1791 futurus
1285 1764 1405 1791 sum.
1397 1752 1410 1779 ³
1443 1765 1698 1814 quamquam

265 1807 359 1863 quis
387 1815 451 1847 est
477 1816 562 1847 tam
593 1806 762 1857 stultus,
784 1807 973 1862 quamvis
1002 1807 1056 1848 sit
1088 1806 1347 1857 adolescens,
1368 1807 1437 1847 cui
1469 1806 1522 1848 sit
1550 1807 1697 1863 explo-

264 1873 419 1913 ratum,
441 1877 484 1902 se
504 1862 556 1902 ad
579 1877 795 1918 vesperum
826 1877 916 1904 esse
937 1863 1173 1905 victurum.
1164 1864 1178 1892 ³
1211 1864 1312 1919 quin
1343 1864 1471 1904 etiam
1499 1872 1599 1905 aetas
1626 1863 1698 1906 illa

263 1920 402 1962 multo
433 1918 585 1974 plureS,
615 1934 741 1975 quam
773 1929 929 1971 nostra,
960 1920 1107 1961 mortis
1138 1935 1258 1962 casus
1288 1920 1431 1961 habet.
1463 1920 1625 1961 facilius
1654 1921 1697 1962 in

263 1977 438 2020 morbos
476 1975 667 2017 incidunt
703 1976 1018 2018 adolescentes·
1007 1993 1019 2028 3
1058 1977 1226 2032 gravius
1258 1986 1496 2032 aegrotant;
1535 1976 1696 2018 tristius

263 2042 478 2074 curantur.
499 2032 642 2088 itaque
662 2033 785 2089 pauci
802 2033 971 2082 veniunt
990 2032 1044 2074 ad
1064 2042 1325 2074 senectutem
1343 2050 1352 2074 :
1386 2041 1422 2065 ⁵3
1438 2033 1559 2097 quod.
1575 2033 1615 2074 ni
1636 2034 1696 2075 ita

262 2089 485 2139 accideret,
516 2090 665 2129 melius
700 2097 742 2129 et
765 2079 1027 2153 p1udentius
1057 2090 1274 2132 viveretur.
1332 2090 1458 2130 Mens
1497 2090 1622 2141 enim,
1653 2100 1696 2132 et

263 2147 384 2197 ratio,
417 2154 459 2185 et
494 2145 774 2210 consilium,
765 2161 806 2186 1n
841 2146 1009 2187 senibus
1050 2154 1142 2188 est:
1182 2146 1254 2202 qui
1291 2145 1326 2187 si
1363 2146 1467 2187 nulli
1507 2146 1695 2197 luissent,

263 2202 390 2243 nullae
420 2201 592 2242 omnino
622 2202 808 2243 cixitates
839 2213 991 2243 essent.
1050 2202 1134 2244 Sed
1164 2203 1290 2244 redeo
1320 2202 1373 2244 ad
1404 2211 1581 2244 mortem
1616 2203 1694 2244 im-

263 2258 531 2314 pendentem.
561 2259 676 2314 quod
706 2258 813 2300 illud
841 2268 904 2300 est
931 2258 1091 2300 crimen
1121 2259 1363 2310 senectutiS,
1383 2274 1481 2300 cum
1510 2259 1617 2319 illud
1636 2260 1695 2301 vi-

201 2322 252 2360 68
265 2315 397 2357 deatis
416 2330 515 2356 cum
535 2315 818 2357 adolescentia
846 2331 936 2357 6556
963 2317 1219 2357 commune?
1254 2316 1372 2356 Sensi
1403 2330 1485 2372 ego
1518 2330 1617 2357 cum
1651 2315 1694 2357 in

264 2373 428 2429 optimo
450 2372 534 2413 filio
555 2387 667 2423 meo,
689 2382 779 2413 tum
801 2372 841 2412 in
863 2373 1111 2437 exspectatis
1139 2372 1192 2414 ad
1221 2364 1523 2428 amplissimam
1554 2370 1693 2428 digni-'-

261 2437 392 2469 tatem
424 2428 620 2470 fratribus
650 2429 747 2478 tuis,
780 2430 934 2484 Scipio,
957 2445 1071 2470 omni
1103 2429 1216 2470 aetati
1246 2438 1424 2470 mortem
1452 2444 1543 2470 6556
1573 2443 1692 2470 com-

261 2500 449 2526 munem.
509 2486 570 2525 At
615 2495 754 2540 sperat
795 2486 1052 2535 adolescens,
1092 2485 1166 2526 diu
1204 2499 1248 2526 se
1287 2485 1526 2526 victurum:
1576 2485 1692 2540 quod

261 2556 427 2606 sperare
459 2541 569 2582 idem
602 2557 727 2583 senex
757 2557 840 2582 non
871 2551 1022 2598 potest.
1084 2542 1333 2597 Insipientcr
1362 2550 1514 2599 spelfflat
1573 2541 1689 2598 Quid

260 2599 371 2639 enim
395 2598 578 2650 stultius,
607 2613 733 2654 quam
756 2598 913 2639 incerta
941 2613 1015 2654 pio
1046 2598 1170 2641 certis
1203 2598 1372 2649 habere,
1394 2599 1498 2640 falsa
1526 2612 1601 2653 pro
1624 2611 1691 2639 ve—

218 2667 252 2700 b
263 2655 346 2696 xis?
381 2655 530 2706 Senex,
551 2669 602 2696 ne
621 2655 737 2712 quod
767 2656 905 2710 speret
929 2655 1115 2712 quidem,
1138 2654 1279 2697 habet.
1337 2657 1399 2697 At
1428 2665 1492 2696 est
1520 2669 1571 2695 eo
1601 2669 1691 2696 me-

306 2805 343 2830 52
366 2809 420 2839 quo
433 2797 526 2827 minus
540 2797 603 2826 viae
619 2795 722 2837 restat]
742 2798 814 2835 Leg.
833 2804 927 2827 resta.
999 2797 1140 2837 plerique
1162 2804 1234 2828 ante
1256 2803 1453 2828 senectutem
1484 2802 1693 2833 morerentur,

305 2848 342 2872 523
367 2841 441 2882 quod
454 2841 484 2870 ni
500 2841 544 2871 ita
558 2840 699 2871 accideret
715 2840 788 2881 δία]
816 2842 835 2873 i.
852 2851 880 2874 e.
897 2840 956 2873 nisi
999 2848 1142 2881 essetque
1158 2842 1235 2873 adeo
1252 2841 1352 2881 major
1367 2850 1482 2873 senum
1499 2848 1664 2872 numerus-
