<?xml version="1.0" encoding="UTF-8"?>
<!DOCTYPE html PUBLIC "-//W3C//DTD XHTML 1.0 Transitional//EN"
    "http://www.w3.org/TR/xhtml1/DTD/xhtml1-transitional.dtd">
<html xmlns="http://www.w3.org/1999/xhtml" xml:lang="en" lang="en">
 <head>
  <title>
</title>
<meta http-equiv="Content-Type" content="text/html;charset=utf-8" />
  <meta name='ocr-system' content='tesseract 3.04.00' />
  <meta name='ocr-capabilities' content='ocr_page ocr_carea ocr_par ocr_line ocrx_word'/>
</head>
<body>
  <div class='ocr_page' id='page_1' title='image "./p2operaomnia04ciceuoft_0106.png"; bbox 0 0 1844 3202; ppageno 0'>
   <div class='ocr_carea' id='block_1_1' title="bbox 285 92 1188 137">
    <p class='ocr_par' dir='ltr' id='par_1_1' title="bbox 285 92 1188 137">
     <span class='ocr_line' id='line_1_1' title="bbox 285 92 1188 137; baseline 0.001 -8"><span class='ocrx_word' id='word_1_1' title='bbox 285 96 364 137; x_wconf 80' lang='lat'><strong>714</strong></span> <span class='ocrx_word' id='word_1_2' title='bbox 809 93 885 130; x_wconf 88' lang='lat' dir='ltr'><strong>DE</strong></span> <span class='ocrx_word' id='word_1_3' title='bbox 921 92 1188 131; x_wconf 87' lang='lat' dir='ltr'><strong>OFFICIIS</strong></span> 
     </span>
    </p>
   </div>
   <div class='ocr_carea' id='block_1_2' title="bbox 172 198 1717 2290">
    <p class='ocr_par' dir='ltr' id='par_1_2' title="bbox 285 198 1713 313">
     <span class='ocr_line' id='line_1_2' title="bbox 285 198 1712 256; baseline 0.003 -17"><span class='ocrx_word' id='word_1_4' title='bbox 285 198 362 239; x_wconf 91' lang='lat' dir='ltr'><strong>sed</strong></span> <span class='ocrx_word' id='word_1_5' title='bbox 391 199 575 253; x_wconf 90' lang='lat' dir='ltr'><strong>nomine)</strong></span> <span class='ocrx_word' id='word_1_6' title='bbox 600 199 673 240; x_wconf 94' lang='lat' dir='ltr'><strong>sed</strong></span> <span class='ocrx_word' id='word_1_7' title='bbox 703 199 736 241; x_wconf 93' lang='lat' dir='ltr'><strong>si</strong></span> <span class='ocrx_word' id='word_1_8' title='bbox 767 199 859 256; x_wconf 90' lang='lat' dir='ltr'><strong>quis</strong></span> <span class='ocrx_word' id='word_1_9' title='bbox 889 209 952 242; x_wconf 93' lang='lat' dir='ltr'><strong>est</strong></span> <span class='ocrx_word' id='word_1_10' title='bbox 982 200 1124 256; x_wconf 88' lang='lat' dir='ltr'><strong>paullo</strong></span> <span class='ocrx_word' id='word_1_11' title='bbox 1154 199 1346 253; x_wconf 80' lang='lat' dir='ltr'><strong>erectior,</strong></span> <span class='ocrx_word' id='word_1_12' title='bbox 1377 201 1564 256; x_wconf 85' lang='lat' dir='ltr'><strong>quamvis</strong></span> <span class='ocrx_word' id='word_1_13' title='bbox 1593 201 1712 244; x_wconf 86' lang='lat' dir='ltr'><strong>volu-</strong></span> 
     </span>
     <span class='ocr_line' id='line_1_3' title="bbox 286 256 1713 313; baseline 0.003 -18"><span class='ocrx_word' id='word_1_14' title='bbox 286 263 402 310; x_wconf 88' lang='lat' dir='ltr'><strong>ptate</strong></span> <span class='ocrx_word' id='word_1_15' title='bbox 429 256 632 312; x_wconf 85' lang='lat' dir='ltr'>capiatur,</span> <span class='ocrx_word' id='word_1_16' title='bbox 662 257 848 298; x_wconf 88' lang='lat' dir='ltr'><strong>occultat</strong></span> <span class='ocrx_word' id='word_1_17' title='bbox 876 267 918 297; x_wconf 92' lang='lat' dir='ltr'><strong>et</strong></span> <span class='ocrx_word' id='word_1_18' title='bbox 947 257 1181 298; x_wconf 85' lang='lat' dir='ltr'><strong>dissimulat</strong></span> <span class='ocrx_word' id='word_1_19' title='bbox 1210 257 1442 313; x_wconf 89' lang='lat' dir='ltr'><strong>appetitum</strong></span> <span class='ocrx_word' id='word_1_20' title='bbox 1473 258 1713 313; x_wconf 83' lang='lat' dir='ltr'><strong>voluptatis,</strong></span> 
     </span>
    </p>

    <p class='ocr_par' dir='ltr' id='par_1_3' title="bbox 201 312 1713 870">
     <span class='ocr_line' id='line_1_4' title="bbox 201 312 1712 377; baseline 0.001 -24"><span class='ocrx_word' id='word_1_21' title='bbox 201 317 275 354; x_wconf 85' lang='lat'><strong>106</strong></span> <span class='ocrx_word' id='word_1_22' title='bbox 286 320 456 367; x_wconf 84' lang='lat' dir='ltr'><strong>propter</strong></span> <span class='ocrx_word' id='word_1_23' title='bbox 492 312 796 354; x_wconf 89' lang='lat' dir='ltr'><strong>verecundiam.</strong></span> <span class='ocrx_word' id='word_1_24' title='bbox 857 314 920 353; x_wconf 87' lang='lat' dir='ltr'><strong>Ex</strong></span> <span class='ocrx_word' id='word_1_25' title='bbox 957 328 1042 368; x_wconf 93' lang='lat' dir='ltr'><strong>quo</strong></span> <span class='ocrx_word' id='word_1_26' title='bbox 1076 313 1341 369; x_wconf 83' lang='lat' dir='ltr'><strong>intelligitur,</strong></span> <span class='ocrx_word' id='word_1_27' title='bbox 1374 314 1561 377; x_wconf 88' lang='lat' dir='ltr'><strong>corporis</strong></span> <span class='ocrx_word' id='word_1_28' title='bbox 1593 314 1712 356; x_wconf 89' lang='lat' dir='ltr'><strong>volu-</strong></span> 
     </span>
     <span class='ocr_line' id='line_1_5' title="bbox 283 369 1713 434; baseline 0.001 -25"><span class='ocrx_word' id='word_1_29' title='bbox 283 377 444 423; x_wconf 87' lang='lat' dir='ltr'><strong>ptatem</strong></span> <span class='ocrx_word' id='word_1_30' title='bbox 477 383 560 409; x_wconf 93' lang='lat' dir='ltr'><strong>non</strong></span> <span class='ocrx_word' id='word_1_31' title='bbox 592 370 690 410; x_wconf 85' lang='lat' dir='ltr'><strong>satis</strong></span> <span class='ocrx_word' id='word_1_32' title='bbox 719 384 808 409; x_wconf 89' lang='lat' dir='ltr'><strong>esse</strong></span> <span class='ocrx_word' id='word_1_33' title='bbox 837 369 1010 424; x_wconf 85' lang='lat' dir='ltr'><strong>dignam</strong></span> <span class='ocrx_word' id='word_1_34' title='bbox 1042 369 1224 410; x_wconf 90' lang='lat' dir='ltr'><strong>hominis</strong></span> <span class='ocrx_word' id='word_1_35' title='bbox 1252 371 1512 434; x_wconf 83' lang='lat' dir='ltr'><strong>praestantia,</strong></span> <span class='ocrx_word' id='word_1_36' title='bbox 1536 385 1713 426; x_wconf 88' lang='lat' dir='ltr'><strong>eamque</strong></span> 
     </span>
     <span class='ocr_line' id='line_1_6' title="bbox 283 425 1713 483; baseline 0.002 -18"><span class='ocrx_word' id='word_1_37' title='bbox 283 425 496 466; x_wconf 86' lang='lat' dir='ltr'><strong>contemni</strong></span> <span class='ocrx_word' id='word_1_38' title='bbox 526 434 567 466; x_wconf 91' lang='lat' dir='ltr'><strong>et</strong></span> <span class='ocrx_word' id='word_1_39' title='bbox 607 425 724 480; x_wconf 88' lang='lat' dir='ltr'><strong>rejici</strong></span> <span class='ocrx_word' id='word_1_40' title='bbox 752 435 977 480; x_wconf 83' lang='lat' dir='ltr'><strong>oportere:</strong></span> <span class='ocrx_word' id='word_1_41' title='bbox 1009 425 1071 465; x_wconf 92' lang='lat' dir='ltr'><strong>sin</strong></span> <span class='ocrx_word' id='word_1_42' title='bbox 1111 425 1164 466; x_wconf 91' lang='lat' dir='ltr'><strong>sit</strong></span> <span class='ocrx_word' id='word_1_43' title='bbox 1192 426 1413 481; x_wconf 83' lang='lat' dir='ltr'><strong>quispiam,</strong></span> <span class='ocrx_word' id='word_1_44' title='bbox 1444 427 1516 482; x_wconf 91' lang='lat' dir='ltr'><strong>qui</strong></span> <span class='ocrx_word' id='word_1_45' title='bbox 1554 427 1713 483; x_wconf 86' lang='lat' dir='ltr'><strong>aliquid</strong></span> 
     </span>
     <span class='ocr_line' id='line_1_7' title="bbox 283 481 1713 538; baseline 0.002 -17"><span class='ocrx_word' id='word_1_46' title='bbox 283 481 440 531; x_wconf 82' lang='lat' dir='ltr'><strong>tribuat</strong></span> <span class='ocrx_word' id='word_1_47' title='bbox 469 481 690 537; x_wconf 87' lang='lat' dir='ltr'><strong>voluptati,</strong></span> <span class='ocrx_word' id='word_1_48' title='bbox 720 481 945 536; x_wconf 82' lang='lat' dir='ltr'><strong>diligenter</strong></span> <span class='ocrx_word' id='word_1_49' title='bbox 972 481 1010 522; x_wconf 89' lang='lat' dir='ltr'><strong>ei</strong></span> <span class='ocrx_word' id='word_1_50' title='bbox 1041 481 1267 522; x_wconf 85' lang='lat' dir='ltr'><strong>tenendum</strong></span> <span class='ocrx_word' id='word_1_51' title='bbox 1298 497 1386 523; x_wconf 89' lang='lat' dir='ltr'><strong>esse</strong></span> <span class='ocrx_word' id='word_1_52' title='bbox 1415 484 1506 538; x_wconf 89' lang='lat' dir='ltr'><strong>ejus</strong></span> <span class='ocrx_word' id='word_1_53' title='bbox 1527 483 1713 525; x_wconf 77' lang='lat' dir='ltr'><strong>fruendae</strong></span> 
     </span>
     <span class='ocr_line' id='line_1_8' title="bbox 282 537 1711 593; baseline 0.002 -15"><span class='ocrx_word' id='word_1_54' title='bbox 282 537 682 593; x_wconf 87' lang='lat' dir='ltr'><strong>modum.1taque</strong></span> <span class='ocrx_word' id='word_1_55' title='bbox 712 537 844 578; x_wconf 83' lang='lat' dir='ltr'><strong>victus</strong></span> <span class='ocrx_word' id='word_1_56' title='bbox 873 537 1095 592; x_wconf 87' lang='lat' dir='ltr'><strong>cultusque</strong></span> <span class='ocrx_word' id='word_1_57' title='bbox 1130 538 1317 593; x_wconf 92' lang='lat' dir='ltr'><strong>corporis</strong></span> <span class='ocrx_word' id='word_1_58' title='bbox 1353 538 1407 579; x_wconf 91' lang='lat' dir='ltr'><strong>ad</strong></span> <span class='ocrx_word' id='word_1_59' title='bbox 1443 540 1711 581; x_wconf 82' lang='lat' dir='ltr'><strong>valitudinem</strong></span> 
     </span>
     <span class='ocr_line' id='line_1_9' title="bbox 282 593 1713 651; baseline 0.001 -16"><span class='ocrx_word' id='word_1_60' title='bbox 282 594 528 643; x_wconf 88' lang='lat' dir='ltr'><strong>referantur,</strong></span> <span class='ocrx_word' id='word_1_61' title='bbox 559 604 602 634; x_wconf 90' lang='lat' dir='ltr'><strong>et</strong></span> <span class='ocrx_word' id='word_1_62' title='bbox 630 594 683 634; x_wconf 89' lang='lat' dir='ltr'><strong>ad</strong></span> <span class='ocrx_word' id='word_1_63' title='bbox 714 593 831 644; x_wconf 85' lang='lat' dir='ltr'><strong>vires,</strong></span> <span class='ocrx_word' id='word_1_64' title='bbox 864 608 944 634; x_wconf 88' lang='lat' dir='ltr'><strong>non</strong></span> <span class='ocrx_word' id='word_1_65' title='bbox 975 593 1030 634; x_wconf 92' lang='lat' dir='ltr'><strong>ad</strong></span> <span class='ocrx_word' id='word_1_66' title='bbox 1060 594 1330 650; x_wconf 22' lang='lat' dir='ltr'><strong>Uoluptatem</strong></span> <span class='ocrx_word' id='word_1_67' title='bbox 1361 605 1487 651; x_wconf 90' lang='lat' dir='ltr'><strong>atque</strong></span> <span class='ocrx_word' id='word_1_68' title='bbox 1515 596 1656 647; x_wconf 80' lang='lat' dir='ltr'><strong>etiam,</strong></span> <span class='ocrx_word' id='word_1_69' title='bbox 1679 596 1713 637; x_wconf 90' lang='lat' dir='ltr'><strong>si</strong></span> 
     </span>
     <span class='ocr_line' id='line_1_10' title="bbox 282 649 1712 707; baseline 0.001 -16"><span class='ocrx_word' id='word_1_70' title='bbox 282 650 546 691; x_wconf 86' lang='lat' dir='ltr'><strong>considerare</strong></span> <span class='ocrx_word' id='word_1_71' title='bbox 566 649 772 700; x_wconf 90' lang='lat' dir='ltr'><strong>volumus,</strong></span> <span class='ocrx_word' id='word_1_72' title='bbox 795 665 888 705; x_wconf 86' lang='lat' dir='ltr'><strong>quae</strong></span> <span class='ocrx_word' id='word_1_73' title='bbox 916 651 968 691; x_wconf 89' lang='lat' dir='ltr'><strong>sit</strong></span> <span class='ocrx_word' id='word_1_74' title='bbox 992 650 1033 690; x_wconf 89' lang='lat' dir='ltr'><strong>in</strong></span> <span class='ocrx_word' id='word_1_75' title='bbox 1063 660 1212 691; x_wconf 89' lang='lat' dir='ltr'><strong>natura</strong></span> <span class='ocrx_word' id='word_1_76' title='bbox 1238 650 1483 692; x_wconf 81' lang='lat' dir='ltr'><strong>excellentia</strong></span> <span class='ocrx_word' id='word_1_77' title='bbox 1509 662 1552 694; x_wconf 88' lang='lat' dir='ltr'><strong>et</strong></span> <span class='ocrx_word' id='word_1_78' title='bbox 1572 652 1712 707; x_wconf 87' lang='lat' dir='ltr'><strong>digni-</strong></span> 
     </span>
     <span class='ocr_line' id='line_1_11' title="bbox 283 706 1713 771; baseline 0.001 -24"><span class='ocrx_word' id='word_1_79' title='bbox 283 716 360 757; x_wconf 85' lang='lat' dir='ltr'><strong>tas,</strong></span> <span class='ocrx_word' id='word_1_80' title='bbox 380 707 680 771; x_wconf 84' lang='lat' dir='ltr'><strong>intelligemus,</strong></span> <span class='ocrx_word' id='word_1_81' title='bbox 697 721 823 762; x_wconf 88' lang='lat' dir='ltr'><strong>quam</strong></span> <span class='ocrx_word' id='word_1_82' title='bbox 846 707 899 748; x_wconf 88' lang='lat' dir='ltr'><strong>sit</strong></span> <span class='ocrx_word' id='word_1_83' title='bbox 920 717 1055 762; x_wconf 82' lang='lat' dir='ltr'><strong>turpe,</strong></span> <span class='ocrx_word' id='word_1_84' title='bbox 1073 706 1261 748; x_wconf 84' lang='lat' dir='ltr'><strong>diffluere</strong></span> <span class='ocrx_word' id='word_1_85' title='bbox 1282 708 1458 759; x_wconf 86' lang='lat' dir='ltr'><strong>luxuria,</strong></span> <span class='ocrx_word' id='word_1_86' title='bbox 1475 718 1518 748; x_wconf 86' lang='lat' dir='ltr'><strong>et</strong></span> <span class='ocrx_word' id='word_1_87' title='bbox 1533 708 1713 750; x_wconf 84' lang='lat' dir='ltr'><strong>delicate</strong></span> 
     </span>
     <span class='ocr_line' id='line_1_12' title="bbox 282 763 1713 820; baseline 0.001 -16"><span class='ocrx_word' id='word_1_88' title='bbox 282 779 331 805; x_wconf 90' lang='lat' dir='ltr'><strong>ac</strong></span> <span class='ocrx_word' id='word_1_89' title='bbox 362 763 544 804; x_wconf 88' lang='lat' dir='ltr'><strong>molliter</strong></span> <span class='ocrx_word' id='word_1_90' title='bbox 573 764 731 814; x_wconf 83' lang='lat' dir='ltr'><strong>vivere;</strong></span> <span class='ocrx_word' id='word_1_91' title='bbox 763 778 975 819; x_wconf 87' lang='lat' dir='ltr'><strong>quamque</strong></span> <span class='ocrx_word' id='word_1_92' title='bbox 1004 763 1243 813; x_wconf 90' lang='lat' dir='ltr'><strong>honestum,</strong></span> <span class='ocrx_word' id='word_1_93' title='bbox 1274 778 1413 820; x_wconf 89' lang='lat' dir='ltr'><strong>parce,</strong></span> <span class='ocrx_word' id='word_1_94' title='bbox 1437 765 1713 816; x_wconf 84' lang='lat' dir='ltr'><strong>continenter,</strong></span> 
     </span>
     <span class='ocr_line' id='line_1_13' title="bbox 283 820 607 870; baseline 0 -10"><span class='ocrx_word' id='word_1_95' title='bbox 283 834 434 870; x_wconf 89' lang='lat' dir='ltr'><strong>severe,</strong></span> <span class='ocrx_word' id='word_1_96' title='bbox 457 820 607 861; x_wconf 90' lang='lat' dir='ltr'><strong>sobrie.</strong></span> 
     </span>
    </p>

    <p class='ocr_par' dir='ltr' id='par_1_4' title="bbox 198 875 1715 1270">
     <span class='ocr_line' id='line_1_14' title="bbox 198 875 1712 940; baseline 0.001 -24"><span class='ocrx_word' id='word_1_97' title='bbox 198 892 269 933; x_wconf 74' lang='lat'><strong>107</strong></span> <span class='ocrx_word' id='word_1_98' title='bbox 341 876 669 940; x_wconf 80' lang='lat' dir='ltr'><strong>Intelligendum</strong></span> <span class='ocrx_word' id='word_1_99' title='bbox 696 884 759 917; x_wconf 90' lang='lat' dir='ltr'><strong>est</strong></span> <span class='ocrx_word' id='word_1_100' title='bbox 787 876 928 926; x_wconf 87' lang='lat' dir='ltr'><strong>etiam,</strong></span> <span class='ocrx_word' id='word_1_101' title='bbox 950 875 1113 917; x_wconf 90' lang='lat' dir='ltr'><strong>duabus</strong></span> <span class='ocrx_word' id='word_1_102' title='bbox 1133 877 1252 932; x_wconf 84' lang='lat' dir='ltr'><strong>quasi</strong></span> <span class='ocrx_word' id='word_1_103' title='bbox 1283 892 1359 918; x_wconf 87' lang='lat' dir='ltr'><strong>nos</strong></span> <span class='ocrx_word' id='word_1_104' title='bbox 1379 892 1403 917; x_wconf 87' lang='lat' dir='ltr'><strong>a</strong></span> <span class='ocrx_word' id='word_1_105' title='bbox 1423 885 1570 918; x_wconf 80' lang='lat' dir='ltr'><strong>natura</strong></span> <span class='ocrx_word' id='word_1_106' title='bbox 1590 876 1712 918; x_wconf 86' lang='lat' dir='ltr'><strong>indu-</strong></span> 
     </span>
     <span class='ocr_line' id='line_1_15' title="bbox 282 933 1714 989; baseline 0 -15"><span class='ocrx_word' id='word_1_107' title='bbox 282 942 348 974; x_wconf 89' lang='lat' dir='ltr'><strong>tos</strong></span> <span class='ocrx_word' id='word_1_108' title='bbox 379 947 469 973; x_wconf 88' lang='lat' dir='ltr'><strong>esse</strong></span> <span class='ocrx_word' id='word_1_109' title='bbox 499 933 712 987; x_wconf 87' lang='lat' dir='ltr'><strong>personis:</strong></span> <span class='ocrx_word' id='word_1_110' title='bbox 743 947 920 988; x_wconf 83' lang='lat' dir='ltr'><strong>quarum</strong></span> <span class='ocrx_word' id='word_1_111' title='bbox 951 947 1034 972; x_wconf 86' lang='lat' dir='ltr'><strong>una</strong></span> <span class='ocrx_word' id='word_1_112' title='bbox 1063 941 1128 973; x_wconf 87' lang='lat' dir='ltr'><strong>est</strong></span> <span class='ocrx_word' id='word_1_113' title='bbox 1156 934 1409 983; x_wconf 88' lang='lat' dir='ltr'><strong>communis,</strong></span> <span class='ocrx_word' id='word_1_114' title='bbox 1430 948 1481 974; x_wconf 85' lang='lat' dir='ltr'><strong>ex</strong></span> <span class='ocrx_word' id='word_1_115' title='bbox 1510 948 1577 984; x_wconf 91' lang='lat' dir='ltr'><strong>eo,</strong></span> <span class='ocrx_word' id='word_1_116' title='bbox 1599 933 1714 989; x_wconf 91' lang='lat' dir='ltr'><strong>quod</strong></span> 
     </span>
     <span class='ocr_line' id='line_1_16' title="bbox 281 988 1715 1045; baseline 0.001 -16"><span class='ocrx_word' id='word_1_117' title='bbox 281 1003 427 1029; x_wconf 87' lang='lat' dir='ltr'><strong>omnes</strong></span> <span class='ocrx_word' id='word_1_118' title='bbox 461 988 683 1044; x_wconf 83' lang='lat' dir='ltr'><strong>participes</strong></span> <span class='ocrx_word' id='word_1_119' title='bbox 715 1003 860 1029; x_wconf 88' lang='lat' dir='ltr'><strong>sumus</strong></span> <span class='ocrx_word' id='word_1_120' title='bbox 895 988 1082 1038; x_wconf 84' lang='lat' dir='ltr'><strong>rationiS,</strong></span> <span class='ocrx_word' id='word_1_121' title='bbox 1119 991 1454 1045; x_wconf 85' lang='lat' dir='ltr'><strong>praestantiaeque</strong></span> <span class='ocrx_word' id='word_1_122' title='bbox 1489 989 1595 1045; x_wconf 87' lang='lat' dir='ltr'><strong>ejus,</strong></span> <span class='ocrx_word' id='word_1_123' title='bbox 1631 1005 1715 1045; x_wconf 84' lang='lat' dir='ltr'><strong>qua</strong></span> 
     </span>
     <span class='ocr_line' id='line_1_17' title="bbox 279 1044 1713 1101; baseline 0.001 -16"><span class='ocrx_word' id='word_1_124' title='bbox 279 1044 569 1086; x_wconf 84' lang='lat' dir='ltr'><strong>antecellimus</strong></span> <span class='ocrx_word' id='word_1_125' title='bbox 590 1045 748 1095; x_wconf 85' lang='lat' dir='ltr'><strong>bestiis,</strong></span> <span class='ocrx_word' id='word_1_126' title='bbox 769 1059 794 1085; x_wconf 87' lang='lat' dir='ltr'><strong>a</strong></span> <span class='ocrx_word' id='word_1_127' title='bbox 814 1058 899 1100; x_wconf 87' lang='lat' dir='ltr'><strong>qua</strong></span> <span class='ocrx_word' id='word_1_128' title='bbox 925 1058 1051 1085; x_wconf 89' lang='lat' dir='ltr'><strong>omne</strong></span> <span class='ocrx_word' id='word_1_129' title='bbox 1076 1044 1301 1086; x_wconf 88' lang='lat' dir='ltr'><strong>honestum</strong></span> <span class='ocrx_word' id='word_1_130' title='bbox 1322 1045 1608 1101; x_wconf 87' lang='lat' dir='ltr'><strong>decorumque</strong></span> <span class='ocrx_word' id='word_1_131' title='bbox 1629 1054 1713 1086; x_wconf 91' lang='lat' dir='ltr'><strong>tra-</strong></span> 
     </span>
     <span class='ocr_line' id='line_1_18' title="bbox 279 1100 1712 1157; baseline 0.001 -15"><span class='ocrx_word' id='word_1_132' title='bbox 279 1101 408 1153; x_wconf 87' lang='lat' dir='ltr'><strong>hitur,</strong></span> <span class='ocrx_word' id='word_1_133' title='bbox 432 1109 469 1133; x_wconf 81' lang='lat'><strong>12</strong></span> <span class='ocrx_word' id='word_1_134' title='bbox 489 1116 540 1142; x_wconf 83' lang='lat' dir='ltr'><strong>ex</strong></span> <span class='ocrx_word' id='word_1_135' title='bbox 561 1117 645 1157; x_wconf 93' lang='lat' dir='ltr'><strong>quo</strong></span> <span class='ocrx_word' id='word_1_136' title='bbox 666 1101 772 1142; x_wconf 90' lang='lat' dir='ltr'><strong>ratio</strong></span> <span class='ocrx_word' id='word_1_137' title='bbox 794 1100 1028 1142; x_wconf 90' lang='lat' dir='ltr'><strong>inveniendi</strong></span> <span class='ocrx_word' id='word_1_138' title='bbox 1049 1100 1175 1142; x_wconf 87' lang='lat' dir='ltr'><strong>officii</strong></span> <span class='ocrx_word' id='word_1_139' title='bbox 1196 1102 1455 1157; x_wconf 84' lang='lat' dir='ltr'><strong>exquiritur.</strong></span> <span class='ocrx_word' id='word_1_140' title='bbox 1486 1101 1616 1143; x_wconf 87' lang='lat' dir='ltr'><strong>altera</strong></span> <span class='ocrx_word' id='word_1_141' title='bbox 1638 1116 1712 1143; x_wconf 90' lang='lat' dir='ltr'><strong>au·-</strong></span> 
     </span>
     <span class='ocr_line' id='line_1_19' title="bbox 280 1157 1713 1214; baseline 0 -15"><span class='ocrx_word' id='word_1_142' title='bbox 280 1167 383 1209; x_wconf 89' lang='lat' dir='ltr'><strong>tem,</strong></span> <span class='ocrx_word' id='word_1_143' title='bbox 411 1174 506 1214; x_wconf 86' lang='lat' dir='ltr'><strong>quae</strong></span> <span class='ocrx_word' id='word_1_144' title='bbox 533 1158 699 1214; x_wconf 89' lang='lat' dir='ltr'><strong>proprie</strong></span> <span class='ocrx_word' id='word_1_145' title='bbox 727 1157 903 1213; x_wconf 89' lang='lat' dir='ltr'><strong>singulis</strong></span> <span class='ocrx_word' id='word_1_146' title='bbox 928 1166 992 1198; x_wconf 90' lang='lat' dir='ltr'><strong>est</strong></span> <span class='ocrx_word' id='word_1_147' title='bbox 1019 1157 1190 1199; x_wconf 85' lang='lat' dir='ltr'><strong>tributa.</strong></span> <span class='ocrx_word' id='word_1_148' title='bbox 1250 1159 1313 1199; x_wconf 91' lang='lat' dir='ltr'><strong>Ut</strong></span> <span class='ocrx_word' id='word_1_149' title='bbox 1334 1158 1446 1199; x_wconf 86' lang='lat' dir='ltr'><strong>enim</strong></span> <span class='ocrx_word' id='word_1_150' title='bbox 1466 1158 1506 1199; x_wconf 92' lang='lat' dir='ltr'><strong>in</strong></span> <span class='ocrx_word' id='word_1_151' title='bbox 1525 1159 1713 1214; x_wconf 89' lang='lat' dir='ltr'><strong>corpori-</strong></span> 
     </span>
     <span class='ocr_line' id='line_1_20' title="bbox 281 1214 1715 1270; baseline 0 -14"><span class='ocrx_word' id='word_1_152' title='bbox 281 1216 359 1256; x_wconf 90' lang='lat' dir='ltr'><strong>bus</strong></span> <span class='ocrx_word' id='word_1_153' title='bbox 387 1230 553 1270; x_wconf 86' lang='lat' dir='ltr'><strong>magnae</strong></span> <span class='ocrx_word' id='word_1_154' title='bbox 584 1214 944 1256; x_wconf 88' lang='lat' dir='ltr'><strong>dissimilitudines</strong></span> <span class='ocrx_word' id='word_1_155' title='bbox 973 1222 1070 1255; x_wconf 88' lang='lat' dir='ltr'><strong>sunt</strong></span> <span class='ocrx_word' id='word_1_156' title='bbox 1101 1215 1223 1265; x_wconf 88' lang='lat' dir='ltr'><strong>(alios</strong></span> <span class='ocrx_word' id='word_1_157' title='bbox 1251 1215 1362 1255; x_wconf 87' lang='lat' dir='ltr'><strong>enim</strong></span> <span class='ocrx_word' id='word_1_158' title='bbox 1395 1214 1581 1256; x_wconf 79' lang='lat' dir='ltr'><strong>videmus</strong></span> <span class='ocrx_word' id='word_1_159' title='bbox 1602 1215 1715 1256; x_wconf 87' lang='lat' dir='ltr'><strong>velo-</strong></span> 
     </span>
    </p>

    <p class='ocr_par' dir='ltr' id='par_1_5' title="bbox 172 1269 1713 1383">
     <span class='ocr_line' id='line_1_21' title="bbox 172 1269 1713 1336; baseline 0 -24"><span class='ocrx_word' id='word_1_160' title='bbox 172 1287 206 1316; x_wconf 83' lang='lat' dir='ltr'><strong>p</strong></span> <span class='ocrx_word' id='word_1_161' title='bbox 217 1284 270 1307; x_wconf 76' lang='lat'>‘22-</span> <span class='ocrx_word' id='word_1_162' title='bbox 281 1272 407 1312; x_wconf 87' lang='lat' dir='ltr'><strong>citate</strong></span> <span class='ocrx_word' id='word_1_163' title='bbox 427 1272 480 1312; x_wconf 90' lang='lat' dir='ltr'><strong>ad</strong></span> <span class='ocrx_word' id='word_1_164' title='bbox 499 1286 685 1323; x_wconf 85' lang='lat' dir='ltr'><strong>cursum,</strong></span> <span class='ocrx_word' id='word_1_165' title='bbox 705 1271 809 1312; x_wconf 90' lang='lat' dir='ltr'><strong>alios</strong></span> <span class='ocrx_word' id='word_1_166' title='bbox 829 1270 981 1311; x_wconf 90' lang='lat' dir='ltr'><strong>viribus</strong></span> <span class='ocrx_word' id='word_1_167' title='bbox 1002 1269 1055 1311; x_wconf 88' lang='lat' dir='ltr'><strong>ad</strong></span> <span class='ocrx_word' id='word_1_168' title='bbox 1074 1270 1321 1312; x_wconf 87' lang='lat' dir='ltr'><strong>luctandum</strong></span> <span class='ocrx_word' id='word_1_169' title='bbox 1343 1271 1502 1312; x_wconf 86' lang='lat' dir='ltr'><strong>valere:</strong></span> <span class='ocrx_word' id='word_1_170' title='bbox 1506 1272 1713 1336; x_wconf 76' lang='lat' dir='ltr'><strong>itemque</strong></span> 
     </span>
     <span class='ocr_line' id='line_1_22' title="bbox 242 1326 1713 1392; baseline 0 -23"><span class='ocrx_word' id='word_1_171' title='bbox 242 1327 323 1369; x_wconf 78' lang='lat' dir='ltr'><strong>²·in</strong></span> <span class='ocrx_word' id='word_1_172' title='bbox 347 1329 494 1370; x_wconf 90' lang='lat' dir='ltr'><strong>formis</strong></span> <span class='ocrx_word' id='word_1_173' title='bbox 514 1327 605 1368; x_wconf 88' lang='lat' dir='ltr'><strong>aliis</strong></span> <span class='ocrx_word' id='word_1_174' title='bbox 633 1327 913 1392; x_wconf 81' lang='lat' dir='ltr'><strong>dignitatem</strong></span> <span class='ocrx_word' id='word_1_175' title='bbox 904 1341 1050 1377; x_wconf 82' lang='lat' dir='ltr'><strong>inesse,</strong></span> <span class='ocrx_word' id='word_1_176' title='bbox 1072 1326 1162 1368; x_wconf 85' lang='lat' dir='ltr'><strong>aliis</strong></span> <span class='ocrx_word' id='word_1_177' title='bbox 1181 1329 1458 1392; x_wconf 89' lang='lat' dir='ltr'><strong>venustatem)</strong></span> <span class='ocrx_word' id='word_1_178' title='bbox 1483 1328 1541 1368; x_wconf 91' lang='lat' dir='ltr'><strong>sic</strong></span> <span class='ocrx_word' id='word_1_179' title='bbox 1562 1343 1604 1368; x_wconf 88' lang='lat' dir='ltr'><strong>m</strong></span> <span class='ocrx_word' id='word_1_180' title='bbox 1624 1329 1713 1369; x_wconf 87' lang='lat' dir='ltr'><strong>ani-</strong></span> 
     </span>
    </p>

    <p class='ocr_par' dir='ltr' id='par_1_6' title="bbox 197 1383 1717 2290">
     <span class='ocr_line' id='line_1_23' title="bbox 197 1383 1714 1440; baseline 0.005 -21"><span class='ocrx_word' id='word_1_181' title='bbox 197 1389 269 1422; x_wconf 86' lang='lat'><strong>108</strong></span> <span class='ocrx_word' id='word_1_182' title='bbox 282 1385 362 1426; x_wconf 87' lang='lat' dir='ltr'><strong>mis</strong></span> <span class='ocrx_word' id='word_1_183' title='bbox 391 1385 595 1427; x_wconf 85' lang='lat' dir='ltr'><strong>exsistunt</strong></span> <span class='ocrx_word' id='word_1_184' title='bbox 623 1385 750 1426; x_wconf 88' lang='lat' dir='ltr'><strong>etiam</strong></span> <span class='ocrx_word' id='word_1_185' title='bbox 780 1399 960 1440; x_wconf 86' lang='lat' dir='ltr'><strong>maJores</strong></span> <span class='ocrx_word' id='word_1_186' title='bbox 988 1383 1216 1425; x_wconf 79' lang='lat' dir='ltr'><strong>varietates.</strong></span> <span class='ocrx_word' id='word_1_187' title='bbox 1278 1386 1377 1425; x_wconf 82' lang='lat' dir='ltr'><strong>E1at</strong></span> <span class='ocrx_word' id='word_1_188' title='bbox 1406 1385 1447 1425; x_wconf 88' lang='lat' dir='ltr'><strong>in</strong></span> <span class='ocrx_word' id='word_1_189' title='bbox 1468 1386 1517 1425; x_wconf 89' lang='lat' dir='ltr'><strong>L.</strong></span> <span class='ocrx_word' id='word_1_190' title='bbox 1543 1384 1714 1435; x_wconf 87' lang='lat' dir='ltr'><strong>Crasso,</strong></span> 
     </span>
     <span class='ocr_line' id='line_1_24' title="bbox 281 1440 1715 1506; baseline -0.001 -23"><span class='ocrx_word' id='word_1_191' title='bbox 281 1451 324 1483; x_wconf 90' lang='lat' dir='ltr'><strong>et</strong></span> <span class='ocrx_word' id='word_1_192' title='bbox 354 1442 395 1483; x_wconf 93' lang='lat' dir='ltr'><strong>in</strong></span> <span class='ocrx_word' id='word_1_193' title='bbox 425 1443 475 1482; x_wconf 90' lang='lat' dir='ltr'><strong>L.</strong></span> <span class='ocrx_word' id='word_1_194' title='bbox 498 1440 691 1506; x_wconf 91' lang='lat' dir='ltr'><strong>Philippo</strong></span> <span class='ocrx_word' id='word_1_195' title='bbox 721 1441 880 1482; x_wconf 90' lang='lat' dir='ltr'><strong>multus</strong></span> <span class='ocrx_word' id='word_1_196' title='bbox 908 1441 1052 1495; x_wconf 82' lang='lat' dir='ltr'><strong>lepos:</strong></span> <span class='ocrx_word' id='word_1_197' title='bbox 1082 1440 1217 1496; x_wconf 85' lang='lat' dir='ltr'><strong>major</strong></span> <span class='ocrx_word' id='word_1_198' title='bbox 1247 1442 1388 1492; x_wconf 88' lang='lat' dir='ltr'><strong>etiam,</strong></span> <span class='ocrx_word' id='word_1_199' title='bbox 1411 1441 1632 1496; x_wconf 85' lang='lat' dir='ltr'><strong>magisque</strong></span> <span class='ocrx_word' id='word_1_200' title='bbox 1663 1441 1715 1482; x_wconf 89' lang='lat' dir='ltr'><strong>de</strong></span> 
     </span>
     <span class='ocr_line' id='line_1_25' title="bbox 282 1496 1712 1553; baseline -0.001 -13"><span class='ocrx_word' id='word_1_201' title='bbox 282 1498 501 1549; x_wconf 88' lang='lat' dir='ltr'><strong>industria,</strong></span> <span class='ocrx_word' id='word_1_202' title='bbox 532 1497 574 1538; x_wconf 90' lang='lat' dir='ltr'><strong>in</strong></span> <span class='ocrx_word' id='word_1_203' title='bbox 599 1498 650 1538; x_wconf 89' lang='lat' dir='ltr'><strong>C.</strong></span> <span class='ocrx_word' id='word_1_204' title='bbox 675 1497 857 1548; x_wconf 86' lang='lat' dir='ltr'><strong>Caesare,</strong></span> <span class='ocrx_word' id='word_1_205' title='bbox 879 1498 928 1537; x_wconf 91' lang='lat' dir='ltr'><strong>L.</strong></span> <span class='ocrx_word' id='word_1_206' title='bbox 951 1499 995 1538; x_wconf 90' lang='lat' dir='ltr'><strong>F.</strong></span> <span class='ocrx_word' id='word_1_207' title='bbox 1053 1497 1115 1538; x_wconf 85' lang='lat' dir='ltr'><strong>At</strong></span> <span class='ocrx_word' id='word_1_208' title='bbox 1133 1496 1279 1538; x_wconf 84' lang='lat' dir='ltr'><strong>iisdem</strong></span> <span class='ocrx_word' id='word_1_209' title='bbox 1302 1497 1592 1553; x_wconf 84' lang='lat' dir='ltr'><strong>temporibus</strong></span> <span class='ocrx_word' id='word_1_210' title='bbox 1582 1513 1624 1538; x_wconf 82' lang='lat' dir='ltr'><strong>in</strong></span> <span class='ocrx_word' id='word_1_211' title='bbox 1644 1498 1712 1538; x_wconf 91' lang='lat' dir='ltr'><strong>M.</strong></span> 
     </span>
     <span class='ocr_line' id='line_1_26' title="bbox 282 1553 1715 1609; baseline -0.001 -13"><span class='ocrx_word' id='word_1_212' title='bbox 282 1556 456 1603; x_wconf 88' lang='lat' dir='ltr'><strong>Scauro,</strong></span> <span class='ocrx_word' id='word_1_213' title='bbox 479 1564 522 1595; x_wconf 86' lang='lat' dir='ltr'><strong>et</strong></span> <span class='ocrx_word' id='word_1_214' title='bbox 542 1555 584 1595; x_wconf 90' lang='lat' dir='ltr'><strong>in</strong></span> <span class='ocrx_word' id='word_1_215' title='bbox 612 1556 678 1596; x_wconf 89' lang='grc' dir='ltr'><strong>Μ.</strong></span> <span class='ocrx_word' id='word_1_216' title='bbox 698 1556 842 1595; x_wconf 91' lang='lat' dir='ltr'><strong>Druso</strong></span> <span class='ocrx_word' id='word_1_217' title='bbox 874 1553 1157 1604; x_wconf 87' lang='lat' dir='ltr'><strong>adolescente,</strong></span> <span class='ocrx_word' id='word_1_218' title='bbox 1177 1553 1398 1609; x_wconf 89' lang='lat' dir='ltr'><strong>singularis</strong></span> <span class='ocrx_word' id='word_1_219' title='bbox 1423 1555 1643 1594; x_wconf 83' lang='lat' dir='ltr'><strong>severitas.</strong></span> <span class='ocrx_word' id='word_1_220' title='bbox 1673 1554 1715 1594; x_wconf 91' lang='lat' dir='ltr'><strong>in</strong></span> 
     </span>
     <span class='ocr_line' id='line_1_27' title="bbox 285 1610 1715 1666; baseline -0.001 -14"><span class='ocrx_word' id='word_1_221' title='bbox 285 1611 336 1652; x_wconf 88' lang='lat' dir='ltr'><strong>C.</strong></span> <span class='ocrx_word' id='word_1_222' title='bbox 359 1611 492 1652; x_wconf 84' lang='lat' dir='ltr'><strong>Laelio</strong></span> <span class='ocrx_word' id='word_1_223' title='bbox 523 1611 657 1652; x_wconf 87' lang='lat' dir='ltr'><strong>multa</strong></span> <span class='ocrx_word' id='word_1_224' title='bbox 687 1610 900 1651; x_wconf 88' lang='lat' dir='ltr'><strong>hilaritas·</strong></span> <span class='ocrx_word' id='word_1_225' title='bbox 933 1611 974 1650; x_wconf 94' lang='lat' dir='ltr'><strong>in</strong></span> <span class='ocrx_word' id='word_1_226' title='bbox 1004 1610 1094 1666; x_wconf 90' lang='lat' dir='ltr'><strong>ejus</strong></span> <span class='ocrx_word' id='word_1_227' title='bbox 1120 1610 1313 1652; x_wconf 84' lang='lat' dir='ltr'><strong>familiari</strong></span> <span class='ocrx_word' id='word_1_228' title='bbox 1341 1611 1537 1665; x_wconf 86' lang='lat' dir='ltr'><strong>Scipione</strong></span> <span class='ocrx_word' id='word_1_229' title='bbox 1570 1618 1605 1642; x_wconf 76' lang='lat'><strong>¹³</strong></span> <span class='ocrx_word' id='word_1_230' title='bbox 1623 1624 1715 1651; x_wconf 87' lang='lat' dir='ltr'><strong>am-</strong></span> 
     </span>
     <span class='ocr_line' id='line_1_28' title="bbox 281 1667 1715 1723; baseline 0 -14"><span class='ocrx_word' id='word_1_231' title='bbox 281 1668 387 1710; x_wconf 92' lang='lat' dir='ltr'><strong>bitio</strong></span> <span class='ocrx_word' id='word_1_232' title='bbox 406 1669 556 1723; x_wconf 86' lang='lat' dir='ltr'><strong>major,</strong></span> <span class='ocrx_word' id='word_1_233' title='bbox 576 1667 658 1708; x_wconf 87' lang='lat' dir='ltr'><strong>vita</strong></span> <span class='ocrx_word' id='word_1_234' title='bbox 677 1667 847 1708; x_wconf 85' lang='lat' dir='ltr'><strong>tristior.</strong></span> <span class='ocrx_word' id='word_1_235' title='bbox 905 1667 974 1707; x_wconf 91' lang='lat' dir='ltr'><strong>De</strong></span> <span class='ocrx_word' id='word_1_236' title='bbox 996 1667 1156 1707; x_wconf 89' lang='lat' dir='ltr'><strong>Graecis</strong></span> <span class='ocrx_word' id='word_1_237' title='bbox 1175 1675 1332 1717; x_wconf 85' lang='lat' dir='ltr'><strong>autem,</strong></span> <span class='ocrx_word' id='word_1_238' title='bbox 1353 1667 1519 1707; x_wconf 89' lang='lat' dir='ltr'><strong>dulcem</strong></span> <span class='ocrx_word' id='word_1_239' title='bbox 1541 1675 1584 1708; x_wconf 90' lang='lat' dir='ltr'><strong>et</strong></span> <span class='ocrx_word' id='word_1_240' title='bbox 1603 1667 1715 1709; x_wconf 90' lang='lat' dir='ltr'><strong>face-</strong></span> 
     </span>
     <span class='ocr_line' id='line_1_29' title="bbox 280 1723 1716 1792; baseline -0.001 -26"><span class='ocrx_word' id='word_1_241' title='bbox 280 1734 390 1776; x_wconf 87' lang='lat' dir='ltr'><strong>tum,</strong></span> <span class='ocrx_word' id='word_1_242' title='bbox 411 1724 630 1792; x_wconf 85' lang='lat' dir='ltr'><strong>festivique</strong></span> <span class='ocrx_word' id='word_1_243' title='bbox 660 1723 877 1774; x_wconf 86' lang='lat' dir='ltr'><strong>sermonis,</strong></span> <span class='ocrx_word' id='word_1_244' title='bbox 907 1732 1032 1787; x_wconf 82' lang='lat' dir='ltr'><strong>atque</strong></span> <span class='ocrx_word' id='word_1_245' title='bbox 1062 1724 1103 1763; x_wconf 89' lang='lat' dir='ltr'><strong>in</strong></span> <span class='ocrx_word' id='word_1_246' title='bbox 1134 1724 1249 1764; x_wconf 89' lang='lat' dir='ltr'><strong>omni</strong></span> <span class='ocrx_word' id='word_1_247' title='bbox 1279 1724 1466 1764; x_wconf 88' lang='lat' dir='ltr'><strong>oratione</strong></span> <span class='ocrx_word' id='word_1_248' title='bbox 1495 1723 1716 1765; x_wconf 76' lang='lat' dir='ltr'><strong>simulato-</strong></span> 
     </span>
     <span class='ocr_line' id='line_1_30' title="bbox 282 1779 1715 1837; baseline -0.001 -14"><span class='ocrx_word' id='word_1_249' title='bbox 282 1796 386 1831; x_wconf 88' lang='lat' dir='ltr'><strong>rem,</strong></span> <span class='ocrx_word' id='word_1_250' title='bbox 407 1795 533 1837; x_wconf 91' lang='lat' dir='ltr'><strong>quem</strong></span> <span class='ocrx_word' id='word_1_251' title='bbox 557 1780 679 1836; x_wconf 75' lang='grc' dir='ltr'><em>εἴρωνα</em></span> <span class='ocrx_word' id='word_1_252' title='bbox 700 1779 838 1821; x_wconf 84' lang='lat' dir='ltr'><strong>Graeci</strong></span> <span class='ocrx_word' id='word_1_253' title='bbox 859 1781 1190 1830; x_wconf 80' lang='lat' dir='ltr'><strong>nominaverunt,</strong></span> <span class='ocrx_word' id='word_1_254' title='bbox 1213 1780 1428 1821; x_wconf 87' lang='lat' dir='ltr'><strong>Socratem</strong></span> <span class='ocrx_word' id='word_1_255' title='bbox 1450 1781 1715 1835; x_wconf 81' lang='lat' dir='ltr'><strong>accepimusz</strong></span> 
     </span>
     <span class='ocr_line' id='line_1_31' title="bbox 282 1835 1714 1893; baseline -0.001 -13"><span class='ocrx_word' id='word_1_256' title='bbox 282 1847 444 1889; x_wconf 87' lang='lat' dir='ltr'><strong>contra,</strong></span> <span class='ocrx_word' id='word_1_257' title='bbox 466 1837 750 1893; x_wconf 87' lang='lat' dir='ltr'><strong>Pythagoram</strong></span> <span class='ocrx_word' id='word_1_258' title='bbox 773 1846 817 1878; x_wconf 90' lang='lat' dir='ltr'><strong>et</strong></span> <span class='ocrx_word' id='word_1_259' title='bbox 849 1835 1048 1877; x_wconf 89' lang='lat' dir='ltr'><strong>Periclem</strong></span> <span class='ocrx_word' id='word_1_260' title='bbox 1070 1851 1279 1877; x_wconf 84' lang='lat' dir='ltr'><strong>summam</strong></span> <span class='ocrx_word' id='word_1_261' title='bbox 1300 1836 1595 1878; x_wconf 86' lang='lat' dir='ltr'><strong>auctoritatem</strong></span> <span class='ocrx_word' id='word_1_262' title='bbox 1613 1851 1714 1878; x_wconf 91' lang='lat' dir='ltr'><strong>con-</strong></span> 
     </span>
     <span class='ocr_line' id='line_1_32' title="bbox 282 1893 1714 1946; baseline -0.002 -10"><span class='ocrx_word' id='word_1_263' title='bbox 282 1903 464 1946; x_wconf 85' lang='lat' dir='ltr'><strong>secutos,</strong></span> <span class='ocrx_word' id='word_1_264' title='bbox 486 1894 575 1935; x_wconf 90' lang='lat' dir='ltr'><strong>sine</strong></span> <span class='ocrx_word' id='word_1_265' title='bbox 595 1893 682 1935; x_wconf 87' lang='lat' dir='ltr'><strong>ulla</strong></span> <span class='ocrx_word' id='word_1_266' title='bbox 700 1893 921 1934; x_wconf 88' lang='lat' dir='ltr'><strong>hilaritate.</strong></span> <span class='ocrx_word' id='word_1_267' title='bbox 983 1893 1198 1934; x_wconf 87' lang='lat' dir='ltr'><strong>Callidum</strong></span> <span class='ocrx_word' id='word_1_268' title='bbox 1224 1893 1522 1944; x_wconf 88' lang='lat' dir='ltr'><strong>Hannibalem,</strong></span> <span class='ocrx_word' id='word_1_269' title='bbox 1542 1908 1590 1934; x_wconf 84' lang='lat' dir='ltr'><strong>ex</strong></span> <span class='ocrx_word' id='word_1_270' title='bbox 1621 1894 1714 1933; x_wconf 75' lang='grc' dir='ltr'>Ροε-</span> 
     </span>
     <span class='ocr_line' id='line_1_33' title="bbox 283 1949 1716 2005; baseline -0.002 -12"><span class='ocrx_word' id='word_1_271' title='bbox 283 1966 460 2002; x_wconf 86' lang='lat' dir='ltr'><strong>norum3</strong></span> <span class='ocrx_word' id='word_1_272' title='bbox 492 1965 542 1992; x_wconf 88' lang='lat' dir='ltr'><strong>ex</strong></span> <span class='ocrx_word' id='word_1_273' title='bbox 570 1950 723 1992; x_wconf 87' lang='lat' dir='ltr'><strong>nostris</strong></span> <span class='ocrx_word' id='word_1_274' title='bbox 752 1949 930 1991; x_wconf 92' lang='lat' dir='ltr'><strong>ducibus</strong></span> <span class='ocrx_word' id='word_1_275' title='bbox 961 1950 1018 1991; x_wconf 78' lang='lat' dir='ltr'><strong>Q.</strong></span> <span class='ocrx_word' id='word_1_276' title='bbox 1039 1950 1280 1991; x_wconf 83' lang='lat' dir='ltr'><strong>Maximum</strong></span> <span class='ocrx_word' id='word_1_277' title='bbox 1300 1950 1563 2005; x_wconf 90' lang='lat' dir='ltr'><strong>accepimus·</strong></span> <span class='ocrx_word' id='word_1_278' title='bbox 1594 1949 1716 1990; x_wconf 85' lang='lat' dir='ltr'><strong>facile</strong></span> 
     </span>
     <span class='ocr_line' id='line_1_34' title="bbox 281 2005 1716 2062; baseline -0.002 -13"><span class='ocrx_word' id='word_1_279' title='bbox 281 2008 433 2058; x_wconf 88' lang='lat' dir='ltr'><strong>celare,</strong></span> <span class='ocrx_word' id='word_1_280' title='bbox 467 2016 621 2058; x_wconf 87' lang='lat' dir='ltr'><strong>tacere,</strong></span> <span class='ocrx_word' id='word_1_281' title='bbox 660 2006 937 2056; x_wconf 87' lang='lat' dir='ltr'><strong>dissimulare,</strong></span> <span class='ocrx_word' id='word_1_282' title='bbox 972 2006 1173 2057; x_wconf 87' lang='lat' dir='ltr'><strong>insidiari,</strong></span> <span class='ocrx_word' id='word_1_283' title='bbox 1214 2006 1490 2062; x_wconf 79' lang='lat' dir='ltr'><strong>14praecipere</strong></span> <span class='ocrx_word' id='word_1_284' title='bbox 1527 2005 1716 2047; x_wconf 88' lang='lat' dir='ltr'><strong>hostium</strong></span> 
     </span>
     <span class='ocr_line' id='line_1_35' title="bbox 282 2062 1716 2127; baseline -0.001 -21"><span class='ocrx_word' id='word_1_285' title='bbox 282 2065 471 2106; x_wconf 88' lang='lat' dir='ltr'><strong>consilia.</strong></span> <span class='ocrx_word' id='word_1_286' title='bbox 530 2065 579 2105; x_wconf 91' lang='lat' dir='ltr'><strong>In</strong></span> <span class='ocrx_word' id='word_1_287' title='bbox 609 2078 694 2127; x_wconf 90' lang='lat' dir='ltr'><strong>quo</strong></span> <span class='ocrx_word' id='word_1_288' title='bbox 716 2077 870 2119; x_wconf 89' lang='lat' dir='ltr'><strong>genere</strong></span> <span class='ocrx_word' id='word_1_289' title='bbox 891 2062 1032 2103; x_wconf 87' lang='lat' dir='ltr'><strong>Graeci</strong></span> <span class='ocrx_word' id='word_1_290' title='bbox 1059 2062 1405 2112; x_wconf 88' lang='lat' dir='ltr'><strong>&#39;lhemistoclem,</strong></span> <span class='ocrx_word' id='word_1_291' title='bbox 1426 2072 1469 2103; x_wconf 92' lang='lat' dir='ltr'><strong>et</strong></span> <span class='ocrx_word' id='word_1_292' title='bbox 1498 2062 1716 2104; x_wconf 86' lang='lat' dir='ltr'><strong>Pheraeum</strong></span> 
     </span>
     <span class='ocr_line' id='line_1_36' title="bbox 281 2118 1715 2174; baseline -0.001 -12"><span class='ocrx_word' id='word_1_293' title='bbox 281 2121 482 2162; x_wconf 84' lang='lat' dir='ltr'><strong>Jasonem</strong></span> <span class='ocrx_word' id='word_1_294' title='bbox 503 2120 652 2162; x_wconf 91' lang='lat' dir='ltr'><strong>ceteris</strong></span> <span class='ocrx_word' id='word_1_295' title='bbox 673 2127 947 2174; x_wconf 87' lang='lat' dir='ltr'><strong>anteponunt.</strong></span> <span class='ocrx_word' id='word_1_296' title='bbox 971 2128 1006 2152; x_wconf 80' lang='lat'><strong>1⁵</strong></span> <span class='ocrx_word' id='word_1_297' title='bbox 1022 2118 1063 2159; x_wconf 94' lang='lat' dir='ltr'><strong>in</strong></span> <span class='ocrx_word' id='word_1_298' title='bbox 1082 2119 1311 2174; x_wconf 89' lang='lat' dir='ltr'><strong>primisque</strong></span> <span class='ocrx_word' id='word_1_299' title='bbox 1331 2127 1545 2160; x_wconf 88' lang='lat' dir='ltr'><strong>versutum</strong></span> <span class='ocrx_word' id='word_1_300' title='bbox 1566 2128 1610 2160; x_wconf 92' lang='lat' dir='ltr'><strong>et</strong></span> <span class='ocrx_word' id='word_1_301' title='bbox 1629 2119 1715 2160; x_wconf 91' lang='lat' dir='ltr'><strong>cal-</strong></span> 
     </span>
     <span class='ocr_line' id='line_1_37' title="bbox 282 2174 1717 2231; baseline -0.001 -12"><span class='ocrx_word' id='word_1_302' title='bbox 282 2177 416 2219; x_wconf 91' lang='lat' dir='ltr'><strong>lidum</strong></span> <span class='ocrx_word' id='word_1_303' title='bbox 442 2178 601 2219; x_wconf 85' lang='lat' dir='ltr'><strong>factum</strong></span> <span class='ocrx_word' id='word_1_304' title='bbox 630 2176 821 2218; x_wconf 89' lang='lat' dir='ltr'><strong>Solonis:</strong></span> <span class='ocrx_word' id='word_1_305' title='bbox 853 2175 940 2231; x_wconf 92' lang='lat' dir='ltr'><strong>qui,</strong></span> <span class='ocrx_word' id='word_1_306' title='bbox 969 2190 1053 2231; x_wconf 90' lang='lat' dir='ltr'><strong>quo</strong></span> <span class='ocrx_word' id='word_1_307' title='bbox 1079 2183 1120 2216; x_wconf 86' lang='lat' dir='ltr'><strong>et</strong></span> <span class='ocrx_word' id='word_1_308' title='bbox 1149 2175 1280 2216; x_wconf 88' lang='lat' dir='ltr'><strong>tutior</strong></span> <span class='ocrx_word' id='word_1_309' title='bbox 1309 2176 1391 2217; x_wconf 87' lang='lat' dir='ltr'><strong>vita</strong></span> <span class='ocrx_word' id='word_1_310' title='bbox 1416 2174 1508 2231; x_wconf 90' lang='lat' dir='ltr'><strong>ejus</strong></span> <span class='ocrx_word' id='word_1_311' title='bbox 1528 2184 1652 2226; x_wconf 90' lang='lat' dir='ltr'><strong>esset,</strong></span> <span class='ocrx_word' id='word_1_312' title='bbox 1673 2186 1717 2218; x_wconf 89' lang='lat' dir='ltr'><strong>et</strong></span> 
     </span>
     <span class='ocr_line' id='line_1_38' title="bbox 285 2231 1715 2290; baseline -0.001 -14"><span class='ocrx_word' id='word_1_313' title='bbox 285 2240 323 2266; x_wconf 81' lang='lat'><strong>1⁶</strong></span> <span class='ocrx_word' id='word_1_314' title='bbox 341 2233 435 2290; x_wconf 86' lang='lat' dir='ltr'><strong>plus</strong></span> <span class='ocrx_word' id='word_1_315' title='bbox 455 2233 684 2290; x_wconf 90' lang='lat' dir='ltr'><strong>aliquando</strong></span> <span class='ocrx_word' id='word_1_316' title='bbox 714 2232 955 2288; x_wconf 79' lang='lat' dir='ltr'><strong>reipublicae</strong></span> <span class='ocrx_word' id='word_1_317' title='bbox 985 2231 1218 2287; x_wconf 81' lang='lat' dir='ltr'><strong>prodesset,</strong></span> <span class='ocrx_word' id='word_1_318' title='bbox 1249 2232 1387 2273; x_wconf 83' lang='lat' dir='ltr'><strong>furere</strong></span> <span class='ocrx_word' id='word_1_319' title='bbox 1417 2246 1460 2273; x_wconf 89' lang='lat' dir='ltr'><strong>se</strong></span> <span class='ocrx_word' id='word_1_320' title='bbox 1490 2231 1715 2274; x_wconf 87' lang='lat' dir='ltr'><strong>simulavit.</strong></span> 
     </span>
    </p>
   </div>
   <div class='ocr_carea' id='block_1_3' title="bbox 279 2345 1721 2863">
    <p class='ocr_par' dir='ltr' id='par_1_7' title="bbox 279 2345 1720 2647">
     <span class='ocr_line' id='line_1_39' title="bbox 327 2345 1720 2391; baseline -0.001 -13"><span class='ocrx_word' id='word_1_321' title='bbox 327 2356 364 2380; x_wconf 73' lang='lat'><strong>12</strong></span> <span class='ocrx_word' id='word_1_322' title='bbox 389 2359 426 2378; x_wconf 82' lang='lat' dir='ltr'><strong>ex</strong></span> <span class='ocrx_word' id='word_1_323' title='bbox 441 2360 494 2391; x_wconf 79' lang='lat' dir='ltr'><strong>quo</strong></span> <span class='ocrx_word' id='word_1_324' title='bbox 511 2347 584 2376; x_wconf 78' lang='lat' dir='ltr'><strong>rztio</strong></span> <span class='ocrx_word' id='word_1_325' title='bbox 601 2346 767 2376; x_wconf 81' lang='lat' dir='ltr'><strong>inveniendi</strong></span> <span class='ocrx_word' id='word_1_326' title='bbox 779 2345 864 2386; x_wconf 76' lang='lat' dir='ltr'><strong>cffcii</strong></span> <span class='ocrx_word' id='word_1_327' title='bbox 878 2346 979 2388; x_wconf 80' lang='lat' dir='ltr'><strong>exqui-</strong></span> <span class='ocrx_word' id='word_1_328' title='bbox 1023 2353 1114 2386; x_wconf 91' lang='lat' dir='ltr'><strong>ptum</strong></span> <span class='ocrx_word' id='word_1_329' title='bbox 1143 2346 1236 2376; x_wconf 88' lang='lat' dir='ltr'><strong>bene.</strong></span> <span class='ocrx_word' id='word_1_330' title='bbox 1283 2347 1434 2377; x_wconf 76' lang='lat' dir='ltr'><strong>Gruterus</strong></span> <span class='ocrx_word' id='word_1_331' title='bbox 1457 2347 1590 2377; x_wconf 84' lang='lat' dir='ltr'><strong>servavit</strong></span> <span class='ocrx_word' id='word_1_332' title='bbox 1609 2347 1720 2386; x_wconf 82' lang='lat' dir='ltr'><strong>praeri—</strong></span> 
     </span>
     <span class='ocr_line' id='line_1_40' title="bbox 282 2389 1720 2433; baseline -0.001 -11"><span class='ocrx_word' id='word_1_333' title='bbox 282 2391 375 2433; x_wconf 78' lang='lat' dir='ltr'><strong>ritur]</strong></span> <span class='ocrx_word' id='word_1_334' title='bbox 395 2392 446 2422; x_wconf 90' lang='lat' dir='ltr'><strong>Sic</strong></span> <span class='ocrx_word' id='word_1_335' title='bbox 461 2392 586 2422; x_wconf 86' lang='lat' dir='ltr'><strong>dudum</strong></span> <span class='ocrx_word' id='word_1_336' title='bbox 602 2391 707 2430; x_wconf 87' lang='lat' dir='ltr'><strong>putavi</strong></span> <span class='ocrx_word' id='word_1_337' title='bbox 728 2389 899 2429; x_wconf 85' lang='lat' dir='ltr'><strong>legendum</strong></span> <span class='ocrx_word' id='word_1_338' title='bbox 913 2400 979 2419; x_wconf 81' lang='lat' dir='ltr'><strong>csse</strong></span> <span class='ocrx_word' id='word_1_339' title='bbox 1017 2397 1098 2428; x_wconf 80' lang='lat' dir='ltr'><strong>pere.</strong></span> <span class='ocrx_word' id='word_1_340' title='bbox 1129 2390 1290 2429; x_wconf 62' lang='lat' dir='ltr'><strong>praecipere</strong></span> <span class='ocrx_word' id='word_1_341' title='bbox 1318 2389 1436 2418; x_wconf 79' lang='lat' dir='ltr'><strong>consilia</strong></span> <span class='ocrx_word' id='word_1_342' title='bbox 1465 2396 1511 2419; x_wconf 86' lang='lat' dir='ltr'><strong>est</strong></span> <span class='ocrx_word' id='word_1_343' title='bbox 1548 2390 1720 2430; x_wconf 86' lang='lat' dir='ltr'><strong>intelligere</strong></span> 
     </span>
     <span class='ocr_line' id='line_1_41' title="bbox 280 2433 1720 2476; baseline -0.001 -11"><span class='ocrx_word' id='word_1_344' title='bbox 280 2445 326 2466; x_wconf 87' lang='lat' dir='ltr'><strong>sc.</strong></span> <span class='ocrx_word' id='word_1_345' title='bbox 343 2446 396 2476; x_wconf 86' lang='lat' dir='ltr'><strong>quo</strong></span> <span class='ocrx_word' id='word_1_346' title='bbox 411 2445 467 2474; x_wconf 90' lang='lat' dir='ltr'><strong>pro</strong></span> <span class='ocrx_word' id='word_1_347' title='bbox 482 2446 550 2476; x_wconf 80' lang='lat' dir='ltr'><strong>qua.</strong></span> <span class='ocrx_word' id='word_1_348' title='bbox 562 2443 639 2463; x_wconf 86' lang='lat' dir='ltr'><strong>nam</strong></span> <span class='ocrx_word' id='word_1_349' title='bbox 656 2434 716 2463; x_wconf 90' lang='lat' dir='ltr'><strong>hoc</strong></span> <span class='ocrx_word' id='word_1_350' title='bbox 733 2433 846 2472; x_wconf 86' lang='lat' dir='ltr'><strong>pendet</strong></span> <span class='ocrx_word' id='word_1_351' title='bbox 859 2442 924 2462; x_wconf 92' lang='lat' dir='ltr'><strong>non</strong></span> <span class='ocrx_word' id='word_1_352' title='bbox 940 2433 979 2462; x_wconf 78' lang='lat' dir='ltr'><strong>ab</strong></span> <span class='ocrx_word' id='word_1_353' title='bbox 1023 2439 1107 2468; x_wconf 84' lang='lat' dir='ltr'><strong>ante,</strong></span> <span class='ocrx_word' id='word_1_354' title='bbox 1124 2442 1221 2471; x_wconf 87' lang='lat' dir='ltr'><strong>quam</strong></span> <span class='ocrx_word' id='word_1_355' title='bbox 1244 2433 1281 2462; x_wconf 88' lang='lat' dir='ltr'><strong>ad</strong></span> <span class='ocrx_word' id='word_1_356' title='bbox 1304 2434 1463 2462; x_wconf 86' lang='lat' dir='ltr'><strong>actionem</strong></span> <span class='ocrx_word' id='word_1_357' title='bbox 1487 2433 1618 2470; x_wconf 83' lang='lat' dir='ltr'><strong>venerit,</strong></span> <span class='ocrx_word' id='word_1_358' title='bbox 1634 2439 1670 2463; x_wconf 91' lang='lat' dir='ltr'><strong>ut</strong></span> <span class='ocrx_word' id='word_1_359' title='bbox 1684 2442 1720 2463; x_wconf 86' lang='lat' dir='ltr'><strong>ea</strong></span> 
     </span>
     <span class='ocr_line' id='line_1_42' title="bbox 282 2475 1514 2518; baseline -0.002 -9"><span class='ocrx_word' id='word_1_360' title='bbox 282 2478 461 2518; x_wconf 85' lang='lat' dir='ltr'><strong>praestantia</strong></span> <span class='ocrx_word' id='word_1_361' title='bbox 476 2484 596 2508; x_wconf 81' lang='lat' dir='ltr'><strong>naturae</strong></span> <span class='ocrx_word' id='word_1_362' title='bbox 613 2484 739 2511; x_wconf 75' lang='lat' dir='ltr'><strong>nostrae,</strong></span> <span class='ocrx_word' id='word_1_363' title='bbox 755 2476 808 2505; x_wconf 87' lang='lat' dir='ltr'><strong>sed</strong></span> <span class='ocrx_word' id='word_1_364' title='bbox 824 2486 863 2505; x_wconf 81' lang='lat' dir='ltr'><strong>ex</strong></span> <span class='ocrx_word' id='word_1_365' title='bbox 880 2476 980 2505; x_wconf 84' lang='lat' dir='ltr'><strong>hone·</strong></span> <span class='ocrx_word' id='word_1_366' title='bbox 1024 2475 1173 2514; x_wconf 86' lang='lat' dir='ltr'><strong>impedire</strong></span> <span class='ocrx_word' id='word_1_367' title='bbox 1189 2483 1243 2506; x_wconf 88' lang='lat' dir='ltr'><strong>aut</strong></span> <span class='ocrx_word' id='word_1_368' title='bbox 1258 2476 1393 2514; x_wconf 79' lang='lat' dir='ltr'><strong>eflugere</strong></span> <span class='ocrx_word' id='word_1_369' title='bbox 1407 2477 1514 2514; x_wconf 76' lang='lat' dir='ltr'><strong>possis.</strong></span> 
     </span>
     <span class='ocr_line' id='line_1_43' title="bbox 279 2518 1719 2560; baseline -0.003 -8"><span class='ocrx_word' id='word_1_370' title='bbox 279 2529 329 2552; x_wconf 80' lang='lat' dir='ltr'><strong>sto</strong></span> <span class='ocrx_word' id='word_1_371' title='bbox 343 2528 374 2551; x_wconf 88' lang='lat' dir='ltr'><strong>et</strong></span> <span class='ocrx_word' id='word_1_372' title='bbox 389 2522 515 2556; x_wconf 88' lang='lat' dir='ltr'><strong>decoro,</strong></span> <span class='ocrx_word' id='word_1_373' title='bbox 532 2527 567 2550; x_wconf 90' lang='lat' dir='ltr'><strong>ut</strong></span> <span class='ocrx_word' id='word_1_374' title='bbox 581 2520 642 2549; x_wconf 90' lang='lat' dir='ltr'><strong>hoc</strong></span> <span class='ocrx_word' id='word_1_375' title='bbox 659 2520 698 2549; x_wconf 84' lang='lat' dir='ltr'><strong>ab</strong></span> <span class='ocrx_word' id='word_1_376' title='bbox 719 2519 772 2548; x_wconf 88' lang='lat' dir='ltr'><strong>illa</strong></span> <span class='ocrx_word' id='word_1_377' title='bbox 789 2519 978 2557; x_wconf 79' lang='lat' dir='ltr'><strong>praestantia.</strong></span> <span class='ocrx_word' id='word_1_378' title='bbox 1068 2526 1103 2548; x_wconf 83' lang='lat'><strong>15</strong></span> <span class='ocrx_word' id='word_1_379' title='bbox 1130 2518 1158 2546; x_wconf 85' lang='lat' dir='ltr'><strong>in</strong></span> <span class='ocrx_word' id='word_1_380' title='bbox 1170 2519 1330 2559; x_wconf 76' lang='lat' dir='ltr'><strong>primisque</strong></span> <span class='ocrx_word' id='word_1_381' title='bbox 1352 2525 1500 2548; x_wconf 64' lang='lat' dir='ltr'><strong>ursatum</strong></span> <span class='ocrx_word' id='word_1_382' title='bbox 1524 2526 1551 2548; x_wconf 84' lang='lat' dir='ltr'><strong>et</strong></span> <span class='ocrx_word' id='word_1_383' title='bbox 1565 2531 1590 2550; x_wconf 87' lang='lat' dir='ltr'><strong>c.</strong></span> <span class='ocrx_word' id='word_1_384' title='bbox 1597 2519 1719 2560; x_wconf 79' lang='lat' dir='ltr'><strong>factum</strong></span> 
     </span>
     <span class='ocr_line' id='line_1_44' title="bbox 281 2559 1720 2601; baseline -0.002 -6"><span class='ocrx_word' id='word_1_385' title='bbox 281 2565 320 2595; x_wconf 86' lang='lat' dir='ltr'><strong>In</strong></span> <span class='ocrx_word' id='word_1_386' title='bbox 334 2572 459 2594; x_wconf 79' lang='lat' dir='ltr'><strong>textum</strong></span> <span class='ocrx_word' id='word_1_387' title='bbox 475 2563 692 2601; x_wconf 80' lang='lat' dir='ltr'><strong>conjecturam</strong></span> <span class='ocrx_word' id='word_1_388' title='bbox 709 2568 845 2592; x_wconf 75' lang='lat' dir='ltr'><strong>veterem</strong></span> <span class='ocrx_word' id='word_1_389' title='bbox 864 2562 976 2601; x_wconf 81' lang='lat' dir='ltr'><strong>recepi,</strong></span> <span class='ocrx_word' id='word_1_390' title='bbox 1022 2561 1059 2591; x_wconf 67' lang='lat' dir='ltr'><strong>So</strong></span> <span class='ocrx_word' id='word_1_391' title='bbox 1048 2559 1149 2601; x_wconf 77' lang='lat' dir='ltr'><strong>lonis]</strong></span> <span class='ocrx_word' id='word_1_392' title='bbox 1184 2562 1327 2600; x_wconf 78' lang='lat' dir='ltr'><strong>intellige</strong></span> <span class='ocrx_word' id='word_1_393' title='bbox 1357 2561 1500 2600; x_wconf 87' lang='lat' dir='ltr'><strong>laudant,</strong></span> <span class='ocrx_word' id='word_1_394' title='bbox 1536 2562 1720 2601; x_wconf 60' lang='lat' dir='ltr'><strong>pradicant,</strong></span> 
     </span>
     <span class='ocr_line' id='line_1_45' title="bbox 280 2605 1259 2647; baseline -0.008 -8"><span class='ocrx_word' id='word_1_395' title='bbox 280 2608 357 2647; x_wconf 86' lang='lat' dir='ltr'><strong>quia</strong></span> <span class='ocrx_word' id='word_1_396' title='bbox 371 2607 465 2647; x_wconf 86' lang='lat' dir='ltr'><strong>plane</strong></span> <span class='ocrx_word' id='word_1_397' title='bbox 480 2607 525 2637; x_wconf 88' lang='lat' dir='ltr'><strong>sic</strong></span> <span class='ocrx_word' id='word_1_398' title='bbox 540 2606 634 2645; x_wconf 87' lang='lat' dir='ltr'><strong>reperi</strong></span> <span class='ocrx_word' id='word_1_399' title='bbox 651 2606 683 2635; x_wconf 89' lang='lat' dir='ltr'><strong>in</strong></span> <span class='ocrx_word' id='word_1_400' title='bbox 701 2605 764 2635; x_wconf 79' lang='lat' dir='ltr'><strong>Ms-</strong></span> <span class='ocrx_word' id='word_1_401' title='bbox 781 2605 878 2634; x_wconf 87' lang='lat' dir='ltr'><strong>Goth.</strong></span> <span class='ocrx_word' id='word_1_402' title='bbox 1022 2614 1060 2634; x_wconf 82' lang='lat' dir='ltr'><strong>ex</strong></span> <span class='ocrx_word' id='word_1_403' title='bbox 1077 2610 1211 2643; x_wconf 66' lang='lat' dir='ltr'><strong>ann-pom</strong></span> <span class='ocrx_word' id='word_1_404' title='bbox 1204 2611 1259 2634; x_wconf 66' lang='lat' dir='ltr'><strong>rr.</strong></span> 
     </span>
    </p>

    <p class='ocr_par' dir='ltr' id='par_1_8' title="bbox 280 2645 1721 2731">
     <span class='ocr_line' id='line_1_46' title="bbox 328 2645 1721 2689; baseline -0.003 -10"><span class='ocrx_word' id='word_1_405' title='bbox 328 2657 364 2681; x_wconf 83' lang='lat'><strong>13</strong></span> <span class='ocrx_word' id='word_1_406' title='bbox 388 2649 506 2679; x_wconf 81' lang='lat' dir='ltr'><strong>ambitio</strong></span> <span class='ocrx_word' id='word_1_407' title='bbox 519 2647 623 2689; x_wconf 79' lang='lat' dir='ltr'><strong>major]</strong></span> <span class='ocrx_word' id='word_1_408' title='bbox 643 2649 696 2679; x_wconf 86' lang='lat' dir='ltr'><strong>Est</strong></span> <span class='ocrx_word' id='word_1_409' title='bbox 711 2650 743 2678; x_wconf 86' lang='lat' dir='ltr'><strong>h.</strong></span> <span class='ocrx_word' id='word_1_410' title='bbox 758 2648 778 2677; x_wconf 92' lang='lat' dir='ltr'><strong>l.</strong></span> <span class='ocrx_word' id='word_1_411' title='bbox 795 2657 867 2687; x_wconf 87' lang='lat' dir='ltr'><strong>quae</strong></span> <span class='ocrx_word' id='word_1_412' title='bbox 878 2656 978 2686; x_wconf 79' lang='lat' dir='ltr'><strong>graece</strong></span> <span class='ocrx_word' id='word_1_413' title='bbox 1067 2652 1105 2676; x_wconf 73' lang='lat'><strong>16</strong></span> <span class='ocrx_word' id='word_1_414' title='bbox 1123 2646 1188 2685; x_wconf 81' lang='lat' dir='ltr'><strong>plus</strong></span> <span class='ocrx_word' id='word_1_415' title='bbox 1205 2659 1232 2676; x_wconf 81' lang='grc' dir='ltr'><em>α</em></span> <span class='ocrx_word' id='word_1_416' title='bbox 1237 2647 1360 2688; x_wconf 81' lang='lat' dir='ltr'><strong>iquando</strong></span> <span class='ocrx_word' id='word_1_417' title='bbox 1377 2648 1449 2687; x_wconf 83' lang='lat' dir='ltr'><strong>reip.</strong></span> <span class='ocrx_word' id='word_1_418' title='bbox 1460 2645 1616 2686; x_wconf 63' lang='lat' dir='ltr'><strong>prodesset}</strong></span> <span class='ocrx_word' id='word_1_419' title='bbox 1639 2647 1721 2677; x_wconf 93' lang='lat' dir='ltr'><strong>Vul-</strong></span> 
     </span>
     <span class='ocr_line' id='line_1_47' title="bbox 280 2689 1720 2731; baseline -0.001 -8"><span class='ocrx_word' id='word_1_420' title='bbox 280 2693 414 2731; x_wconf 72' lang='grc' dir='ltr'><strong><em>ημνὸτης</em></strong></span> <span class='ocrx_word' id='word_1_421' title='bbox 429 2693 553 2724; x_wconf 86' lang='lat' dir='ltr'><strong>dicitur.</strong></span> <span class='ocrx_word' id='word_1_422' title='bbox 1022 2697 1132 2729; x_wconf 81' lang='lat' dir='ltr'><strong>gatum</strong></span> <span class='ocrx_word' id='word_1_423' title='bbox 1147 2689 1296 2731; x_wconf 74' lang='lat' dir='ltr'><strong>aliquanto</strong></span> <span class='ocrx_word' id='word_1_424' title='bbox 1309 2691 1388 2719; x_wconf 87' lang='lat' dir='ltr'><strong>mihi</strong></span> <span class='ocrx_word' id='word_1_425' title='bbox 1401 2700 1524 2729; x_wconf 86' lang='lat' dir='ltr'><strong>semper</strong></span> <span class='ocrx_word' id='word_1_426' title='bbox 1535 2697 1720 2729; x_wconf 79' lang='lat' dir='ltr'><strong>suspectum</strong></span> 
     </span>
    </p>

    <p class='ocr_par' dir='ltr' id='par_1_9' title="bbox 280 2731 1720 2863">
     <span class='ocr_line' id='line_1_48' title="bbox 327 2731 1720 2775; baseline -0.004 -8"><span class='ocrx_word' id='word_1_427' title='bbox 327 2744 364 2767; x_wconf 79' lang='lat'><strong>14</strong></span> <span class='ocrx_word' id='word_1_428' title='bbox 382 2736 542 2775; x_wconf 83' lang='lat' dir='ltr'><strong>praecipere</strong></span> <span class='ocrx_word' id='word_1_429' title='bbox 568 2734 637 2765; x_wconf 82' lang='lat' dir='ltr'><strong>host.</strong></span> <span class='ocrx_word' id='word_1_430' title='bbox 665 2731 796 2771; x_wconf 83' lang='lat' dir='ltr'><strong>consilia]</strong></span> <span class='ocrx_word' id='word_1_431' title='bbox 821 2733 873 2763; x_wconf 89' lang='lat' dir='ltr'><strong>Sic</strong></span> <span class='ocrx_word' id='word_1_432' title='bbox 898 2734 979 2765; x_wconf 87' lang='lat' dir='ltr'><strong>bene</strong></span> <span class='ocrx_word' id='word_1_433' title='bbox 1024 2733 1083 2763; x_wconf 84' lang='lat' dir='ltr'><strong>fuit</strong></span> <span class='ocrx_word' id='word_1_434' title='bbox 1098 2744 1105 2762; x_wconf 73' lang='grc' dir='ltr'><strong><em>τ</em></strong></span> <span class='ocrx_word' id='word_1_435' title='bbox 1130 2742 1188 2762; x_wconf 86' lang='lat' dir='ltr'><strong>nce</strong></span> <span class='ocrx_word' id='word_1_436' title='bbox 1204 2733 1290 2763; x_wconf 89' lang='lat' dir='ltr'><strong>enim</strong></span> <span class='ocrx_word' id='word_1_437' title='bbox 1307 2740 1353 2763; x_wconf 87' lang='lat' dir='ltr'><strong>est</strong></span> <span class='ocrx_word' id='word_1_438' title='bbox 1367 2740 1476 2772; x_wconf 80' lang='lat' dir='ltr'><strong>aptum</strong></span> <span class='ocrx_word' id='word_1_439' title='bbox 1494 2734 1569 2763; x_wconf 87' lang='lat' dir='ltr'><strong>huic</strong></span> <span class='ocrx_word' id='word_1_440' title='bbox 1586 2734 1656 2763; x_wconf 89' lang='lat' dir='ltr'><strong>loco</strong></span> <span class='ocrx_word' id='word_1_441' title='bbox 1671 2742 1720 2764; x_wconf 91' lang='lat' dir='ltr'><strong>sa-</strong></span> 
     </span>
     <span class='ocr_line' id='line_1_49' title="bbox 280 2775 1718 2816; baseline -0.001 -8"><span class='ocrx_word' id='word_1_442' title='bbox 280 2780 366 2809; x_wconf 82' lang='lat' dir='ltr'><strong>idem</strong></span> <span class='ocrx_word' id='word_1_443' title='bbox 391 2779 454 2810; x_wconf 89' lang='lat' dir='ltr'><strong>Ms.</strong></span> <span class='ocrx_word' id='word_1_444' title='bbox 470 2779 650 2815; x_wconf 69' lang='lat' dir='ltr'><strong>Gofflanus,</strong></span> <span class='ocrx_word' id='word_1_445' title='bbox 667 2784 703 2807; x_wconf 90' lang='lat' dir='ltr'><strong>ut</strong></span> <span class='ocrx_word' id='word_1_446' title='bbox 723 2776 776 2806; x_wconf 83' lang='lat' dir='ltr'><strong>alii</strong></span> <span class='ocrx_word' id='word_1_447' title='bbox 799 2778 883 2816; x_wconf 80' lang='lat' dir='ltr'><strong>apud</strong></span> <span class='ocrx_word' id='word_1_448' title='bbox 899 2776 980 2806; x_wconf 86' lang='lat' dir='ltr'><strong>Lan·</strong></span> <span class='ocrx_word' id='word_1_449' title='bbox 1023 2776 1074 2813; x_wconf 87' lang='lat' dir='ltr'><strong>tis,</strong></span> <span class='ocrx_word' id='word_1_450' title='bbox 1105 2777 1291 2815; x_wconf 84' lang='lat' dir='ltr'><strong>conjecique</strong></span> <span class='ocrx_word' id='word_1_451' title='bbox 1324 2775 1498 2816; x_wconf 79' lang='lat' dir='ltr'><strong>aliquando:</strong></span> <span class='ocrx_word' id='word_1_452' title='bbox 1537 2777 1566 2806; x_wconf 88' lang='lat' dir='ltr'><strong>id</strong></span> <span class='ocrx_word' id='word_1_453' title='bbox 1603 2776 1718 2816; x_wconf 71' lang='lat' dir='ltr'><strong>recepi,</strong></span> 
     </span>
     <span class='ocr_line' id='line_1_50' title="bbox 280 2819 1558 2863; baseline -0.002 -11"><span class='ocrx_word' id='word_1_454' title='bbox 280 2822 383 2861; x_wconf 81' lang='lat' dir='ltr'><strong>gium.</strong></span> <span class='ocrx_word' id='word_1_455' title='bbox 399 2823 495 2863; x_wconf 88' lang='lat' dir='ltr'><strong>idque</strong></span> <span class='ocrx_word' id='word_1_456' title='bbox 510 2828 540 2852; x_wconf 84' lang='lat' dir='ltr'><strong>et</strong></span> <span class='ocrx_word' id='word_1_457' title='bbox 553 2822 592 2853; x_wconf 87' lang='lat' dir='ltr'><strong>ab</strong></span> <span class='ocrx_word' id='word_1_458' title='bbox 604 2822 667 2852; x_wconf 87' lang='lat' dir='ltr'><strong>hoc</strong></span> <span class='ocrx_word' id='word_1_459' title='bbox 682 2826 713 2851; x_wconf 80' lang='lat' dir='ltr'><strong>et</strong></span> <span class='ocrx_word' id='word_1_460' title='bbox 724 2830 743 2850; x_wconf 88' lang='lat' dir='ltr'><strong>a</strong></span> <span class='ocrx_word' id='word_1_461' title='bbox 756 2819 881 2850; x_wconf 79' lang='lat' dir='ltr'><strong>Graevio</strong></span> <span class='ocrx_word' id='word_1_462' title='bbox 896 2829 980 2850; x_wconf 82' lang='lat' dir='ltr'><strong>rece·</strong></span> <span class='ocrx_word' id='word_1_463' title='bbox 1022 2819 1098 2860; x_wconf 82' lang='lat' dir='ltr'><strong>quia</strong></span> <span class='ocrx_word' id='word_1_464' title='bbox 1112 2819 1145 2849; x_wconf 86' lang='lat' dir='ltr'><strong>in</strong></span> <span class='ocrx_word' id='word_1_465' title='bbox 1161 2820 1270 2851; x_wconf 86' lang='lat' dir='ltr'><strong>codice</strong></span> <span class='ocrx_word' id='word_1_466' title='bbox 1285 2819 1434 2851; x_wconf 87' lang='lat' dir='ltr'><strong>Gothano</strong></span> <span class='ocrx_word' id='word_1_467' title='bbox 1449 2821 1558 2859; x_wconf 82' lang='lat' dir='ltr'><strong>reperi.</strong></span> 
     </span>
    </p>
   </div>
  </div>
 </body>
</html>
