1844 3202
639 96 1040 137 FRAGMENTA.
1479 100 1558 142 959

398 313 474 364 M.
515 313 796 366 TULLII
839 309 1282 364 CICERONIS

504 442 1171 514 FRAGMENTA

217 593 724 656 LIBRORUM
780 592 1455 656 INCERTORUM.

114 845 322 918 LACT.
346 876 467 918 lib.3.
490 889 576 932 cap.
599 879 676 930 16.)
722 878 936 933 Recteque
965 877 1129 919 Tullius
1158 876 1297 918 civiles
1326 877 1449 929 viros,
1477 879 1549 934 qui

114 933 416 988 rempublicam
437 934 688 988 gubernant,
711 934 782 990 qui
803 935 926 975 urbes
946 944 1018 975 aut
1040 948 1166 974 novas
1187 933 1460 985 constituant,
1476 945 1550 976 aut

114 990 362 1031 constitutas
391 990 589 1045 aequitate
615 999 825 1041 tueantur,
847 991 918 1046 qui
950 991 1127 1031 salutem
1159 998 1201 1031 et
1228 990 1463 1031 libertatem
1487 992 1547 1032 ci-

112 1045 240 1095 vium,
260 1046 323 1086 vel
354 1046 472 1086 bonis
501 1047 678 1102 legibus,
701 1047 763 1087 vel
790 1047 1028 1087 salubribus
1058 1046 1258 1097 consiliis,
1286 1046 1350 1086 vel
1373 1047 1547 1102 judiciis

110 1102 307 1156 gravibus
329 1115 588 1153 conservent,
609 1103 887 1158 philosophiae
909 1103 1154 1144 doctoribus
1175 1103 1357 1157 praefert.

168 1158 226 1197 D.
248 1158 376 1198 AUG.
402 1158 469 1198 lib.
486 1168 526 1199 4.
549 1167 687 1200 contra
708 1159 958 1215 Pelagium.)
1000 1161 1159 1200 Eorum
1182 1160 1337 1214 quippe
1358 1158 1547 1213 opinioni

111 1214 404 1255 convenienter
434 1215 492 1255 ait
523 1215 706 1270 quodam
735 1216 830 1256 loco
860 1215 1039 1266 Tullius,
1071 1230 1114 1256 se
1144 1229 1228 1256 non
1258 1225 1407 1270 putare
1433 1214 1545 1256 idem

109 1283 200 1310 esse
221 1270 375 1320 arietis,
397 1280 438 1311 et
459 1272 501 1311 P.
523 1271 710 1312 Africani
731 1272 906 1312 bonum.

168 1326 225 1366 D.
246 1327 375 1367 Auo.
404 1327 502 1367 Vita
525 1327 672 1379 beata.)
714 1328 784 1368 An
817 1341 926 1376 vero,
948 1326 1061 1381 quod
1092 1327 1151 1368 ait
1183 1327 1362 1377 Tullius,
1384 1327 1546 1368 multo·-

109 1395 204 1421 rum
221 1382 263 1422 in
281 1384 398 1424 terris
415 1383 670 1438 praediorum
685 1383 879 1424 dominos
896 1383 1042 1423 divites
1059 1383 1335 1438 appellamm,
1350 1383 1545 1425 omnium

108 1437 310 1479 virtutum
332 1453 593 1494 possessores
616 1454 819 1494 pauperes
840 1439 1180 1479 nominabimus?

166 1494 223 1535 D.
245 1495 374 1536 AUG.
395 1496 510 1550 epist.
532 1498 580 1548 1.)
625 1498 649 1522 ᾖ
671 1495 835 1536 nullum
856 1509 1060 1549 umquam
1080 1494 1268 1545 verbum,
1289 1494 1405 1550 quod
1425 1509 1544 1535 revo-

107 1563 200 1591 care
222 1551 358 1602 vellet,
379 1552 530 1592 emisit.

163 1607 382 1662 Qun-CT.
404 1607 474 1648 lib.
497 1618 556 1647 11.
579 1617 666 1662 cap.
690 1613 741 1661 1.)
777 1611 801 1635 ⁷*
820 1623 905 1648 non
924 1622 967 1648 se
989 1607 1031 1648 id
1053 1607 1205 1662 egisse,
1223 1613 1271 1647 ut
1292 1607 1350 1647 ita
1369 1606 1542 1659 diceret,

108 1677 193 1718 quo
214 1663 343 1703 modo
365 1677 407 1703 se
427 1663 603 1718 quilibet
624 1678 748 1719 posse
773 1663 1021 1713 consideret,
1045 1663 1117 1704 sed
1141 1678 1226 1718 quo
1248 1662 1379 1703 modo
1400 1678 1542 1705 nemo.

164 1719 316 1760 HIER.
348 1729 467 1774 super
494 1718 601 1760 obitu
635 1719 880 1772 Paullinoe.)
933 1719 1078 1760 Caesar
1107 1733 1204 1760 cum
1237 1718 1442 1774 quosdam
1474 1734 1544 1761 or-

107 1789 204 1815 nare
225 1774 370 1825 voluit,
392 1789 476 1816 non
498 1775 591 1816 illos
613 1775 861 1826 honestavit,
881 1776 952 1816 sed
969 1785 1214 1816 ornamenta
1233 1775 1324 1830 ipsa
1344 1776 1541 1830 turpavit.

163 1832 313 1872 LACT.
337 1831 406 1872 lib.
425 1842 462 1872 5.
487 1841 573 1885 cap.
599 1833 673 1882 11.)
717 1832 882 1872 Etenim
916 1832 950 1872 si
979 1846 1103 1872 nemo
1134 1841 1211 1881 est,
1233 1831 1306 1886 qui
1326 1846 1410 1871 non
1433 1833 1542 1873 mori

106 1887 239 1938 malit,
262 1902 390 1943 quam
422 1887 607 1928 converti
642 1888 684 1928 in
717 1888 902 1944 aliquam
935 1889 1113 1944 figuram
1151 1888 1310 1936 bestiae,
1349 1889 1540 1942 quamvis

105 1952 290 1984 mentem
318 1943 503 1984 hominis
532 1943 767 1994 habiturus,
787 1954 946 2000 quanto
972 1954 1035 1986 est
1063 1944 1269 1994 miserius,
1291 1944 1334 1983 in
1355 1943 1540 1984 hominis

106 2000 241 2055 figura
278 2000 419 2041 animo
458 2014 548 2041 esse
586 2000 757 2041 efferato
781 2002 793 2041 ?
842 2001 946 2041 mihi
991 2000 1163 2056 quidem
1203 2008 1321 2041 tanto
1361 1999 1541 2052 videtur,

105 2065 264 2112 quanto
285 2066 347 2097 est
368 2056 648 2111 praestabilior
667 2057 831 2098 animus
853 2072 1044 2112 corpore.

160 2114 312 2154 LAeT.
335 2112 403 2153 lib.
421 2122 459 2161 7.
480 2123 567 2168 cap.
592 2114 667 2165 11.)
701 2113 823 2154 Nihil
839 2127 944 2164 esse,
961 2113 1076 2169 quod
1097 2113 1150 2154 sit
1172 2111 1365 2153 manibus
1386 2111 1541 2152 huma-

104 2168 166 2209 nis
186 2168 439 2219 laboratum,
461 2169 577 2225 quod
607 2183 690 2210 non
721 2170 946 2225 aliquando
975 2169 1030 2210 ad
1061 2169 1278 2210 interitum
1309 2167 1540 2223 redigatur,

102 2223 166 2265 vel
187 2224 340 2280 injuria
359 2225 595 2276 hominum,
613 2225 678 2266 vel
699 2225 788 2281 ipsa
804 2226 1058 2268 confectrice
1078 2225 1271 2266 omnium
1292 2233 1512 2265 vetustate.

161 2282 380 2337 QUINCT.
404 2281 432 2322 l.
453 2292 489 2323 S.
520 2297 551 2322 c.
571 2282 626 2334 6.)
672 2283 771 2323 Hoc
801 2282 931 2323 miror
960 2282 1087 2331 enim,
1119 2294 1371 2337 querorque,
1401 2279 1540 2320 homi-

104 2351 203 2378 nem
235 2338 293 2378 ita
327 2338 581 2392 pessundare
619 2338 755 2379 verbis
787 2338 966 2380 alterum
1004 2338 1122 2389 velle,
1153 2346 1200 2378 ut
1235 2337 1361 2378 etiam
1392 2350 1541 2377 navem

104 2393 301 2449 perforet,
325 2394 365 2434 in
385 2409 468 2450 qua
487 2395 576 2450 ipse
598 2394 779 2449 naviget.

164 2450 302 2490 PLIN.
323 2448 352 2490 l.
367 2459 406 2491 3.
429 2466 461 2491 c.
478 2455 535 2503 2.)
581 2452 785 2492 Faeminas
807 2464 954 2491 omnes
979 2449 1069 2491 visu
1094 2463 1260 2499 nocere,
1279 2464 1372 2504 quae
1400 2447 1540 2503 dupli-

105 2520 175 2547 ces
195 2505 375 2561 pupillas
396 2506 569 2548 habent.

163 2563 301 2603 PLIN.
324 2561 352 2602 l.
370 2571 408 2611 7.
432 2577 464 2603 c.
482 2573 520 2604 5.
541 2573 586 2605 et
606 2562 634 2604 l.
656 2573 716 2605 13.
737 2578 771 2604 c.
787 2565 845 2615 3.)
879 2562 1064 2604 Meliora
1084 2570 1302 2618 unguenta
1320 2570 1432 2611 sunt,
1447 2575 1540 2616 quae

106 2628 277 2668 terram,
300 2632 427 2673 quam
450 2634 544 2674 quae
565 2634 737 2661 crocum
760 2619 940 2674 sapiunt.
1240 2616 1247 2621 “

163 2675 277 2716 Idem
297 2673 325 2714 l.
347 2685 405 2724 17.
429 2689 460 2716 e.
479 2676 562 2728 21.)
597 2677 647 2716 In
668 2690 774 2717 nuce
797 2675 1000 2716 inclusam
1021 2673 1153 2714 Iliada
1175 2673 1355 2713 Homeri
1375 2686 1542 2712 carmen

89 2731 147 2772 ‘in
169 2731 417 2772 membrana
438 2731 654 2786 scriptum.

163 2786 354 2843 Ibidem.)
403 2787 546 2830 Fuisse
565 2788 635 2843 qui
653 2787 899 2846 praevideret
922 2799 1091 2827 cxxxv
1115 2786 1181 2827 M.
1198 2798 1412 2840 passuum.

818 2856 838 2895 3
865 2856 894 2883 α
921 2855 942 2884 2
