1844 3202
621 105 800 145 LIBER
836 104 1117 144 TERTIUS.
1485 114 1558 154 781

118 223 262 258 nutem
285 216 456 268 fatetur,
474 213 703 256 honestum
728 227 812 254 non
842 226 932 253 esse
962 212 1004 253 in
1033 227 1082 253 ea
1107 213 1286 265 civitate,
1308 229 1400 271 quae
1430 215 1562 258 libera

120 272 217 324 fuit,
237 288 416 330 quaeque
436 286 525 314 esse
545 270 711 320 debeat,
733 283 923 325 regnare,
944 269 1018 310 sed
1048 270 1103 323 ei,
1121 270 1195 325 qui
1222 270 1263 310 id
1294 273 1429 313 faeere
1460 288 1559 327 pos-

117 329 189 378 sit,
210 344 299 370 esse
322 329 452 371 utile:
482 342 565 383 qua
589 327 701 368 hunc
731 325 1045 382 objurgatione,
1067 328 1140 367 aut
1168 341 1254 382 quo
1281 328 1424 382 potius
1453 344 1554 370 con-

115 386 226 426 vicio
258 401 282 426 a
317 394 435 426 tanto
466 399 605 425 errore
639 397 769 424 coner
802 383 1008 423 avellere?
1045 382 1188 424 Potest
1224 385 1351 434 enim,
1382 385 1440 425 dii
1476 386 1555 426 im-

115 442 344 482 mortales!
383 440 581 496 cuiquam
622 454 712 481 esse
750 439 851 480 utile
881 439 1162 480 foedissimum
1201 449 1243 480 et
1281 441 1553 482 taeterrimum

112 497 387 553 parricidium
421 497 593 553 patriae:
623 497 812 552 quamvis
841 496 889 546 is,
920 497 992 552 qui
1028 510 1072 537 sc
1107 510 1160 537 eo
1188 497 1473 548 obstrinxerit,
1501 500 1555 538 ab

110 554 322 608 oppressis
349 554 507 595 civibus
540 555 690 594 Parens
718 553 989 594 nominetur?
1023 553 1261 595 Honestate
1292 554 1422 610 igitur
1453 554 1552 595 diri-

109 609 255 664 genda
286 610 446 651 utilitas
481 619 558 663 est,
585 620 628 651 et
660 610 834 666 quidem
864 611 937 660 sic,
958 619 1006 650 ut
1037 609 1128 650 haec
1159 610 1260 661 duo,
1287 612 1414 652 verbo
1444 611 1554 652 inter

110 680 157 706 se
185 666 435 722 discrepare,
463 682 507 708 re
540 676 683 708 tamen
718 682 849 708 unum
883 681 1030 707 sonare
1054 666 1286 708 videantur.
1345 669 1449 709 Non
1475 667 1550 708 ha-
1566 678 1616 711 84

109 721 209 774 beo,
231 723 284 764 ad
306 724 422 779 vulgi
443 724 702 779 opinionem,
724 738 818 778 quae
846 723 984 779 major
1014 722 1188 774 utilitas,
1211 738 1337 779 quam
1369 739 1549 780 regnan-

98 777 171 833 di,
193 793 284 820 esse
313 780 476 835 possit:
509 780 613 821 nihil
642 789 790 821 contra
812 779 1003 821 inutilius
1023 779 1076 833 ei,
1096 781 1168 835 qui
1197 781 1240 821 id
1270 781 1426 837 injuste
1445 796 1550 822 con-

107 843 278 877 secutus
308 837 376 888 sit,
406 837 586 888 invenio,
614 845 652 868 10
668 851 764 878 cum
797 836 851 878 ad
871 836 1086 878 veritatem
1117 838 1229 893 coepi
1259 853 1452 879 revocare
1483 854 1549 880 ra-

107 891 283 945 tionem,
309 902 485 949 possunt
514 894 627 934 enim
657 893 854 949 cuiquam
886 908 976 934 esse
1005 894 1145 943 utiles,
1173 909 1367 950 angores,
1394 895 1592 936 sollici-1³-
1607 900 1655 927 09-

110 948 295 1001 tudines,
317 950 455 991 diurni
480 959 524 991 et
548 950 744 992 nocturni
775 959 930 1002 metuS,
950 950 1033 991 vita
1059 950 1305 992 insidiarum
1335 952 1548 1008 periculo-
1561 948 1590 969 ³·

103 1018 286 1062 rumque
308 1007 550 1062 plenissima
569 1009 581 1048 ?

211 1087 327 1124 Multi
342 1087 449 1138 iniqui
466 1094 570 1138 atque
586 1086 734 1133 infideles
753 1099 864 1136 regno,
880 1087 982 1138 pauci
1000 1096 1078 1123 sunt
1099 1086 1184 1131 boni,

101 1160 241 1217 inquit
261 1161 434 1202 Accius.
495 1162 557 1202 At
576 1161 642 1202 cui
667 1162 827 1215 regno?
863 1160 980 1216 quod
1009 1169 1042 1191 11
1062 1176 1086 1201 a
1111 1161 1292 1202 Tantalo
1319 1171 1362 1204 et
1393 1163 1547 1220 Pelope

101 1217 335 1273 proditum,
358 1217 456 1273 jure
477 1217 763 1258 obtinebatur.
824 1225 861 1248 ¹2
880 1218 995 1258 Nam
1028 1228 1186 1273 quanto
1218 1218 1359 1273 plures
1389 1220 1427 1260 ei
1457 1221 1548 1276 regi

100 1283 243 1330 putas,
270 1274 343 1330 qui
373 1274 558 1315 exercitu
588 1273 736 1329 populi
766 1273 948 1315 Romani
978 1275 1184 1330 populum
1215 1275 1354 1331 ipsum
1389 1277 1546 1318 Roma-

102 1345 207 1372 num
229 1330 520 1386 oppressisset,
537 1330 834 1385 civitatemque
854 1345 939 1371 uon
958 1332 1089 1372 modo
1111 1332 1302 1382 liberam,
1324 1333 1394 1373 sed
1416 1334 1545 1375 etiam

100 1387 303 1444 gentibus
329 1388 620 1443 imperantem,
642 1387 794 1428 servire
816 1387 894 1428 sibi
923 1387 1167 1443 coegisset?
1203 1389 1332 1429 Hunc
1364 1400 1410 1430 tu
1440 1406 1543 1446 quas
1559 1403 1606 1434 85

100 1444 371 1486 conscientiae
397 1444 512 1485 labes
537 1444 579 1485 in
610 1444 752 1485 animo
782 1458 926 1485 censes
957 1444 1154 1486 habuisse
1178 1446 1190 1485 ἓ
1225 1460 1318 1500 quae
1340 1446 1540 1489 vulnera?

102 1500 240 1557 Cujus
272 1510 414 1542 autem
438 1501 521 1542 vita
547 1499 625 1556 ipsi
660 1509 803 1555 potest
833 1501 947 1542 utilis
977 1515 1082 1552 esse,
1108 1516 1206 1542 cum
1245 1501 1336 1558 ejus
1367 1503 1460 1543 vitae
1494 1519 1544 1545 ea

98 1557 290 1599 conditio
333 1558 402 1608 sit,
441 1566 504 1609 ut,
536 1557 608 1613 qui
637 1557 754 1598 illam
784 1557 998 1613 eripuerit,
1029 1557 1070 1599 in
1106 1558 1290 1599 maxima
1325 1569 1366 1601 et
1405 1561 1546 1616 gratia

96 1614 265 1656 futurus
296 1613 364 1666 sit,
398 1622 440 1655 et
471 1614 638 1670 gloria?
672 1613 803 1670 Quod
838 1615 870 1655 si
907 1615 998 1655 haec
1030 1614 1151 1655 utilia
1185 1630 1269 1656 non
1304 1626 1415 1668 sunt,
1447 1632 1542 1672 quae

94 1671 278 1712 maxime
301 1671 509 1722 videntur,
545 1671 644 1727 quia
674 1671 799 1726 plena
830 1680 929 1712 sunt
964 1671 1199 1722 dedecoris,
1233 1686 1281 1712 ac
1312 1673 1542 1728 turpitudi-

97 1727 162 1768 nis
181 1744 191 1770 :
223 1728 321 1768 satis
341 1742 589 1783 persuasum
608 1741 699 1768 esse
719 1726 859 1778 debet,
881 1727 982 1768 nihil
1005 1742 1095 1769 esse
1117 1729 1234 1779 utile,
1261 1737 1296 1760 13
1321 1730 1436 1785 quod
1457 1746 1541 1772 non

96 1783 210 1825 idem
234 1783 458 1825 honestum
481 1784 548 1825 sit.
607 1785 880 1840 Quamquam
901 1784 945 1825 id
966 1785 1151 1840 quidem,
1173 1800 1271 1827 cum
1293 1801 1404 1842 saepe
1423 1787 1539 1838 alias,
1552 1789 1622 1836 ,⁶22

94 1850 187 1882 tum
225 1840 374 1897 Pyrrhi
406 1841 520 1882 bello
552 1855 578 1882 a
609 1841 661 1881 C.
703 1841 908 1890 Fabricio,
939 1842 1114 1882 consule
1146 1842 1314 1894 iterum,
1344 1854 1387 1885 et
1421 1859 1445 1885 a
1473 1859 1536 1885 se·
1551 1859 1602 1895 55

94 1907 199 1939 natu
220 1903 365 1938 nostro
379 1897 620 1953 judicatum
641 1905 719 1938 est.
780 1896 894 1938 Cum
916 1899 1026 1939 enim
1058 1913 1129 1939 rex
1160 1899 1345 1956 Pyrrhus
1376 1901 1537 1956 populo

89 1954 289 2005 ,Romano
322 1954 479 1995 bellum
510 1954 624 1996 ultro
652 1953 874 2006 intulisset,
903 1969 1087 2011 cumque
1115 1955 1168 1997 de
1197 1957 1375 2012 imperio
1401 1968 1539 1999 certa-

92 2025 193 2061 men
223 2020 334 2062 esset
358 2025 456 2052 cum
488 2025 589 2066 rege
617 2025 845 2067 generose,
876 2025 924 2051 ac
954 2021 1129 2067 potente
1145 2029 1157 2064 3
1190 2014 1370 2069 perfuga
1400 2015 1453 2055 ab
1484 2030 1536 2056 eo

88 2067 205 2120 vvenit
245 2067 286 2108 in
325 2078 462 2109 castra
499 2067 692 2119 Fabricii,
722 2068 845 2125 eique
879 2076 943 2108 est
977 2069 1208 2124 pollicitus,
1240 2070 1274 2110 si
1310 2072 1536 2126 praemium

89 2123 172 2165 sibi
206 2124 511 2182 proposuisset,
541 2139 599 2177 se,
625 2133 674 2166 ut
704 2125 813 2166 clam
843 2125 1037 2175 venisset,
1068 2126 1127 2167 sic
1164 2126 1274 2167 clam
1307 2128 1349 2168 in
1387 2128 1535 2184 Pyrrhi

89 2187 228 2234 'castra
253 2181 502 2232 rediturum,
524 2191 568 2223 et
596 2196 692 2223 eum
717 2196 876 2223 veneno
905 2191 1167 2224 necaturum.
1226 2185 1357 2226 Hunc
1389 2186 1535 2226 Fabri-

91 2238 500 2290 c'ius5reducendum
531 2238 690 2280 curavit
723 2238 776 2280 ad
814 2239 1049 2296 Pyrrhum:
1078 2240 1207 2296 idque
1241 2241 1400 2282 factum
1442 2243 1533 2298 ejus

90 2308 117 2334 a
137 2303 283 2335 senatu
310 2294 530 2336 laudatum
560 2303 638 2336 est.
696 2296 834 2351 Atqui
863 2295 896 2336 si
926 2297 1109 2352 speciem
1143 2297 1336 2339 utilitatis
1364 2299 1531 2354 opinio-

89 2364 270 2406 nemque
301 2352 543 2407 quaerimus',
569 2366 776 2407 magnum
805 2352 910 2393 illud
940 2353 1100 2394 bellum
1132 2355 1310 2410 perfuga
1336 2371 1459 2406 unus,
1488 2367 1532 2398 ct

89 2421 260 2462 gravem
283 2409 561 2450 adversarium
584 2408 747 2464 imperii
770 2410 1032 2450 sustulisset:
1063 2410 1135 2451 sed
1164 2425 1367 2466 magnum
1400 2412 1527 2453 dede·
1539 2422 1572 2454 b.

89 2478 164 2505 cus
195 2473 238 2504 et
267 2465 490 2519 flagitium,
515 2466 688 2521 quicum
718 2466 854 2506 laudis
882 2476 1096 2507 certamen
1127 2468 1290 2519 fuisset,
1313 2483 1410 2509 eum
1443 2484 1526 2510 non

88 2520 256 2571 virtute,
293 2521 366 2562 sed
405 2523 558 2563 scelere
598 2533 857 2578 superatum.
919 2524 1074 2565 Utrum
1113 2525 1243 2580 igitur
1283 2526 1426 2566 utilius
1463 2526 1587 2573 ve187

133 2641 172 2665 10
195 2645 258 2673 cuvm
273 2634 314 2664 ad
327 2634 483 2666 veritatem
499 2636 571 2676 coept‘
587 2648 722 2668 revocare
735 2649 783 2666 ra·
826 2638 882 2676 qui
899 2638 957 2667 ista
972 2638 1057 2669 dicit.

86 2672 205 2716 tionem]
223 2689 358 2708 revocare
374 2679 445 2718 crs-pi
461 2682 518 2708 cst'
529 2689 584 2719 pro
601 2691 712 2717 revoco,
734 2680 783 2710 vel
874 2688 911 2711 19.
936 2682 1017 2711 Nam
1033 2688 1139 2723 quanto
1147 2680 1261 2721 plures]
1283 2683 1359 2711 Nam
1380 2683 1458 2712 mihi
1481 2683 1527 2712 vi·

86 2721 240 2752 revocavi.
255 2731 365 2751 sensus
382 2729 428 2752 est
442 2734 448 2751 :
473 2731 549 2752 cum
573 2733 639 2756 rem
662 2725 783 2754 exami-
828 2725 947 2754 tiosum
963 2725 1097 2761 videtur,
1114 2725 1349 2764 legendumque
1365 2725 1450 2755 Jam.

86 2772 131 2805 no
145 2762 325 2803 diligentius
337 2771 367 2794 ct
383 2774 490 2804 quaero
502 2774 659 2804 accurate,
673 2776 785 2798 verum
875 2773 911 2798 123
937 2767 1012 2808 quod
1039 2779 1091 2796 non
1122 2769 1195 2798 idem
1223 2767 1379 2806 hommum]
1412 2769 1527 2800 Addidi

85 2806 126 2836 sit
142 2815 201 2835 nec
217 2816 267 2837 ne.
829 2809 902 2838 idsm
920 2820 937 2839 e
961 2810 1024 2839 Ms.
1042 2811 1117 2840 Cur.
1141 2821 1206 2841 non
1230 2812 1317 2840 enim
1340 2812 1422 2850 sapit
1444 2811 1526 2851 glos-

134 2856 167 2878 11
193 2860 212 2878 a
228 2849 554 2893 Tantalo—prditum]
568 2852 620 2885 Sc.
636 2853 675 2887 ad
693 2863 783 2891 eum,
826 2863 897 2883 sam
913 2865 919 2882 :
944 2860 975 2884 et
989 2853 1066 2892 alibj
1077 2854 1123 2887 sie
1139 2863 1221 2894 saepe
1237 2854 1346 2886 Cicero
1361 2855 1446 2885 dicit.

143 2903 258 2934 von.
281 2905 348 2935 1v.
372 2906 412 2936 Ρ.
435 2907 492 2937 11.
829 2908 855 2950 3
879 2908 905 2935 Ε
