1844 3202
296 106 375 144 836
669 104 728 142 Μ.
765 103 976 142 TULLII
1013 105 1352 144 CICERONIS

323 220 326 221 ’
355 213 468 254 Cum
498 212 864 269 deprehendebare
894 211 936 253 in
965 211 1211 264 adulterii53
1257 229 1355 255 cum
1386 212 1727 270 deprehendebas

295 269 508 311 adulteros
528 269 645 325 ipse:
678 284 775 311 cum
797 283 848 310 ex
872 269 1023 310 eodem
1052 279 1198 326 stupro
1229 270 1306 312 tibi
1326 278 1369 312 et
1396 285 1586 323 uxorem,
1606 280 1649 314 et
1678 271 1727 313 fi-

297 327 397 368 liam
418 327 622 368 invenisti.

352 383 468 441 Quid
491 398 588 439 ego,
609 391 656 424 ut
675 381 886 424 violaveris
912 381 1183 436 provinciam,
1205 383 1444 438 praedicem,
1464 392 1619 426 cuncto
1650 398 1729 440 po-

295 441 399 497 pulo
420 442 611 482 Romano
631 439 853 488 clamante,
875 452 923 478 ae
944 438 1188 479 resistente?
1222 454 1334 490 nam,
1350 449 1397 482 ut
1417 449 1458 482 te
1479 441 1563 482 illic
1583 455 1727 496 gesse-

296 499 366 548 ris,
388 512 469 538 non
491 496 626 538 audeo
648 496 799 544 dicere,
820 494 1018 550 quoniam
1042 494 1262 536 absolutus
1283 511 1341 538 es.

355 556 562 596 Praetereo
593 553 712 594 illum
754 551 959 591 nefarium
991 562 1191 592 conatum
1222 561 1360 602 tuum,
1390 563 1433 595 et
1462 557 1583 609 paene
1613 569 1730 595 acer-

297 612 415 661 bum,
436 620 478 651 et
498 610 742 651 luctuosum
767 607 928 663 populo
961 608 1154 649 Romano
1186 608 1314 660 diem,
1334 624 1446 662 cum,
1469 610 1548 651 Cn.
1582 610 1731 651 Pisone

297 669 429 718 socio,
451 680 584 722 neque
602 666 685 706 alio
705 664 884 716 nemine,
903 664 1060 705 eaedem
1082 664 1334 720 optimatum
1357 667 1491 707 facere
1511 667 1694 708 voluisti.

354 725 424 766 An
455 724 613 765 oblitus
642 737 701 772 es,
723 731 765 763 te
797 736 846 762 ex
877 736 958 772 me,
988 736 1085 762 eum
1118 732 1344 777 praeturam
1375 733 1629 778 peteremus,
1660 738 1734 779 pe-

298 782 411 833 tisse,
442 792 490 822 ut
519 779 595 822 tibi
630 779 815 835 primum
851 778 994 819 locum
1029 778 1336 820 concederem?
1369 779 1482 836 quod
1521 795 1618 821 eum
1653 794 1733 821 sae-

299 839 391 894 pius
423 852 583 892 ageres,
613 846 655 877 et
685 835 972 891 impudentius
1002 849 1026 875 a
1057 850 1125 876 me
1153 835 1455 887 contenderes3
1491 835 1733 887 meministi,

300 909 368 935 me
393 895 470 936 tibi
503 892 769 949 respondere,
795 891 1063 947 impudenter
1092 902 1133 934 te
1163 893 1313 944 faeere,
1335 895 1406 949 qui
1434 893 1479 935 id
1508 908 1533 934 a
1561 908 1630 934 me
1658 908 1734 949 pe-

298 961 424 1002 teres,
455 950 571 1006 quod
602 949 831 991 avunculus
862 963 1092 1004 numquam
1124 947 1426 1004 impetrasset?
1468 950 1634 1000 Nescis,
1664 964 1734 990 me

299 1017 523 1063 praetorem
554 1006 739 1062 primum
772 1020 864 1046 esse
895 1006 1070 1056 factum,
1096 1014 1139 1046 te
1173 1007 1446 1048 concessione
1479 1006 1734 1061 competito-

299 1080 408 1115 rum,
438 1073 481 1106 et
510 1063 736 1105 collatione
766 1063 1065 1113 centuriarum,
1096 1071 1138 1103 et
1168 1077 1265 1104 meo
1305 1064 1483 1105 maxime
1514 1062 1735 1114 beneficio,

299 1137 323 1163 e
342 1131 558 1179 postremo
576 1121 618 1162 in
639 1121 808 1161 tertium
832 1119 972 1160 locum
996 1133 1085 1160 esse
1107 1119 1344 1161 subiectum
1364 1121 1377 1161 ?

762 1198 880 1240 Dicit
897 1198 945 1239 de
964 1196 1087 1239 malis
1109 1197 1274 1240 civibus.

356 1270 444 1328 Qui
482 1278 758 1326 posteaquam
788 1266 877 1317 illo,
907 1274 956 1307 ut
992 1265 1131 1307 conati
1173 1275 1306 1317 erant,
1346 1265 1617 1322 Hispaniensi
1656 1281 1734 1322 pu-

299 1327 505 1385 giunculo
541 1340 688 1367 nervos
721 1323 903 1366 incidere
939 1322 1091 1364 civium
1132 1323 1421 1364 Romanorum
1457 1338 1541 1364 non
1582 1333 1735 1378 potue-

300 1393 413 1436 runt,
434 1384 539 1426 duas
559 1397 644 1425 uno
665 1390 855 1437 tempore
879 1388 1087 1421 conantur
1116 1379 1159 1420 in
1190 1380 1404 1436 republica
1430 1380 1534 1421 sicas
1564 1380 1735 1422 distrin—

300 1456 419 1499 gere.

360 1500 488 1539 Hunc
510 1511 581 1537 vos
601 1493 752 1536 scitote
779 1492 987 1535 Licinium
1009 1492 1288 1548 gladiatorem
1306 1492 1396 1549 jam
1417 1493 1640 1535 immisisse
1660 1507 1736 1534 cu-

301 1555 447 1612 pidum
487 1552 698 1603 Catilinae,
729 1550 910 1607 judices,
950 1552 1007 1607 Q.
1048 1549 1242 1601 Curium,
1291 1549 1509 1591 hominem
1549 1557 1734 1607 quaesto-

298 1628 426 1655 rium.

984 1697 1063 1738 Pro

748 1766 805 1823 Q.
827 1765 1054 1808 GALLIO
1084 1765 1203 1808 Orat.
1233 1766 1290 1807 X.

809 1834 937 1876 Deest
954 1834 1217 1890 principium.

359 1917 546 1958 Aaou..
576 1920 617 1955 et
645 1914 922 1970 QUINCTIL.
953 1913 982 1954 l.
1003 1914 1042 1955 8.
1064 1928 1096 1954 c.
1121 1914 1180 1969 3.)
1217 1914 1280 1956 Ut
1310 1912 1484 1966 clamor,
1515 1922 1564 1956 ut
1592 1914 1733 1956 convi-

301 1975 417 2017 cium
438 1971 678 2021 mulierum,
699 1979 749 2011 ut
768 1970 1033 2027 symphoniae
1054 1980 1218 2012 cantus.
1266 1970 1455 2013 Videbar
1475 1971 1578 2012 mihi
1598 1971 1736 2013 videre

302 2031 407 2072 alios
441 2029 656 2077 intrantes,
688 2026 792 2067 alios
824 2036 966 2068 autem
1001 2036 1198 2068 exeuntes
1228 2027 1380 2082 partim
1412 2041 1462 2069 ex
1489 2028 1586 2069 vino
1612 2028 1739 2069 vacil-

301 2088 451 2136 lantes,
471 2085 622 2140 partim
642 2083 839 2124 hesterna
864 2083 1083 2139 potatione
1109 2083 1349 2125 oscitantes.
1370 2085 1611 2126 versabatur
1630 2084 1738 2126 inter

302 2145 382 2186 hos
422 2141 586 2183 Gallius
622 2139 850 2195 unguentis
884 2140 1057 2191 oblitus,
1091 2139 1308 2182 redimitus
1343 2140 1541 2183 coronis:
1581 2140 1737 2182 humus

303 2209 394 2242 erat
411 2196 643 2248 immunda,
671 2197 893 2248 lutulenta,
911 2197 1023 2249 vino,
1051 2197 1215 2238 coronis
1243 2197 1514 2253 languidulis,
1536 2204 1579 2239 et
1605 2196 1736 2253 spinis

302 2263 505 2312 cooperta
519 2254 715 2310 piscium.

360 2315 410 2355 B.
432 2313 586 2354 HIER.
615 2311 658 2352 V
655 2311 702 2352 z't.
728 2309 889 2363 Cleric.)
914 2312 1090 2367 Loquor
1110 2310 1237 2361 enim,
1261 2325 1355 2366 quae
1373 2325 1468 2352 sum
1488 2310 1577 2366 ipse
1602 2324 1736 2367 nuper

264 2415 266 2418 ,
304 2377 500 2426 expertus
521 2382 644 2409 unus.
703 2367 890 2410 Ouidam
911 2373 1039 2423 poeta
1065 2367 1318 2418 nominatus,
1340 2367 1471 2408 homo
1499 2366 1735 2423 perlittera-

304 2437 390 2478 tus,
417 2424 540 2481 cujus
569 2432 667 2466 sunt
695 2411 766 2465 iila.
793 2424 1006 2480 colloquia
1033 2429 1270 2480 poetarum,
1292 2438 1340 2465 ae
1369 2423 1739 2480 philosophorum,

305 2498 404 2526 cum
426 2482 527 2523 facit
544 2480 790 2536 Euripidem
808 2490 853 2522 et
872 2480 1155 2522 Menandrum
1176 2480 1283 2521 inter
1302 2495 1360 2531 se,
1382 2490 1425 2522 et
1451 2481 1495 2522 in
1524 2481 1609 2522 alio
1635 2480 1735 2522 loco

307 2543 524 2583 Socratem
555 2546 681 2594 atque
710 2537 940 2593 Epicurum
972 2537 1236 2587 disserentes,
1265 2551 1443 2593 quorum
1477 2546 1621 2580 aetates
1651 2551 1736 2578 non

308 2597 441 2647 annis,
461 2595 536 2636 sed
556 2593 719 2636 saeculis
741 2594 896 2635 scimus
918 2609 1008 2635 esse
1035 2594 1279 2650 disjunctaS,
1299 2602 1479 2649 quantos
1499 2595 1534 2636 is
1562 2593 1735 2649 plausus

306 2664 350 2696 et
385 2653 590 2695 clamores
626 2651 797 2692 movet?
841 2650 1001 2692 multos
1033 2650 1145 2692 enim
1181 2649 1491 2708 condiscipulos
1530 2650 1659 2692 habet
1693 2650 1736 2692 in

306 2711 487 2761 theatro,
508 2708 579 2765 qui
595 2707 722 2750 simul
738 2707 897 2749 litteras
918 2722 1003 2749 non
1021 2707 1269 2749 didicerunt.

308 2823 336 2868 d
364 2768 584 2824 Qumer.
615 2764 685 2807 lib.
711 2775 770 2807 11.
793 2779 826 2807 c.
847 2763 944 2817 ult.)
978 2765 1048 2807 An
1077 2764 1171 2816 ista,
1199 2765 1233 2806 si
1254 2779 1347 2808 vera
1375 2771 1527 2816 essent,
1552 2763 1611 2806 sic
1638 2777 1665 2805 a
1692 2771 1736 2806 te

339 2823 545 2867 icerentur
563 2823 579 2864 ?
782 2830 785 2833 ⁴
