1844 3202
595 111 673 149 DE
710 107 1081 149 SENECTUTE.
1469 113 1548 157 799

120 216 194 263 sed
214 218 339 260 etiam
360 217 503 274 augeri
523 226 712 258 senectus
734 216 856 256 solet.
914 215 1009 256 Nisi
1030 217 1138 256 forte
1156 226 1240 269 ego
1259 214 1389 266 vobis,
1410 215 1483 271 qui
1500 225 1543 257 et
1560 222 1605 254 18

121 274 257 325 miles,
277 283 320 316 et
339 275 542 324 tribunus,
563 282 606 314 et
623 272 802 328 legatus,
820 280 862 312 et
888 272 1035 312 consul
1055 280 1237 311 versatus
1257 284 1349 310 sum
1370 271 1409 310 in
1431 272 1543 313 vario

118 343 274 385 genere
299 331 520 380 bellorum,
540 343 700 370 cessare
730 342 838 369 nunc
867 327 1022 378 videor,
1043 340 1140 367 cum
1172 325 1282 366 bella
1311 340 1395 366 non
1423 341 1542 382 gero.

118 387 180 426 At
199 388 374 437 senatui,
390 400 482 442 quae
505 394 601 426 sunt
620 385 817 440 gerenda,
837 384 1077 440 praescribo,
1096 392 1140 424 et
1159 381 1377 438 quomodo
1395 398 1404 421 ε
1437 384 1540 424 Kar-

119 442 295 497 thagini,
317 442 424 483 male
450 442 539 498 jam
568 442 642 483 diu
674 440 894 497 cogitanti,
912 440 1071 481 bellum
1099 440 1235 480 multo
1260 446 1357 478 ante
1381 437 1542 479 denun-

119 498 208 539 tio:
237 498 288 538 de
321 513 405 553 qua
433 498 560 539 vereri
590 512 673 539 non
703 507 798 539 ante
826 496 1029 546 desinam,
1059 511 1185 552 quam
1215 494 1328 535 illam
1360 494 1542 535 excisam

117 567 205 594 esse
224 568 474 610 cognovero.
535 556 677 611 Quam
706 554 889 610 palmam
912 554 1073 594 utinam
1094 552 1151 593 dii
1172 549 1431 592 immortales
1450 551 1543 602 tibi,
1560 558 1605 598 19

118 609 276 665 Scipio,
297 620 519 662 reservent,
539 619 588 652 ut
613 611 673 652 avi
704 610 898 666 reliquias
926 608 1196 665 persequare!
1220 607 1341 663 cujus
1361 621 1386 647 a
1406 616 1543 648 morte

117 664 184 706 hic
206 675 246 698 20
263 667 423 717 tertius,
444 677 485 708 et
507 668 739 709 tricesimus
769 677 833 707 est
862 681 993 707 annus
1013 682 1023 706 ι
1055 665 1127 706 sed
1157 664 1404 706 memoriam
1430 663 1542 704 illius

114 721 187 763 viri
207 723 413 778 excipient
434 738 580 765 omnes
599 723 694 764 anni
715 732 1033 779 consequentes.
1093 724 1220 762 Anno
1238 729 1334 761 ante
1354 734 1422 761 me
1442 734 1540 761 cen·
1553 736 1582 766 p.
1597 733 1648 757 ει.

116 792 252 819 sorem
289 788 481 821 mortuus
516 791 593 831 est,
627 794 772 821 novem
807 779 924 820 annis
954 787 1050 834 post
1083 793 1226 819 meum
1258 776 1579 827 consulatum,³·

116 848 213 876 cum
241 836 388 877 consul
415 837 581 887 iterum,
601 850 669 877 me
689 836 875 886 consule,
895 845 1058 876 creatus
1079 843 1200 875 esset.
1258 835 1376 875 Num
1398 833 1544 889 igitur,

113 891 147 931 si
167 891 220 932 ad
242 893 518 934 centesimum
534 908 688 934 annum
709 892 886 942 vixisset,
902 891 1129 933 senectutis
1145 905 1242 932 eum
1260 905 1347 931 suae
1363 890 1542 945 poenite-

113 950 203 988 ret?
233 963 309 989 nec
337 949 448 990 enim
477 950 735 999 excursione,
756 963 832 990 nec
859 949 983 999 saltu,
1004 963 1080 989 nec
1110 948 1272 988 eminus
1303 947 1447 997 hastis,
1469 954 1543 987 aut

114 1005 305 1046 cominus
329 1014 365 1037 21
385 1005 536 1061 gladiis
561 1014 749 1047 uteretur
768 1022 777 1045 z
807 1005 879 1046 sed
909 1005 1100 1055 consilio,
1122 1004 1299 1054 ratione,
1321 1003 1542 1044 sententia.

115 1075 209 1116 quae
232 1062 310 1102 nisi
334 1071 472 1103 essent
502 1062 543 1103 in
572 1062 754 1113 senibus,
775 1076 858 1103 non
879 1076 1092 1103 summum
1113 1060 1337 1101 consilium
1359 1059 1542 1115 majores

114 1117 244 1158 nostri
270 1118 549 1174 appellassent
575 1119 792 1160 Senatum.
849 1118 981 1174 Apud
1002 1117 1347 1158 Lacedaemonios
1368 1115 1539 1172 quidem
1552 1123 1606 1156 20

112 1173 154 1224 ii,
176 1174 247 1229 qui
273 1175 577 1230 amplissimum
609 1175 906 1229 magistratum
937 1183 1106 1230 gerunt,
1126 1183 1174 1214 ut
1203 1182 1314 1223 sunt,
1336 1173 1393 1213 sic
1413 1173 1541 1213 etiam

113 1230 381 1271 nominantur
407 1245 540 1272 senes.
601 1230 731 1273 Quod
751 1231 785 1271 si
806 1230 961 1285 legere,
983 1240 1056 1271 aut
1076 1229 1220 1271 audire
1240 1229 1387 1270 voletis
1407 1237 1543 1269 exter-

110 1299 177 1336 na,
199 1287 400 1328 maximas
420 1287 674 1343 respublicas
696 1287 749 1327 ab
769 1287 1106 1328 adolescentibus
1126 1286 1369 1337 labefactas,
1387 1300 1411 1326 a
1433 1284 1542 1326 seni-

112 1341 190 1383 bus
210 1352 460 1386 sustentatas
480 1354 522 1385 et
543 1343 756 1385 restitutas
777 1343 1005 1399 reperietis,

172 1454 177 1458 ¹
222 1434 321 1480 Cedo,
340 1435 402 1486 qui
415 1442 564 1473 vestram
585 1435 817 1486 rempublicam
835 1435 968 1472 tantam
988 1435 1144 1472 amisistis
1164 1441 1235 1472 tam
1253 1435 1315 1471 cito
1329 1437 1352 1471 ?

110 1519 169 1561 sic
196 1520 307 1561 enim
339 1529 652 1576 percontantur,
674 1529 713 1552 ‘22
730 1528 778 1561 ut
806 1529 870 1561 est
899 1521 943 1561 in
973 1520 1111 1562 Naevii
1139 1525 1280 1576 poetae
1307 1517 1449 1560 Ludo.
1479 1532 1543 1560 re-

109 1576 370 1632 spondentur
391 1585 432 1618 et
452 1577 546 1628 alia,
567 1585 610 1618 et
630 1577 720 1618 haec
741 1577 784 1617 in
805 1577 951 1633 primis
970 1594 979 1618 :

215 1668 466 1706 Pro-veniebant
483 1676 625 1706 oratores
645 1669 738 1712 novi,
756 1668 866 1711 stulti,
885 1667 1128 1704 adolescentuli.

107 1753 339 1794 Temeritas
359 1763 422 1794 est
441 1753 633 1794 videlicet
651 1752 837 1793 florentis
858 1753 1007 1803 aetatis,
1028 1751 1249 1807 prudentia
1269 1750 1539 1792 senescentis.

109 1810 170 1850 At
200 1811 404 1850 memoria
432 1810 649 1851 minuitur.
677 1808 820 1858 credo,
851 1809 927 1849 nisi
957 1823 1050 1849 eam
1081 1822 1289 1859 exerceas,
1319 1816 1392 1848 aut
1420 1807 1454 1848 si
1484 1808 1540 1852 sis

108 1874 256 1907 natura
276 1866 447 1907 tardior.
505 1865 812 1907 Themistocles
843 1865 1034 1906 omnium
1061 1865 1214 1905 civium
1243 1864 1414 1905 nomina
1440 1862 1585 1919 per-7

107 1930 289 1977 ceperat.
322 1937 420 1963 num
458 1923 587 1977 igitur
619 1922 799 1963 censetis
827 1936 940 1972 eum,
969 1935 1069 1962 cum
1100 1929 1224 1962 aetate
1251 1920 1596 1976 processisset‚21

107 1979 180 2034 qui
196 1979 403 2020 Aristides
424 1989 546 2029 esset,
564 1978 867 2035 Lysimachum
890 1977 1070 2019 salutare
1092 1977 1264 2018 solitum
1281 1978 1295 2018 ?
1327 1976 1538 2032 Equidem

107 2049 191 2076 non
216 2035 350 2077 modo
381 2050 453 2076 eos
484 2036 592 2085 novi,
623 2035 696 2091 qui
726 2043 847 2085 sunt3
882 2033 954 2075 sed
983 2048 1130 2075 eorum
1160 2044 1299 2089 patres
1328 2034 1470 2083 etiam,
1495 2041 1539 2074 et

106 2106 218 2132 avos.
249 2106 324 2132 nec
353 2092 545 2148 sepulcra
571 2092 716 2147 legens
745 2105 902 2141 vereor,
921 2091 1038 2147 quod
1064 2090 1195 2141 aiunt,
1215 2104 1268 2130 ne
1288 2089 1538 2130 memoriam

106 2148 306 2203 perdam:
342 2148 406 2189 his
433 2149 544 2189 enim
571 2148 670 2204 ipsis
695 2147 883 2203 legendis
912 2147 1039 2188 redeo
1069 2147 1112 2188 in
1141 2145 1391 2188 memoriam
1423 2159 1538 2186 mor-

107 2214 291 2246 tuorum.
334 2220 410 2246 nec
445 2220 541 2246 vero
576 2218 832 2261 quemquam
866 2218 1014 2245 senum
1049 2203 1188 2244 audivi
1223 2202 1420 2253 oblitum,
1452 2216 1539 2258 quo

106 2259 202 2302 loco
226 2261 468 2302 thesaurum
500 2261 721 2302 obruisset.
753 2260 907 2311 omnia,
928 2275 1022 2316 quae
1043 2268 1205 2310 curant,
1225 2259 1507 2301 meminerunt
1525 2275 1536 2300 z

107 2316 343 2358 vadimonia
371 2319 601 2359 constituta
623 2334 632 2358 z
663 2317 737 2373 qui
764 2317 858 2368 sibi,
879 2317 1032 2374 quibus
1059 2317 1139 2372 ipsi
1162 2316 1360 2357 debeant.
1418 2314 1536 2372 Quid
1547 2319 1597 2350 22

100 2373 419 2428 jurisconsulti?
452 2375 554 2430 quid
580 2374 827 2429 pontifices?
859 2373 962 2430 quid
980 2374 1193 2429 augures?
1222 2371 1323 2428 quid
1343 2371 1534 2427 philoso—

105 2429 179 2484 phi
205 2431 350 2471 senes?
383 2446 509 2487 quam
540 2430 675 2472 multa
702 2430 1014 2471 meminerunt?
1046 2436 1218 2471 manent
1236 2428 1406 2484 ingenia
1422 2428 1533 2469 seni-

106 2486 201 2536 bus,
223 2486 352 2527 modo
370 2495 613 2542 permaneat
632 2486 818 2528 studium
841 2495 884 2527 et
902 2484 1134 2528 industria:
1165 2499 1242 2527 nec
1261 2499 1312 2526 ea
1332 2484 1469 2526 solum
1489 2484 1532 2525 in
1545 2486 1576 2518 b·

149 2625 191 2650 20
213 2618 315 2648 tertius
331 2625 358 2648 ee
374 2617 458 2659 tria]
476 2619 637 2651 Quintum
656 2626 688 2649 et
707 2620 799 2650 trice·
840 2619 954 2649 delevit
969 2619 1121 2649 Graevius.
1145 2627 1204 2649 nec
1226 2615 1306 2648 solet
1326 2617 1402 2647 alias
1420 2616 1535 2647 simili-

105 2663 227 2692 simum
255 2662 350 2692 fuisse
379 2662 471 2692 docet
499 2662 695 2694 contarenus
723 2663 796 2693 Var.
840 2662 900 2692 bus
915 2662 993 2692 locis
1008 2663 1089 2692 addi.
1114 2661 1196 2692 Ludo
1207 2668 1253 2690 est
1267 2660 1384 2691 fabulae
1399 2669 1533 2696 nornen,

107 2705 192 2735 Lect.
207 2713 236 2734 c.
254 2712 306 2736 24.
840 2715 880 2735 ex
909 2715 974 2744 quo
1008 2705 1125 2735 librarii
1152 2705 1284 2743 quidam
1311 2703 1412 2733 fecere
1447 2701 1534 2739 libro,

147 2753 184 2777 21
207 2745 332 2788 gladiis]
351 2748 387 2777 In
405 2748 468 2779 Ms.
481 2747 545 2779 Erf.
559 2755 735 2779 correctum
751 2754 797 2778 est
840 2749 926 2786 quod
941 2755 972 2778 et
985 2749 1035 2778 ed.
1048 2748 1144 2778 Rom.
1159 2747 1264 2776 habet.
1280 2746 1328 2775 ed.
1341 2745 1411 2776 Col.
1425 2745 1533 2782 habet,

103 2788 214 2830 gladIO.
840 2797 872 2819 u!
887 2790 972 2820 estin
994 2791 1084 2821 Ennii
1103 2793 1195 2831 pob'tae
1214 2787 1362 2828 posteriori
1383 2787 1464 2818 libro.
1487 2787 1534 2820 tie

148 2838 187 2863 22
211 2839 243 2863 ut
256 2839 298 2864 nt
314 2833 343 2863 in
359 2832 466 2864 Naevii
486 2839 578 2874 po'itae
595 2832 690 2875 Ludo]
703 2839 796 2874 poftae
839 2840 871 2863 et
887 2833 949 2864 Ms.
961 2833 1024 2864 Erf.

846 2887 873 2933 3
895 2888 920 2915 F
944 2886 967 2920 2
