1844 3202
557 124 734 162 LIBER
773 121 1110 160 SECUNDUS.
1480 128 1558 173 749

225 234 413 283 Beanacta
432 232 518 271 male
536 232 659 276 locata,
682 231 863 279 malefacta
882 229 1041 267 arbitror.

116 308 248 352 Quod
279 317 420 350 autem
446 307 656 348 tributum
691 315 755 347 est
781 306 897 346 bono
918 304 1005 345 viro
1026 313 1069 344 et
1088 311 1228 359 grate,
1249 303 1291 344 in
1313 319 1365 346 eo
1386 320 1485 349 cum
1506 322 1556 350 ex
1568 314 1616 352 63

116 365 209 420 ipso
231 366 394 406 fructus
421 373 502 414 est,
527 372 618 404 turn
651 363 777 404 etiam
809 376 859 403 ex
892 360 1054 402 ceteris.
1086 360 1322 402 temeritate
1349 363 1458 403 enim
1491 380 1557 406 re-

117 431 248 471 mota,
270 420 515 476 gratissima
536 429 599 460 est
619 419 869 460 liberalitas:
904 432 1042 474 eoque
1063 431 1155 458 eam
1179 417 1407 459 studiosius
1429 419 1556 474 pleri-

148 492 200 518 ue
220 477 412 528 laudant,
433 477 551 533 quod
582 476 738 517 summi
768 475 978 532 cujusque
1011 474 1191 525 bonitas,
1215 488 1441 516 commune
1462 491 1557 531 per-

132 533 283 589 ugium
305 544 368 574 est
389 534 598 574 omnium.
660 532 813 574 Danda
847 531 978 588 igitur
998 545 1125 587 opera
1144 540 1222 581 est,
1243 541 1290 572 ut
1313 531 1376 572 his
1398 532 1556 573 benefi-

112 589 188 630 ciis
210 605 338 646 quam
360 590 568 645 plurimos
596 589 843 639 afficiamus,
867 602 1050 645 quorum
1079 587 1285 629 memoria
1309 588 1450 629 liberis
1476 603 1554 644 po-

113 646 318 702 sterisque
353 647 571 702 prodatur,
607 655 656 687 ut
690 647 740 688 iis
776 645 951 702 ingratis
985 659 1074 685 esse
1110 659 1194 685 non
1224 644 1364 686 liceat.
1405 660 1555 687 omnes

110 704 221 744 enim
258 703 551 745 immemorem
588 703 781 744 beneficii
814 702 996 743 oderunt
1012 717 1023 752 ;
1064 715 1244 757 eamque
1279 701 1477 757 injuriam
1510 702 1555 744 in

111 758 359 800 deterrenda
391 760 641 801 liberalitate
674 760 753 801 sibi
783 759 910 801 etiam
943 758 1046 809 fieri,
1076 773 1276 814 eumque,
1307 759 1379 814 qui
1410 759 1553 810 faciat,

112 830 387 858 communem
411 817 579 858 hostem
601 817 843 858 tenuiorum
865 823 1031 871 putant.
1073 815 1219 871 Atque
1242 815 1333 856 haec
1355 816 1553 872 benigni-

112 881 177 913 tas
207 873 334 914 etiam
367 873 608 929 reipublicae
630 873 746 915 utilis
768 882 846 923 est,
867 872 1016 914 redimi
1038 886 1061 912 e
1084 872 1283 913 servitute
1304 881 1465 928 captos,
1487 873 1553 914 lo-

112 928 317 984 cupletari
349 930 588 972 tenuiores:
619 931 736 986 quod
757 929 930 986 quidem
951 928 1078 984 vulgo
1101 929 1276 970 solitum
1300 930 1387 970 fieri
1407 930 1460 970 ab
1483 945 1553 971 or-

111 985 209 1027 dine
238 995 384 1028 nostro
411 988 455 1029 in
476 994 516 1019 66
533 988 725 1028 oratione
753 987 895 1028 Crassi
927 986 1133 1041 scriptum
1154 986 1327 1041 copiose
1347 986 1552 1029 videmus.

111 1043 237 1084 Hanc
265 1058 370 1099 ergo
400 1043 755 1086 consuetudinem
784 1042 1056 1099 benignitatis
1085 1042 1300 1099 largitioni
1326 1058 1551 1085 munerum

111 1099 242 1155 longe
263 1109 490 1156 antepono.
523 1100 613 1142 haec
646 1109 710 1142 est
738 1100 929 1156 gravium
961 1099 1199 1150 hominum,
1221 1108 1349 1156 atque
1370 1115 1552 1156 magno-

111 1171 233 1197 rum:
265 1157 336 1198 illa
365 1157 484 1212 quasi
509 1166 818 1198 assentatorum
844 1155 1006 1212 populi,
1029 1156 1315 1197 multitudinis
1336 1156 1550 1198 levitatem

110 1212 328 1268 voluptate
351 1213 472 1269 quasi
492 1214 770 1255 titillantium.
833 1213 1068 1254 Conveniet
1087 1221 1245 1264 autem,
1262 1228 1360 1254 cum
1383 1213 1424 1254 in
1446 1213 1550 1255 dan·
1563 1218 1614 1255 64

109 1268 166 1309 do
188 1270 437 1311 munificum
459 1284 565 1321 esse,
588 1280 680 1311 tum
703 1271 744 1311 in
765 1269 976 1326 exigendo
998 1284 1082 1310 non
1103 1270 1325 1311 acerbum:
1349 1270 1391 1311 in
1411 1271 1550 1311 omni·
1563 1271 1594 1301 b.

110 1340 194 1380 que
216 1341 260 1367 re
279 1326 580 1378 contrahenda,
601 1326 838 1377 vendendo,
865 1326 1064 1377 emendo,
1087 1326 1384 1377 conducendo,
1405 1327 1552 1368 locan-

109 1382 188 1433 do3
211 1383 494 1424 vicinitatibus
516 1393 559 1425 et
576 1384 782 1435 confiniis,
801 1398 969 1440 aequum
994 1394 1036 1424 et
1056 1383 1225 1423 facilem
1247 1400 1255 1424 :
1280 1384 1417 1424 multa
1438 1383 1552 1425 mul-

108 1438 162 1480 tis
180 1439 246 1480 'de
267 1441 366 1496 jure
386 1455 465 1481 suo
487 1440 731 1482 cedentem:
763 1455 788 1481 a
816 1440 962 1481 litibus
982 1454 1096 1491 vero,
1120 1449 1328 1496 quantum
1349 1440 1487 1491 liceat,
1510 1448 1553 1482 et

109 1496 250 1538 nescio
271 1511 324 1537 an
344 1497 490 1552 paullo
510 1497 606 1552 plus
627 1497 770 1548 etiam,
789 1511 916 1552 quam
938 1495 1077 1547 liceat,
1098 1496 1415 1538 abhorrentem.
1474 1499 1554 1539 Est

106 1552 217 1593 enim
241 1567 326 1594 non
346 1553 476 1595 modo
498 1554 686 1604 liberale,
706 1553 901 1609 paullum
931 1568 1253 1610 nonnumquam
1276 1553 1328 1595 de
1349 1568 1426 1594 suo
1452 1553 1552 1610 jure

107 1608 325 1661 decedere,
347 1610 420 1652 sed
439 1610 654 1653 interdum
677 1611 806 1652 etiam
832 1611 1116 1652 fructuosum.
1176 1610 1388 1652 Habenda
1408 1620 1553 1652 autem

107 1675 174 1707 est
204 1667 312 1708 ratio
340 1667 398 1708 rei
428 1667 659 1717 familiaris,
681 1682 809 1723 quarn
832 1666 1002 1722 quidem
1035 1666 1164 1707 dilabi
1193 1667 1343 1718 sinere,
1366 1667 1552 1723 flagitio-

107 1736 203 1763 sum
224 1732 315 1764 est:
348 1723 513 1775 sedita,
535 1734 584 1765 ut
602 1724 896 1765 illiberalitatis
920 1723 1187 1779 avariticeque
1214 1723 1325 1765 absit
1351 1724 1550 1779 suspicio.

108 1779 235 1820 Posse
253 1780 363 1821 enim
387 1780 637 1822 liberalitate
657 1781 734 1831 uti,
755 1795 840 1821 non
862 1779 1111 1835 spoliantem
1133 1795 1177 1821 se
1197 1781 1468 1835 patrimonio,
1487 1781 1551 1822 ni-

107 1835 264 1877 mirum
302 1837 336 1877 is
371 1847 435 1878 est
469 1838 662 1893 pecuniae
699 1838 861 1878 fructus
898 1837 1120 1878 maximus.
1196 1838 1327 1878 Recte
1360 1837 1490 1878 etiam
1529 1852 1553 1878 a

107 1891 406 1948 Theophrasto
427 1903 491 1935 est
512 1894 683 1936 laudata
703 1893 983 1949 hospitalitas.
1016 1895 1093 1934 Est
1112 1893 1240 1945 enim,
1262 1903 1310 1935 ut
1330 1894 1436 1935 mihi
1456 1895 1552 1950 qui-

108 1948 206 1990 dem
232 1949 412 2002 videtur,
442 1950 563 1992 valde
595 1950 812 2002 decorum,
842 1958 986 2006 patere
1016 1950 1169 1992 domos
1199 1950 1422 1992 hominum
1454 1951 1553 1992 illu-

105 2006 256 2047 strium
278 2006 512 2055 illustribus
535 2007 773 2064 hospitibus
791 2024 799 2048 :
831 2007 960 2063 idque
981 2006 1108 2048 etiam
1132 2007 1378 2063 reipublicae
1398 2017 1462 2049 est
1481 2023 1551 2049 or-

108 2072 324 2115 namento,
345 2064 541 2106 homines
570 2075 765 2106 externos
796 2064 878 2106 hoc
906 2063 1168 2106 liberalitatis
1200 2078 1356 2120 genere
1382 2064 1426 2105 in
1449 2064 1553 2106 urbe

106 2127 251 2161 nostra
271 2135 355 2162 non
376 2135 516 2177 egere.
568 2123 647 2163 Est
666 2130 810 2163 autem
831 2121 959 2162 etiam
979 2120 1249 2162 vehementer
1266 2121 1371 2162 utile
1392 2121 1457 2173 iis,
1479 2121 1553 2177 qui

105 2175 285 2218 honeste
317 2192 442 2234 posse
474 2178 660 2220 multum
692 2178 855 2228 volunt,
886 2192 962 2234 per
994 2177 1182 2233 hospites
1213 2178 1328 2234 apud
1357 2186 1553 2219 externos

105 2234 290 2289 populos
306 2234 443 2276 valere
463 2235 618 2290 opibus
636 2245 680 2277 et
699 2235 852 2291 gratia.
913 2234 1235 2290 Theophrastus
1256 2234 1429 2290 quidem
1452 2235 1554 2276 scri-

104 2289 183 2340 bit,
203 2289 429 2333 Cimonem
451 2291 633 2333 Athenis
649 2292 779 2333 etiam
799 2292 843 2332 in
863 2306 963 2333 suos
983 2291 1160 2333 curiales
1182 2291 1386 2333 Laciadas
1405 2291 1551 2347 hospi-

107 2346 235 2387 talem
262 2348 404 2390 fuisse.
436 2349 496 2390 ita
524 2349 638 2390 enim
668 2348 913 2399 instituisse,
945 2357 989 2389 et
1017 2348 1163 2390 villicis
1194 2348 1476 2404 imperavisse,
1504 2356 1553 2390 ut

106 2403 250 2444 omnia
268 2405 572 2459 praeberentur,
595 2404 856 2462 quicumque
883 2404 1087 2446 Laciades
1107 2405 1150 2447 in
1170 2405 1310 2446 villam
1333 2420 1452 2447 suam
1475 2405 1550 2446 de-

108 2459 312 2502 vertisset.
370 2463 481 2518 Quae
511 2471 657 2504 autem
692 2477 835 2518 opera,
857 2477 942 2503 non
962 2461 1203 2518 largitione,
1223 2462 1426 2503 beneficia
1447 2461 1550 2503 dan·
1569 2464 1634 2518 19

108 2523 192 2567 tur,
214 2516 307 2557 haec
328 2526 421 2559 tum
441 2519 483 2560 in
504 2520 738 2560 universam
759 2519 1082 2575 rempublicam,
1103 2528 1196 2560 tum
1215 2519 1258 2560 in
1279 2519 1471 2575 singulos
1490 2519 1550 2559 ci·
1564 2533 1613 2569 65

108 2586 176 2613 ves
193 2573 483 2616 conferuntur.
504 2591 602 2617 nam
620 2575 663 2616 in
674 2575 774 2632 jure
790 2590 947 2626 cavere,
961 2576 1140 2617 consilio
1151 2575 1314 2633 juvare,
1328 2587 1455 2631 atque
1470 2575 1553 2615 hoc

109 2628 296 2670 scientiae
309 2644 464 2686 genere
473 2632 675 2687 prodesse
689 2647 818 2689 quam
832 2632 1040 2688 plurimis,
1049 2633 1318 2674 vehementer
1331 2641 1373 2673 et
1386 2631 1438 2673 ad
1452 2645 1555 2686 opes

110 2686 325 2740 augendas
343 2687 536 2742 pertinet,
553 2697 596 2730 et
615 2689 668 2730 ad
687 2689 884 2745 gratiam.
917 2691 1068 2746 Itaque
1084 2704 1182 2730 cum
1205 2689 1342 2730 multa
1358 2687 1557 2744 praeclara

110 2742 338 2798 majorum,
371 2752 465 2784 tum
496 2745 613 2800 quod
642 2746 807 2802 optirne
837 2746 1058 2787 constituti
1089 2746 1199 2802 juris
1228 2745 1357 2787 civilis
1388 2758 1557 2785 summo

199 2893 211 2902 ›
545 2862 586 2888 66
608 2858 734 2888 oratione
754 2856 866 2896 Crassi]
886 2858 940 2888 Est
958 2858 996 2890 L.
1009 2859 1118 2890 Crassi.

172 2907 286 2938 vol..
308 2910 375 2940 ιν.
400 2911 440 2940 P.
463 2911 521 2939 11.
863 2912 888 2954 3
909 2912 935 2940 e
