<?xml version="1.0" encoding="UTF-8"?>
<!DOCTYPE html PUBLIC "-//W3C//DTD XHTML 1.0 Transitional//EN"
    "http://www.w3.org/TR/xhtml1/DTD/xhtml1-transitional.dtd">
<html xmlns="http://www.w3.org/1999/xhtml" xml:lang="en" lang="en">
 <head>
  <title>
</title>
<meta http-equiv="Content-Type" content="text/html;charset=utf-8" />
  <meta name='ocr-system' content='tesseract 3.04.00' />
  <meta name='ocr-capabilities' content='ocr_page ocr_carea ocr_par ocr_line ocrx_word'/>
</head>
<body>
  <div class='ocr_page' id='page_1' title='image "./p2operaomnia04ciceuoft_0028.png"; bbox 0 0 1844 3202; ppageno 0'>
   <div class='ocr_carea' id='block_1_1' title="bbox 208 84 1725 2056">
    <p class='ocr_par' dir='ltr' id='par_1_1' title="bbox 208 84 1725 2056">
     <span class='ocr_line' id='line_1_1' title="bbox 279 84 1186 125; baseline 0.002 -2"><span class='ocrx_word' id='word_1_1' title='bbox 279 86 366 123; x_wconf 72' lang='lat'>640</span> <span class='ocrx_word' id='word_1_2' title='bbox 812 84 890 123; x_wconf 92' lang='lat' dir='ltr'>DE</span> <span class='ocrx_word' id='word_1_3' title='bbox 929 86 1186 125; x_wconf 79' lang='lat' dir='ltr'>LEGIBUS</span> 
     </span>
     <span class='ocr_line' id='line_1_2' title="bbox 279 190 1713 252; baseline 0.001 -19"><span class='ocrx_word' id='word_1_4' title='bbox 279 190 445 247; x_wconf 85' lang='lat' dir='ltr'>aliquid</span> <span class='ocrx_word' id='word_1_5' title='bbox 466 193 616 234; x_wconf 75' lang='lat' dir='ltr'>sentiet</span> <span class='ocrx_word' id='word_1_6' title='bbox 636 207 679 235; x_wconf 86' lang='lat' dir='ltr'>se</span> <span class='ocrx_word' id='word_1_7' title='bbox 709 193 862 235; x_wconf 86' lang='lat' dir='ltr'>habere</span> <span class='ocrx_word' id='word_1_8' title='bbox 889 194 1089 246; x_wconf 85' lang='lat' dir='ltr'>divinum,</span> <span class='ocrx_word' id='word_1_9' title='bbox 1111 195 1412 252; x_wconf 82' lang='lat' dir='ltr'>ingeniumque</span> <span class='ocrx_word' id='word_1_10' title='bbox 1440 194 1481 236; x_wconf 88' lang='lat' dir='ltr'>iu</span> <span class='ocrx_word' id='word_1_11' title='bbox 1509 208 1553 236; x_wconf 89' lang='lat' dir='ltr'>se</span> <span class='ocrx_word' id='word_1_12' title='bbox 1574 204 1713 245; x_wconf 77' lang='lat' dir='ltr'>suum,</span> 
     </span>
     <span class='ocr_line' id='line_1_3' title="bbox 286 248 1712 307; baseline 0.003 -19"><span class='ocrx_word' id='word_1_13' title='bbox 286 249 396 289; x_wconf 85' lang='lat' dir='ltr'>sicut</span> <span class='ocrx_word' id='word_1_14' title='bbox 414 248 683 291; x_wconf 84' lang='lat' dir='ltr'><strong>simulacrum</strong></span> <span class='ocrx_word' id='word_1_15' title='bbox 703 250 888 306; x_wconf 83' lang='lat' dir='ltr'>aliquod,</span> <span class='ocrx_word' id='word_1_16' title='bbox 909 251 1149 293; x_wconf 87' lang='lat' dir='ltr'>dedicatum</span> <span class='ocrx_word' id='word_1_17' title='bbox 1172 252 1336 307; x_wconf 89' lang='lat' dir='ltr'>putabit</span> <span class='ocrx_word' id='word_1_18' title='bbox 1355 267 1366 302; x_wconf 83' lang='lat'><em>3</em></span> <span class='ocrx_word' id='word_1_19' title='bbox 1396 260 1598 306; x_wconf 84' lang='lat' dir='ltr'>tantoque</span> <span class='ocrx_word' id='word_1_20' title='bbox 1620 265 1712 292; x_wconf 89' lang='lat' dir='ltr'>mu·</span> 
     </span>
     <span class='ocr_line' id='line_1_4' title="bbox 287 304 1716 363; baseline 0.001 -18"><span class='ocrx_word' id='word_1_21' title='bbox 287 319 385 345; x_wconf 87' lang='lat' dir='ltr'>nere</span> <span class='ocrx_word' id='word_1_22' title='bbox 406 304 581 347; x_wconf 86' lang='lat' dir='ltr'>deorum</span> <span class='ocrx_word' id='word_1_23' title='bbox 602 320 765 362; x_wconf 80' lang='lat' dir='ltr'>semper</span> <span class='ocrx_word' id='word_1_24' title='bbox 796 307 974 362; x_wconf 87' lang='lat' dir='ltr'>dignum</span> <span class='ocrx_word' id='word_1_25' title='bbox 994 307 1151 363; x_wconf 86' lang='lat' dir='ltr'>aliquid</span> <span class='ocrx_word' id='word_1_26' title='bbox 1171 317 1213 349; x_wconf 89' lang='lat' dir='ltr'>et</span> <span class='ocrx_word' id='word_1_27' title='bbox 1230 308 1368 359; x_wconf 87' lang='lat' dir='ltr'>faciet,</span> <span class='ocrx_word' id='word_1_28' title='bbox 1388 316 1431 349; x_wconf 90' lang='lat' dir='ltr'>et</span> <span class='ocrx_word' id='word_1_29' title='bbox 1449 308 1599 349; x_wconf 62' lang='lat' dir='ltr'>sentiet</span> <span class='ocrx_word' id='word_1_30' title='bbox 1618 325 1627 349; x_wconf 69' lang='grc' dir='ltr'><strong><em>ε</em></strong></span> <span class='ocrx_word' id='word_1_31' title='bbox 1658 316 1716 358; x_wconf 91' lang='lat' dir='ltr'>et,</span> 
     </span>
     <span class='ocr_line' id='line_1_5' title="bbox 289 363 1715 419; baseline 0.001 -17"><span class='ocrx_word' id='word_1_32' title='bbox 289 369 326 394; x_wconf 75' lang='lat'>8⁵</span> <span class='ocrx_word' id='word_1_33' title='bbox 344 376 443 402; x_wconf 89' lang='lat' dir='ltr'>cum</span> <span class='ocrx_word' id='word_1_34' title='bbox 480 377 525 403; x_wconf 88' lang='lat' dir='ltr'>se</span> <span class='ocrx_word' id='word_1_35' title='bbox 564 363 652 418; x_wconf 84' lang='lat' dir='ltr'>ipse</span> <span class='ocrx_word' id='word_1_36' title='bbox 696 364 879 413; x_wconf 87' lang='lat' dir='ltr'>tentarit,</span> <span class='ocrx_word' id='word_1_37' title='bbox 913 373 1137 419; x_wconf 90' lang='lat' dir='ltr'>totumque</span> <span class='ocrx_word' id='word_1_38' title='bbox 1177 365 1458 419; x_wconf 85' lang='lat' dir='ltr'>perspexerit3</span> <span class='ocrx_word' id='word_1_39' title='bbox 1493 364 1715 418; x_wconf 82' lang='lat' dir='ltr'>intelliget,</span> 
     </span>
     <span class='ocr_line' id='line_1_6' title="bbox 285 418 1717 475; baseline 0.001 -17"><span class='ocrx_word' id='word_1_40' title='bbox 285 418 645 474; x_wconf 83' lang='lat' dir='ltr'>quemadmodum</span> <span class='ocrx_word' id='word_1_41' title='bbox 666 434 690 460; x_wconf 87' lang='lat' dir='ltr'>a</span> <span class='ocrx_word' id='word_1_42' title='bbox 711 429 854 460; x_wconf 86' lang='lat' dir='ltr'>natura</span> <span class='ocrx_word' id='word_1_43' title='bbox 876 426 914 451; x_wconf 73' lang='grc'>86</span> <span class='ocrx_word' id='word_1_44' title='bbox 929 421 1180 461; x_wconf 84' lang='lat' dir='ltr'>subornatus</span> <span class='ocrx_word' id='word_1_45' title='bbox 1196 421 1238 461; x_wconf 87' lang='lat' dir='ltr'>in</span> <span class='ocrx_word' id='word_1_46' title='bbox 1255 421 1379 461; x_wconf 85' lang='lat' dir='ltr'>vitam</span> <span class='ocrx_word' id='word_1_47' title='bbox 1399 420 1568 469; x_wconf 85' lang='lat' dir='ltr'>venerit,</span> <span class='ocrx_word' id='word_1_48' title='bbox 1583 433 1717 475; x_wconf 84' lang='lat' dir='ltr'>quan-</span> 
     </span>
     <span class='ocr_line' id='line_1_7' title="bbox 287 475 1717 532; baseline 0.001 -18"><span class='ocrx_word' id='word_1_49' title='bbox 287 484 413 530; x_wconf 87' lang='lat' dir='ltr'>taque</span> <span class='ocrx_word' id='word_1_50' title='bbox 444 476 718 516; x_wconf 86' lang='lat' dir='ltr'>instrumenta</span> <span class='ocrx_word' id='word_1_51' title='bbox 747 475 900 516; x_wconf 86' lang='lat' dir='ltr'>habeat</span> <span class='ocrx_word' id='word_1_52' title='bbox 929 476 983 517; x_wconf 89' lang='lat' dir='ltr'>ad</span> <span class='ocrx_word' id='word_1_53' title='bbox 1011 476 1285 517; x_wconf 83' lang='lat' dir='ltr'>obtinendam</span> <span class='ocrx_word' id='word_1_54' title='bbox 1320 476 1717 532; x_wconf 83' lang='lat' dir='ltr'>adipiscendamque</span> 
     </span>
     <span class='ocr_line' id='line_1_8' title="bbox 286 531 1718 588; baseline 0.001 -17"><span class='ocrx_word' id='word_1_55' title='bbox 286 531 560 585; x_wconf 78' lang='lat' dir='ltr'>sapientiam:</span> <span class='ocrx_word' id='word_1_56' title='bbox 595 540 630 567; x_wconf 79' lang='lat'>8⁷</span> <span class='ocrx_word' id='word_1_57' title='bbox 651 532 850 587; x_wconf 82' lang='lat' dir='ltr'>quoniam</span> <span class='ocrx_word' id='word_1_58' title='bbox 882 532 1084 588; x_wconf 86' lang='lat' dir='ltr'>principia</span> <span class='ocrx_word' id='word_1_59' title='bbox 1110 547 1249 573; x_wconf 88' lang='lat' dir='ltr'>rerum</span> <span class='ocrx_word' id='word_1_60' title='bbox 1279 533 1483 582; x_wconf 87' lang='lat' dir='ltr'>omnium,</span> <span class='ocrx_word' id='word_1_61' title='bbox 1505 533 1622 588; x_wconf 89' lang='lat' dir='ltr'>quasi</span> <span class='ocrx_word' id='word_1_62' title='bbox 1643 532 1718 572; x_wconf 88' lang='lat' dir='ltr'>ad-</span> 
     </span>
     <span class='ocr_line' id='line_1_9' title="bbox 287 587 1718 644; baseline 0.002 -18"><span class='ocrx_word' id='word_1_63' title='bbox 287 587 502 628; x_wconf 87' lang='lat' dir='ltr'>umbratas</span> <span class='ocrx_word' id='word_1_64' title='bbox 530 588 840 643; x_wconf 59' lang='lat' dir='ltr'>intelligentiam,</span> <span class='ocrx_word' id='word_1_65' title='bbox 861 589 1003 629; x_wconf 87' lang='lat' dir='ltr'>animo</span> <span class='ocrx_word' id='word_1_66' title='bbox 1035 603 1082 629; x_wconf 88' lang='lat' dir='ltr'>ac</span> <span class='ocrx_word' id='word_1_67' title='bbox 1111 599 1250 630; x_wconf 88' lang='lat' dir='ltr'>mente</span> <span class='ocrx_word' id='word_1_68' title='bbox 1272 589 1535 643; x_wconf 84' lang='lat' dir='ltr'>conceperit:</span> <span class='ocrx_word' id='word_1_69' title='bbox 1566 588 1718 644; x_wconf 89' lang='lat' dir='ltr'>quibus</span> 
     </span>
     <span class='ocr_line' id='line_1_10' title="bbox 288 642 1718 700; baseline 0.001 -16"><span class='ocrx_word' id='word_1_70' title='bbox 288 642 532 695; x_wconf 87' lang='lat' dir='ltr'>illustratus,</span> <span class='ocrx_word' id='word_1_71' title='bbox 563 645 765 700; x_wconf 86' lang='lat' dir='ltr'>sapientia</span> <span class='ocrx_word' id='word_1_72' title='bbox 792 645 914 695; x_wconf 85' lang='lat' dir='ltr'>duce,</span> <span class='ocrx_word' id='word_1_73' title='bbox 945 645 1104 686; x_wconf 87' lang='lat' dir='ltr'>bonum</span> <span class='ocrx_word' id='word_1_74' title='bbox 1135 646 1282 694; x_wconf 87' lang='lat' dir='ltr'>virum,</span> <span class='ocrx_word' id='word_1_75' title='bbox 1303 654 1345 685; x_wconf 90' lang='lat' dir='ltr'>et</span> <span class='ocrx_word' id='word_1_76' title='bbox 1374 646 1431 685; x_wconf 92' lang='lat' dir='ltr'>ob</span> <span class='ocrx_word' id='word_1_77' title='bbox 1461 659 1553 685; x_wconf 88' lang='lat' dir='ltr'>eam</span> <span class='ocrx_word' id='word_1_78' title='bbox 1583 644 1718 700; x_wconf 88' lang='lat' dir='ltr'>ipsam</span> 
     </span>
     <span class='ocr_line' id='line_1_11' title="bbox 208 697 1720 756; baseline 0.001 -16"><span class='ocrx_word' id='word_1_79' title='bbox 208 697 279 746; x_wconf 74' lang='lat'>23</span> <span class='ocrx_word' id='word_1_80' title='bbox 291 714 460 740; x_wconf 88' lang='lat' dir='ltr'>causam</span> <span class='ocrx_word' id='word_1_81' title='bbox 488 713 630 742; x_wconf 87' lang='lat' dir='ltr'>cernat</span> <span class='ocrx_word' id='word_1_82' title='bbox 660 716 702 741; x_wconf 90' lang='lat' dir='ltr'>se</span> <span class='ocrx_word' id='word_1_83' title='bbox 727 702 898 743; x_wconf 85' lang='lat' dir='ltr'>beatum</span> <span class='ocrx_word' id='word_1_84' title='bbox 926 701 1029 742; x_wconf 87' lang='lat' dir='ltr'>fore.</span> <span class='ocrx_word' id='word_1_85' title='bbox 1087 702 1201 742; x_wconf 89' lang='lat' dir='ltr'>Nam</span> <span class='ocrx_word' id='word_1_86' title='bbox 1221 716 1319 742; x_wconf 90' lang='lat' dir='ltr'>cum</span> <span class='ocrx_word' id='word_1_87' title='bbox 1338 702 1516 751; x_wconf 85' lang='lat' dir='ltr'>animus,</span> <span class='ocrx_word' id='word_1_88' title='bbox 1536 701 1720 756; x_wconf 87' lang='lat' dir='ltr'>cognitis</span> 
     </span>
     <span class='ocr_line' id='line_1_12' title="bbox 227 757 1721 813; baseline 0.001 -16"><span class='ocrx_word' id='word_1_89' title='bbox 227 766 280 803; x_wconf 84' lang='lat'>60</span> <span class='ocrx_word' id='word_1_90' title='bbox 290 757 580 812; x_wconf 88' lang='lat' dir='ltr'>perceptisque</span> <span class='ocrx_word' id='word_1_91' title='bbox 609 758 847 809; x_wconf 82' lang='lat' dir='ltr'>virtutibus,</span> <span class='ocrx_word' id='word_1_92' title='bbox 877 772 902 798; x_wconf 85' lang='lat' dir='ltr'>a</span> <span class='ocrx_word' id='word_1_93' title='bbox 930 757 1117 813; x_wconf 90' lang='lat' dir='ltr'>corporis</span> <span class='ocrx_word' id='word_1_94' title='bbox 1146 758 1351 813; x_wconf 86' lang='lat' dir='ltr'>obsequio</span> <span class='ocrx_word' id='word_1_95' title='bbox 1372 757 1721 813; x_wconf 85' lang='lat' dir='ltr'>indulgentiaque</span> 
     </span>
     <span class='ocr_line' id='line_1_13' title="bbox 289 812 1720 870; baseline 0.001 -17"><span class='ocrx_word' id='word_1_96' title='bbox 289 812 538 863; x_wconf 85' lang='lat' dir='ltr'>discesserit,</span> <span class='ocrx_word' id='word_1_97' title='bbox 556 814 916 870; x_wconf 85' lang='lat' dir='ltr'>voluptatemque,</span> <span class='ocrx_word' id='word_1_98' title='bbox 937 815 1045 855; x_wconf 89' lang='lat' dir='ltr'>sicut</span> <span class='ocrx_word' id='word_1_99' title='bbox 1072 814 1210 856; x_wconf 90' lang='lat' dir='ltr'>labem</span> <span class='ocrx_word' id='word_1_100' title='bbox 1239 815 1420 869; x_wconf 83' lang='lat' dir='ltr'>aliquam</span> <span class='ocrx_word' id='word_1_101' title='bbox 1444 813 1621 864; x_wconf 84' lang='lat' dir='ltr'>decoris,</span> <span class='ocrx_word' id='word_1_102' title='bbox 1642 828 1720 868; x_wconf 89' lang='lat' dir='ltr'>op-</span> 
     </span>
     <span class='ocr_line' id='line_1_14' title="bbox 288 870 1721 926; baseline 0.001 -17"><span class='ocrx_word' id='word_1_103' title='bbox 288 870 508 925; x_wconf 71' lang='lat' dir='ltr'>presserit„</span> <span class='ocrx_word' id='word_1_104' title='bbox 528 885 782 925; x_wconf 89' lang='lat' dir='ltr'>omnemque</span> <span class='ocrx_word' id='word_1_105' title='bbox 813 871 974 921; x_wconf 88' lang='lat' dir='ltr'>mortis,</span> <span class='ocrx_word' id='word_1_106' title='bbox 1005 871 1247 926; x_wconf 88' lang='lat' dir='ltr'>dolorisque</span> <span class='ocrx_word' id='word_1_107' title='bbox 1277 871 1473 912; x_wconf 88' lang='lat' dir='ltr'>timorem</span> <span class='ocrx_word' id='word_1_108' title='bbox 1511 870 1721 926; x_wconf 86' lang='lat' dir='ltr'>effugerit,</span> 
     </span>
     <span class='ocr_line' id='line_1_15' title="bbox 288 926 1723 982; baseline 0.001 -16"><span class='ocrx_word' id='word_1_109' title='bbox 288 926 616 981; x_wconf 87' lang='lat' dir='ltr'>societatemque</span> <span class='ocrx_word' id='word_1_110' title='bbox 649 927 832 967; x_wconf 88' lang='lat' dir='ltr'>caritatis</span> <span class='ocrx_word' id='word_1_111' title='bbox 865 927 1010 967; x_wconf 85' lang='lat' dir='ltr'>coierit</span> <span class='ocrx_word' id='word_1_112' title='bbox 1041 942 1138 968; x_wconf 90' lang='lat' dir='ltr'>cum</span> <span class='ocrx_word' id='word_1_113' title='bbox 1174 928 1273 977; x_wconf 80' lang='lat' dir='ltr'>suis,</span> <span class='ocrx_word' id='word_1_114' title='bbox 1308 941 1540 982; x_wconf 90' lang='lat' dir='ltr'>omnesque</span> <span class='ocrx_word' id='word_1_115' title='bbox 1574 936 1723 968; x_wconf 84' lang='lat' dir='ltr'>natura</span> 
     </span>
     <span class='ocr_line' id='line_1_16' title="bbox 287 982 1724 1039; baseline 0.001 -17"><span class='ocrx_word' id='word_1_116' title='bbox 287 982 563 1038; x_wconf 83' lang='lat' dir='ltr'>conjunctos,</span> <span class='ocrx_word' id='word_1_117' title='bbox 580 997 679 1023; x_wconf 88' lang='lat' dir='ltr'>suos</span> <span class='ocrx_word' id='word_1_118' title='bbox 707 983 883 1032; x_wconf 85' lang='lat' dir='ltr'>duxerit,</span> <span class='ocrx_word' id='word_1_119' title='bbox 912 983 1158 1039; x_wconf 91' lang='lat' dir='ltr'>cultumque</span> <span class='ocrx_word' id='word_1_120' title='bbox 1183 983 1359 1024; x_wconf 90' lang='lat' dir='ltr'>deorum</span> <span class='ocrx_word' id='word_1_121' title='bbox 1388 993 1431 1024; x_wconf 90' lang='lat' dir='ltr'>et</span> <span class='ocrx_word' id='word_1_122' title='bbox 1452 997 1599 1039; x_wconf 88' lang='lat' dir='ltr'>puram</span> <span class='ocrx_word' id='word_1_123' title='bbox 1627 982 1724 1024; x_wconf 84' lang='lat' dir='ltr'>reli-</span> 
     </span>
     <span class='ocr_line' id='line_1_17' title="bbox 287 1038 1722 1094; baseline 0.002 -17"><span class='ocrx_word' id='word_1_124' title='bbox 287 1038 459 1094; x_wconf 89' lang='lat' dir='ltr'>gionem</span> <span class='ocrx_word' id='word_1_125' title='bbox 491 1038 735 1093; x_wconf 86' lang='lat' dir='ltr'>susceperit,</span> <span class='ocrx_word' id='word_1_126' title='bbox 757 1048 798 1079; x_wconf 89' lang='lat' dir='ltr'>et</span> <span class='ocrx_word' id='word_1_127' title='bbox 828 1039 1038 1080; x_wconf 87' lang='lat' dir='ltr'>exacuerit</span> <span class='ocrx_word' id='word_1_128' title='bbox 1067 1040 1197 1089; x_wconf 89' lang='lat' dir='ltr'>illam,</span> <span class='ocrx_word' id='word_1_129' title='bbox 1228 1049 1274 1080; x_wconf 89' lang='lat' dir='ltr'>ut</span> <span class='ocrx_word' id='word_1_130' title='bbox 1305 1040 1542 1088; x_wconf 87' lang='lat' dir='ltr'>oculorum,</span> <span class='ocrx_word' id='word_1_131' title='bbox 1572 1039 1630 1080; x_wconf 91' lang='lat' dir='ltr'>sic</span> <span class='ocrx_word' id='word_1_132' title='bbox 1659 1040 1722 1080; x_wconf 89' lang='lat' dir='ltr'>in-</span> 
     </span>
     <span class='ocr_line' id='line_1_18' title="bbox 288 1094 1721 1152; baseline 0.001 -18"><span class='ocrx_word' id='word_1_133' title='bbox 288 1094 402 1148; x_wconf 89' lang='lat' dir='ltr'>genii</span> <span class='ocrx_word' id='word_1_134' title='bbox 423 1094 571 1145; x_wconf 90' lang='lat' dir='ltr'>aciem,</span> <span class='ocrx_word' id='word_1_135' title='bbox 590 1095 641 1135; x_wconf 90' lang='lat' dir='ltr'>ad</span> <span class='ocrx_word' id='word_1_136' title='bbox 668 1095 780 1135; x_wconf 90' lang='lat' dir='ltr'>bona</span> <span class='ocrx_word' id='word_1_137' title='bbox 799 1094 1037 1150; x_wconf 87' lang='lat' dir='ltr'>deligenda,</span> <span class='ocrx_word' id='word_1_138' title='bbox 1057 1105 1098 1136; x_wconf 94' lang='lat' dir='ltr'>et</span> <span class='ocrx_word' id='word_1_139' title='bbox 1120 1095 1344 1152; x_wconf 87' lang='lat' dir='ltr'>rejicienda</span> <span class='ocrx_word' id='word_1_140' title='bbox 1363 1095 1595 1136; x_wconf 85' lang='lat' dir='ltr'>contraria:</span> <span class='ocrx_word' id='word_1_141' title='bbox 1626 1110 1721 1150; x_wconf 80' lang='lat' dir='ltr'>quae</span> 
     </span>
     <span class='ocr_line' id='line_1_19' title="bbox 289 1150 1722 1208; baseline 0.001 -17"><span class='ocrx_word' id='word_1_142' title='bbox 289 1150 418 1192; x_wconf 89' lang='lat' dir='ltr'>virtus</span> <span class='ocrx_word' id='word_1_143' title='bbox 439 1166 489 1191; x_wconf 81' lang='lat' dir='ltr'>ex</span> <span class='ocrx_word' id='word_1_144' title='bbox 511 1151 767 1206; x_wconf 88' lang='lat' dir='ltr'>providendo</span> <span class='ocrx_word' id='word_1_145' title='bbox 789 1162 851 1192; x_wconf 84' lang='lat' dir='ltr'>est</span> <span class='ocrx_word' id='word_1_146' title='bbox 871 1152 1080 1207; x_wconf 89' lang='lat' dir='ltr'>appellata</span> <span class='ocrx_word' id='word_1_147' title='bbox 1103 1151 1348 1193; x_wconf 89' lang='lat' dir='ltr'>Prudentia:</span> <span class='ocrx_word' id='word_1_148' title='bbox 1380 1151 1480 1208; x_wconf 90' lang='lat' dir='ltr'>quid</span> <span class='ocrx_word' id='word_1_149' title='bbox 1497 1165 1548 1192; x_wconf 92' lang='lat' dir='ltr'>eo</span> <span class='ocrx_word' id='word_1_150' title='bbox 1572 1159 1610 1184; x_wconf 80' lang='lat'>88</span> <span class='ocrx_word' id='word_1_151' title='bbox 1625 1151 1722 1202; x_wconf 89' lang='lat' dir='ltr'>dici,</span> 
     </span>
     <span class='ocr_line' id='line_1_20' title="bbox 226 1207 1724 1264; baseline 0.001 -17"><span class='ocrx_word' id='word_1_152' title='bbox 226 1208 271 1245; x_wconf 82' lang='lat'>61</span> <span class='ocrx_word' id='word_1_153' title='bbox 291 1217 364 1248; x_wconf 81' lang='lat' dir='ltr'>aut</span> <span class='ocrx_word' id='word_1_154' title='bbox 393 1208 573 1262; x_wconf 89' lang='lat' dir='ltr'>cogitari</span> <span class='ocrx_word' id='word_1_155' title='bbox 603 1209 757 1263; x_wconf 87' lang='lat' dir='ltr'>poterit</span> <span class='ocrx_word' id='word_1_156' title='bbox 785 1209 980 1249; x_wconf 86' lang='lat' dir='ltr'>beatius?</span> <span class='ocrx_word' id='word_1_157' title='bbox 1016 1207 1220 1264; x_wconf 87' lang='lat' dir='ltr'>Idemque</span> <span class='ocrx_word' id='word_1_158' title='bbox 1251 1223 1348 1249; x_wconf 89' lang='lat' dir='ltr'>cum</span> <span class='ocrx_word' id='word_1_159' title='bbox 1378 1208 1550 1258; x_wconf 88' lang='lat' dir='ltr'>coelum,</span> <span class='ocrx_word' id='word_1_160' title='bbox 1578 1216 1724 1258; x_wconf 82' lang='lat' dir='ltr'>terraS‚</span> 
     </span>
     <span class='ocr_line' id='line_1_21' title="bbox 245 1260 1724 1320; baseline 0.001 -16"><span class='ocrx_word' id='word_1_161' title='bbox 245 1260 278 1292; x_wconf 83' lang='lat' dir='ltr'>b.</span> <span class='ocrx_word' id='word_1_162' title='bbox 291 1264 435 1314; x_wconf 88' lang='lat' dir='ltr'>maria,</span> <span class='ocrx_word' id='word_1_163' title='bbox 464 1278 687 1319; x_wconf 84' lang='lat' dir='ltr'>rerumque</span> <span class='ocrx_word' id='word_1_164' title='bbox 714 1264 904 1304; x_wconf 88' lang='lat' dir='ltr'>omnium</span> <span class='ocrx_word' id='word_1_165' title='bbox 936 1273 1124 1305; x_wconf 90' lang='lat' dir='ltr'>naturam</span> <span class='ocrx_word' id='word_1_166' title='bbox 1161 1264 1431 1320; x_wconf 80' lang='lat' dir='ltr'>perspexerit,</span> <span class='ocrx_word' id='word_1_167' title='bbox 1459 1279 1591 1320; x_wconf 89' lang='lat' dir='ltr'>eaque</span> <span class='ocrx_word' id='word_1_168' title='bbox 1610 1264 1724 1305; x_wconf 86' lang='lat' dir='ltr'>unde</span> 
     </span>
     <span class='ocr_line' id='line_1_22' title="bbox 286 1320 1723 1376; baseline 0.001 -16"><span class='ocrx_word' id='word_1_169' title='bbox 286 1329 502 1374; x_wconf 87' lang='lat' dir='ltr'>generata,</span> <span class='ocrx_word' id='word_1_170' title='bbox 522 1335 608 1376; x_wconf 89' lang='lat' dir='ltr'>quo</span> <span class='ocrx_word' id='word_1_171' title='bbox 641 1330 869 1371; x_wconf 85' lang='lat' dir='ltr'>recurrant,</span> <span class='ocrx_word' id='word_1_172' title='bbox 891 1320 1074 1376; x_wconf 90' lang='lat' dir='ltr'>quando,</span> <span class='ocrx_word' id='word_1_173' title='bbox 1095 1335 1180 1376; x_wconf 93' lang='lat' dir='ltr'>quo</span> <span class='ocrx_word' id='word_1_174' title='bbox 1200 1320 1330 1362; x_wconf 88' lang='lat' dir='ltr'>modo</span> <span class='ocrx_word' id='word_1_175' title='bbox 1355 1321 1536 1371; x_wconf 88' lang='lat' dir='ltr'>obitura,</span> <span class='ocrx_word' id='word_1_176' title='bbox 1559 1320 1659 1376; x_wconf 89' lang='lat' dir='ltr'>quid</span> <span class='ocrx_word' id='word_1_177' title='bbox 1680 1321 1723 1362; x_wconf 91' lang='lat' dir='ltr'>in</span> 
     </span>
     <span class='ocr_line' id='line_1_23' title="bbox 287 1377 1722 1433; baseline 0.001 -16"><span class='ocrx_word' id='word_1_178' title='bbox 287 1377 337 1417; x_wconf 87' lang='lat' dir='ltr'>iis</span> <span class='ocrx_word' id='word_1_179' title='bbox 368 1377 545 1418; x_wconf 87' lang='lat' dir='ltr'>mortale</span> <span class='ocrx_word' id='word_1_180' title='bbox 575 1386 617 1418; x_wconf 90' lang='lat' dir='ltr'>et</span> <span class='ocrx_word' id='word_1_181' title='bbox 646 1377 869 1426; x_wconf 88' lang='lat' dir='ltr'>caducum,</span> <span class='ocrx_word' id='word_1_182' title='bbox 891 1377 993 1433; x_wconf 89' lang='lat' dir='ltr'>quid</span> <span class='ocrx_word' id='word_1_183' title='bbox 1022 1377 1222 1428; x_wconf 88' lang='lat' dir='ltr'>divinum,</span> <span class='ocrx_word' id='word_1_184' title='bbox 1251 1388 1536 1433; x_wconf 83' lang='lat' dir='ltr'>aeternumque</span> <span class='ocrx_word' id='word_1_185' title='bbox 1566 1377 1634 1427; x_wconf 91' lang='lat' dir='ltr'>sit,</span> <span class='ocrx_word' id='word_1_186' title='bbox 1664 1377 1722 1418; x_wconf 86' lang='lat' dir='ltr'>vi-</span> 
     </span>
     <span class='ocr_line' id='line_1_24' title="bbox 287 1432 1722 1490; baseline 0 -16"><span class='ocrx_word' id='word_1_187' title='bbox 287 1432 408 1484; x_wconf 90' lang='lat' dir='ltr'>derit,</span> <span class='ocrx_word' id='word_1_188' title='bbox 439 1433 664 1489; x_wconf 89' lang='lat' dir='ltr'>ipsumque</span> <span class='ocrx_word' id='word_1_189' title='bbox 694 1449 744 1474; x_wconf 84' lang='lat' dir='ltr'>ea</span> <span class='ocrx_word' id='word_1_190' title='bbox 773 1433 1060 1475; x_wconf 85' lang='lat' dir='ltr'>moderantem</span> <span class='ocrx_word' id='word_1_191' title='bbox 1092 1444 1135 1474; x_wconf 92' lang='lat' dir='ltr'>et</span> <span class='ocrx_word' id='word_1_192' title='bbox 1164 1443 1381 1489; x_wconf 88' lang='lat' dir='ltr'>regentem</span> <span class='ocrx_word' id='word_1_193' title='bbox 1404 1448 1521 1490; x_wconf 80' lang='lat' dir='ltr'>paene</span> <span class='ocrx_word' id='word_1_194' title='bbox 1544 1434 1722 1489; x_wconf 86' lang='lat' dir='ltr'>prehen-</span> 
     </span>
     <span class='ocr_line' id='line_1_25' title="bbox 288 1488 1722 1546; baseline 0.001 -16"><span class='ocrx_word' id='word_1_195' title='bbox 288 1488 411 1541; x_wconf 86' lang='lat' dir='ltr'>derit,</span> <span class='ocrx_word' id='word_1_196' title='bbox 434 1504 610 1546; x_wconf 87' lang='lat' dir='ltr'>seseque</span> <span class='ocrx_word' id='word_1_197' title='bbox 641 1498 679 1524; x_wconf 77' lang='grc'>89</span> <span class='ocrx_word' id='word_1_198' title='bbox 695 1505 780 1531; x_wconf 87' lang='lat' dir='ltr'>non</span> <span class='ocrx_word' id='word_1_199' title='bbox 801 1490 924 1531; x_wconf 87' lang='lat' dir='ltr'>unius</span> <span class='ocrx_word' id='word_1_200' title='bbox 944 1490 1249 1531; x_wconf 86' lang='lat' dir='ltr'>circumdatum</span> <span class='ocrx_word' id='word_1_201' title='bbox 1273 1491 1498 1541; x_wconf 57' lang='lat' dir='ltr'>moenibus,</span> <span class='ocrx_word' id='word_1_202' title='bbox 1531 1490 1628 1541; x_wconf 90' lang='lat' dir='ltr'>loci,</span> <span class='ocrx_word' id='word_1_203' title='bbox 1648 1490 1722 1531; x_wconf 90' lang='lat' dir='ltr'>sed</span> 
     </span>
     <span class='ocr_line' id='line_1_26' title="bbox 288 1546 1722 1603; baseline 0.001 -17"><span class='ocrx_word' id='word_1_204' title='bbox 288 1546 420 1587; x_wconf 82' lang='lat' dir='ltr'>civem</span> <span class='ocrx_word' id='word_1_205' title='bbox 441 1547 573 1588; x_wconf 86' lang='lat' dir='ltr'>totius</span> <span class='ocrx_word' id='word_1_206' title='bbox 594 1546 755 1597; x_wconf 88' lang='lat' dir='ltr'>mundi,</span> <span class='ocrx_word' id='word_1_207' title='bbox 777 1547 894 1602; x_wconf 85' lang='lat' dir='ltr'>quasi</span> <span class='ocrx_word' id='word_1_208' title='bbox 916 1546 1038 1588; x_wconf 88' lang='lat' dir='ltr'>unius</span> <span class='ocrx_word' id='word_1_209' title='bbox 1059 1547 1188 1597; x_wconf 86' lang='lat' dir='ltr'>urbis,</span> <span class='ocrx_word' id='word_1_210' title='bbox 1209 1548 1426 1603; x_wconf 82' lang='lat' dir='ltr'>agnoverit.</span> <span class='ocrx_word' id='word_1_211' title='bbox 1445 1565 1453 1588; x_wconf 91' lang='lat'><strong>:</strong></span> <span class='ocrx_word' id='word_1_212' title='bbox 1485 1547 1526 1587; x_wconf 89' lang='lat' dir='ltr'>in</span> <span class='ocrx_word' id='word_1_213' title='bbox 1548 1546 1626 1588; x_wconf 81' lang='lat' dir='ltr'>hac</span> <span class='ocrx_word' id='word_1_214' title='bbox 1653 1547 1722 1588; x_wconf 90' lang='lat' dir='ltr'>ille</span> 
     </span>
     <span class='ocr_line' id='line_1_27' title="bbox 288 1603 1723 1659; baseline 0.001 -17"><span class='ocrx_word' id='word_1_215' title='bbox 288 1603 603 1658; x_wconf 86' lang='lat' dir='ltr'>magnificentia</span> <span class='ocrx_word' id='word_1_216' title='bbox 631 1617 786 1653; x_wconf 86' lang='lat' dir='ltr'>rerum,</span> <span class='ocrx_word' id='word_1_217' title='bbox 816 1611 941 1658; x_wconf 87' lang='lat' dir='ltr'>atque</span> <span class='ocrx_word' id='word_1_218' title='bbox 971 1603 1011 1643; x_wconf 87' lang='lat' dir='ltr'>iu</span> <span class='ocrx_word' id='word_1_219' title='bbox 1043 1603 1124 1644; x_wconf 87' lang='lat' dir='ltr'>hoc</span> <span class='ocrx_word' id='word_1_220' title='bbox 1155 1614 1383 1659; x_wconf 82' lang='lat' dir='ltr'>conspectu</span> <span class='ocrx_word' id='word_1_221' title='bbox 1413 1614 1455 1644; x_wconf 90' lang='lat' dir='ltr'>et</span> <span class='ocrx_word' id='word_1_222' title='bbox 1480 1604 1723 1659; x_wconf 86' lang='lat' dir='ltr'>cognitione</span> 
     </span>
     <span class='ocr_line' id='line_1_28' title="bbox 226 1659 1725 1717; baseline 0.001 -18"><span class='ocrx_word' id='word_1_223' title='bbox 226 1662 276 1699; x_wconf 84' lang='lat'>62</span> <span class='ocrx_word' id='word_1_224' title='bbox 291 1669 449 1701; x_wconf 79' lang='lat' dir='ltr'>naturae</span> <span class='ocrx_word' id='word_1_225' title='bbox 482 1659 539 1701; x_wconf 92' lang='lat' dir='ltr'>dii</span> <span class='ocrx_word' id='word_1_226' title='bbox 568 1660 856 1701; x_wconf 87' lang='lat' dir='ltr'>immortales!</span> <span class='ocrx_word' id='word_1_227' title='bbox 890 1674 1017 1715; x_wconf 89' lang='lat' dir='ltr'>quam</span> <span class='ocrx_word' id='word_1_228' title='bbox 1048 1660 1135 1715; x_wconf 89' lang='lat' dir='ltr'>ipse</span> <span class='ocrx_word' id='word_1_229' title='bbox 1163 1675 1206 1701; x_wconf 89' lang='lat' dir='ltr'>se</span> <span class='ocrx_word' id='word_1_230' title='bbox 1228 1662 1396 1701; x_wconf 86' lang='lat' dir='ltr'>noscet?</span> <span class='ocrx_word' id='word_1_231' title='bbox 1429 1661 1544 1716; x_wconf 87' lang='lat' dir='ltr'>quod</span> <span class='ocrx_word' id='word_1_232' title='bbox 1566 1659 1725 1717; x_wconf 87' lang='lat' dir='ltr'>Apollo</span> 
     </span>
     <span class='ocr_line' id='line_1_29' title="bbox 288 1715 1722 1773; baseline -0.001 -16"><span class='ocrx_word' id='word_1_233' title='bbox 288 1715 490 1772; x_wconf 76' lang='lat' dir='ltr'>praecepit</span> <span class='ocrx_word' id='word_1_234' title='bbox 521 1716 721 1773; x_wconf 85' lang='lat' dir='ltr'>Pythius:</span> <span class='ocrx_word' id='word_1_235' title='bbox 753 1730 880 1772; x_wconf 88' lang='lat' dir='ltr'>quam</span> <span class='ocrx_word' id='word_1_236' title='bbox 911 1725 1167 1766; x_wconf 84' lang='lat' dir='ltr'>contemnet,</span> <span class='ocrx_word' id='word_1_237' title='bbox 1193 1731 1319 1772; x_wconf 86' lang='lat' dir='ltr'>quam</span> <span class='ocrx_word' id='word_1_238' title='bbox 1349 1717 1564 1772; x_wconf 87' lang='lat' dir='ltr'>despiciet,</span> <span class='ocrx_word' id='word_1_239' title='bbox 1595 1731 1722 1771; x_wconf 89' lang='lat' dir='ltr'>quam</span> 
     </span>
     <span class='ocr_line' id='line_1_30' title="bbox 288 1772 1719 1828; baseline 0 -15"><span class='ocrx_word' id='word_1_240' title='bbox 288 1787 367 1828; x_wconf 89' lang='lat' dir='ltr'>pro</span> <span class='ocrx_word' id='word_1_241' title='bbox 398 1772 528 1813; x_wconf 86' lang='lat' dir='ltr'>nihilo</span> <span class='ocrx_word' id='word_1_242' title='bbox 559 1773 728 1828; x_wconf 85' lang='lat' dir='ltr'>putabit</span> <span class='ocrx_word' id='word_1_243' title='bbox 760 1787 823 1824; x_wconf 91' lang='lat' dir='ltr'>ea,</span> <span class='ocrx_word' id='word_1_244' title='bbox 855 1781 894 1806; x_wconf 81' lang='lat'>⁹0</span> <span class='ocrx_word' id='word_1_245' title='bbox 910 1788 1004 1828; x_wconf 86' lang='lat' dir='ltr'>quae</span> <span class='ocrx_word' id='word_1_246' title='bbox 1041 1773 1167 1828; x_wconf 91' lang='lat' dir='ltr'>vulgo</span> <span class='ocrx_word' id='word_1_247' title='bbox 1201 1774 1397 1814; x_wconf 87' lang='lat' dir='ltr'>dicuntur</span> <span class='ocrx_word' id='word_1_248' title='bbox 1431 1772 1719 1827; x_wconf 82' lang='lat' dir='ltr'>amplissima?</span> 
     </span>
     <span class='ocr_line' id='line_1_31' title="bbox 289 1829 1724 1885; baseline 0 -15"><span class='ocrx_word' id='word_1_249' title='bbox 289 1830 433 1885; x_wconf 89' lang='lat' dir='ltr'>Atque</span> <span class='ocrx_word' id='word_1_250' title='bbox 456 1829 547 1870; x_wconf 88' lang='lat' dir='ltr'>haec</span> <span class='ocrx_word' id='word_1_251' title='bbox 567 1831 724 1879; x_wconf 88' lang='lat' dir='ltr'>omnia,</span> <span class='ocrx_word' id='word_1_252' title='bbox 745 1830 863 1884; x_wconf 88' lang='lat' dir='ltr'>quasi</span> <span class='ocrx_word' id='word_1_253' title='bbox 884 1829 1117 1884; x_wconf 81' lang='lat' dir='ltr'>sepimento</span> <span class='ocrx_word' id='word_1_254' title='bbox 1136 1830 1292 1885; x_wconf 88' lang='lat' dir='ltr'>aliqu0,</span> <span class='ocrx_word' id='word_1_255' title='bbox 1311 1830 1479 1870; x_wconf 85' lang='lat' dir='ltr'>vallabit</span> <span class='ocrx_word' id='word_1_256' title='bbox 1493 1829 1724 1871; x_wconf 87' lang='lat' dir='ltr'>disserendi</span> 
     </span>
     <span class='ocr_line' id='line_1_32' title="bbox 291 1885 1724 1942; baseline -0.001 -15"><span class='ocrx_word' id='word_1_257' title='bbox 291 1886 467 1936; x_wconf 87' lang='lat' dir='ltr'>ratione,</span> <span class='ocrx_word' id='word_1_258' title='bbox 489 1895 524 1920; x_wconf 86' lang='lat'>9¹</span> <span class='ocrx_word' id='word_1_259' title='bbox 544 1887 625 1926; x_wconf 81' lang='lat' dir='ltr'>veri</span> <span class='ocrx_word' id='word_1_260' title='bbox 646 1895 690 1927; x_wconf 90' lang='lat' dir='ltr'>et</span> <span class='ocrx_word' id='word_1_261' title='bbox 709 1885 802 1926; x_wconf 89' lang='lat' dir='ltr'>falsi</span> <span class='ocrx_word' id='word_1_262' title='bbox 827 1886 1047 1942; x_wconf 87' lang='lat' dir='ltr'>judicandi</span> <span class='ocrx_word' id='word_1_263' title='bbox 1066 1885 1284 1941; x_wconf 86' lang='lat' dir='ltr'>disciplina</span> <span class='ocrx_word' id='word_1_264' title='bbox 1304 1896 1348 1927; x_wconf 90' lang='lat' dir='ltr'>et</span> <span class='ocrx_word' id='word_1_265' title='bbox 1367 1886 1553 1937; x_wconf 87' lang='lat' dir='ltr'>scientia,</span> <span class='ocrx_word' id='word_1_266' title='bbox 1575 1895 1617 1926; x_wconf 89' lang='lat' dir='ltr'>et</span> <span class='ocrx_word' id='word_1_267' title='bbox 1636 1894 1724 1926; x_wconf 90' lang='lat' dir='ltr'>arte</span> 
     </span>
     <span class='ocr_line' id='line_1_33' title="bbox 291 1942 1725 1999; baseline -0.001 -16"><span class='ocrx_word' id='word_1_268' title='bbox 291 1942 474 1999; x_wconf 87' lang='lat' dir='ltr'>quadam</span> <span class='ocrx_word' id='word_1_269' title='bbox 494 1942 772 1998; x_wconf 83' lang='lat' dir='ltr'>intelligendi,</span> <span class='ocrx_word' id='word_1_270' title='bbox 792 1942 893 1998; x_wconf 84' lang='lat' dir='ltr'>quid</span> <span class='ocrx_word' id='word_1_271' title='bbox 913 1957 1123 1998; x_wconf 84' lang='lat' dir='ltr'>quamque</span> <span class='ocrx_word' id='word_1_272' title='bbox 1145 1958 1232 1983; x_wconf 90' lang='lat' dir='ltr'>rem</span> <span class='ocrx_word' id='word_1_273' title='bbox 1254 1953 1466 1998; x_wconf 88' lang='lat' dir='ltr'>sequatur,</span> <span class='ocrx_word' id='word_1_274' title='bbox 1486 1951 1528 1983; x_wconf 88' lang='lat' dir='ltr'>et</span> <span class='ocrx_word' id='word_1_275' title='bbox 1548 1942 1650 1998; x_wconf 88' lang='lat' dir='ltr'>quid</span> <span class='ocrx_word' id='word_1_276' title='bbox 1671 1942 1725 1982; x_wconf 86' lang='lat' dir='ltr'>sit</span> 
     </span>
     <span class='ocr_line' id='line_1_34' title="bbox 289 1998 1723 2056; baseline -0.001 -15"><span class='ocrx_word' id='word_1_277' title='bbox 289 2000 445 2056; x_wconf 87' lang='lat' dir='ltr'>cuique</span> <span class='ocrx_word' id='word_1_278' title='bbox 466 2000 737 2041; x_wconf 85' lang='lat' dir='ltr'>contrarium.</span> <span class='ocrx_word' id='word_1_279' title='bbox 799 1998 997 2055; x_wconf 89' lang='lat' dir='ltr'>Cumque</span> <span class='ocrx_word' id='word_1_280' title='bbox 1028 2014 1071 2039; x_wconf 92' lang='lat' dir='ltr'>se</span> <span class='ocrx_word' id='word_1_281' title='bbox 1101 1999 1154 2040; x_wconf 85' lang='lat' dir='ltr'>ad</span> <span class='ocrx_word' id='word_1_282' title='bbox 1183 1998 1345 2040; x_wconf 89' lang='lat' dir='ltr'>civilem</span> <span class='ocrx_word' id='word_1_283' title='bbox 1377 1999 1623 2039; x_wconf 88' lang='lat' dir='ltr'>societatem</span> <span class='ocrx_word' id='word_1_284' title='bbox 1650 2012 1723 2039; x_wconf 86' lang='lat' dir='ltr'>na-</span> 
     </span>
    </p>
   </div>
   <div class='ocr_carea' id='block_1_2' title="bbox 286 2123 992 2678">
    <p class='ocr_par' dir='ltr' id='par_1_2' title="bbox 286 2123 990 2293">
     <span class='ocr_line' id='line_1_35' title="bbox 337 2123 989 2165; baseline -0.003 -10"><span class='ocrx_word' id='word_1_285' title='bbox 337 2131 375 2155; x_wconf 79' lang='lat'>85</span> <span class='ocrx_word' id='word_1_286' title='bbox 400 2135 463 2154; x_wconf 81' lang='lat' dir='ltr'>cum</span> <span class='ocrx_word' id='word_1_287' title='bbox 479 2136 506 2154; x_wconf 78' lang='lat' dir='ltr'>se</span> <span class='ocrx_word' id='word_1_288' title='bbox 521 2125 542 2154; x_wconf 88' lang='grc' dir='ltr'>ι’.</span> <span class='ocrx_word' id='word_1_289' title='bbox 556 2123 746 2164; x_wconf 73' lang='lat' dir='ltr'>perspexerit,</span> <span class='ocrx_word' id='word_1_290' title='bbox 764 2130 907 2165; x_wconf 75' lang='lat' dir='ltr'>totumque</span> <span class='ocrx_word' id='word_1_291' title='bbox 929 2132 989 2153; x_wconf 84' lang='lat' dir='ltr'>ten-</span> 
     </span>
     <span class='ocr_line' id='line_1_36' title="bbox 294 2165 990 2207; baseline 0.001 -12"><span class='ocrx_word' id='word_1_292' title='bbox 294 2165 382 2207; x_wconf 82' lang='lat' dir='ltr'>tarit]</span> <span class='ocrx_word' id='word_1_293' title='bbox 415 2168 569 2197; x_wconf 85' lang='lat' dir='ltr'>Videntur</span> <span class='ocrx_word' id='word_1_294' title='bbox 594 2175 771 2207; x_wconf 82' lang='lat' dir='ltr'>permutata</span> <span class='ocrx_word' id='word_1_295' title='bbox 800 2177 866 2196; x_wconf 79' lang='lat' dir='ltr'>esse</span> <span class='ocrx_word' id='word_1_296' title='bbox 895 2167 990 2197; x_wconf 86' lang='lat' dir='ltr'>verba</span> 
     </span>
     <span class='ocr_line' id='line_1_37' title="bbox 288 2210 990 2250; baseline -0.001 -10"><span class='ocrx_word' id='word_1_297' title='bbox 288 2216 386 2250; x_wconf 86' lang='lat' dir='ltr'>persp.</span> <span class='ocrx_word' id='word_1_298' title='bbox 409 2217 440 2240; x_wconf 88' lang='lat' dir='ltr'>et</span> <span class='ocrx_word' id='word_1_299' title='bbox 466 2211 597 2240; x_wconf 74' lang='lat' dir='ltr'>tentarit.</span> <span class='ocrx_word' id='word_1_300' title='bbox 620 2210 856 2250; x_wconf 83' lang='lat' dir='ltr'>legendumque</span> <span class='ocrx_word' id='word_1_301' title='bbox 878 2220 941 2239; x_wconf 83' lang='lat' dir='ltr'>cum</span> <span class='ocrx_word' id='word_1_302' title='bbox 962 2221 990 2239; x_wconf 78' lang='lat' dir='ltr'>se</span> 
     </span>
     <span class='ocr_line' id='line_1_38' title="bbox 286 2253 863 2293; baseline -0.002 -11"><span class='ocrx_word' id='word_1_303' title='bbox 286 2253 353 2292; x_wconf 79' lang='lat' dir='ltr'>-ipse</span> <span class='ocrx_word' id='word_1_304' title='bbox 369 2253 501 2289; x_wconf 79' lang='lat' dir='ltr'>tentarit,</span> <span class='ocrx_word' id='word_1_305' title='bbox 519 2260 663 2293; x_wconf 76' lang='lat' dir='ltr'>totumque</span> <span class='ocrx_word' id='word_1_306' title='bbox 676 2253 863 2292; x_wconf 79' lang='lat' dir='ltr'>perspexerit.</span> 
     </span>
    </p>

    <p class='ocr_par' dir='ltr' id='par_1_3' title="bbox 294 2295 989 2412">
     <span class='ocr_line' id='line_1_39' title="bbox 339 2295 989 2335; baseline -0.003 -9"><span class='ocrx_word' id='word_1_307' title='bbox 339 2300 378 2326; x_wconf 85' lang='lat'>86</span> <span class='ocrx_word' id='word_1_308' title='bbox 401 2296 580 2335; x_wconf 73' lang='lat' dir='ltr'>subornatus]</span> <span class='ocrx_word' id='word_1_309' title='bbox 600 2296 723 2326; x_wconf 82' lang='lat' dir='ltr'>Dicitur</span> <span class='ocrx_word' id='word_1_310' title='bbox 739 2297 772 2326; x_wconf 89' lang='lat' dir='ltr'>h.</span> <span class='ocrx_word' id='word_1_311' title='bbox 791 2295 811 2326; x_wconf 93' lang='lat' dir='ltr'>l.</span> <span class='ocrx_word' id='word_1_312' title='bbox 827 2305 881 2335; x_wconf 89' lang='lat' dir='ltr'>pro</span> <span class='ocrx_word' id='word_1_313' title='bbox 895 2303 989 2324; x_wconf 86' lang='lat' dir='ltr'>orna-</span> 
     </span>
     <span class='ocr_line' id='line_1_40' title="bbox 294 2338 988 2378; baseline -0.003 -9"><span class='ocrx_word' id='word_1_314' title='bbox 294 2345 359 2375; x_wconf 85' lang='lat' dir='ltr'>tus,</span> <span class='ocrx_word' id='word_1_315' title='bbox 398 2339 578 2370; x_wconf 86' lang='lat' dir='ltr'>instructus.</span> <span class='ocrx_word' id='word_1_316' title='bbox 615 2339 678 2369; x_wconf 86' lang='lat' dir='ltr'>alia</span> <span class='ocrx_word' id='word_1_317' title='bbox 714 2338 861 2378; x_wconf 86' lang='lat' dir='ltr'>exempla</span> <span class='ocrx_word' id='word_1_318' title='bbox 894 2346 924 2367; x_wconf 83' lang='lat' dir='ltr'>v.</span> <span class='ocrx_word' id='word_1_319' title='bbox 956 2338 988 2367; x_wconf 89' lang='lat' dir='ltr'>in</span> 
     </span>
     <span class='ocr_line' id='line_1_41' title="bbox 295 2381 402 2412; baseline 0 -1"><span class='ocrx_word' id='word_1_320' title='bbox 295 2381 402 2412; x_wconf 84' lang='lat' dir='ltr'>Clave.</span> 
     </span>
    </p>

    <p class='ocr_par' dir='ltr' id='par_1_4' title="bbox 292 2423 992 2678">
     <span class='ocr_line' id='line_1_42' title="bbox 340 2423 988 2466; baseline -0.003 -11"><span class='ocrx_word' id='word_1_321' title='bbox 340 2431 376 2459; x_wconf 90' lang='lat'>87</span> <span class='ocrx_word' id='word_1_322' title='bbox 403 2425 536 2466; x_wconf 76' lang='lat' dir='ltr'>quoniam</span> <span class='ocrx_word' id='word_1_323' title='bbox 549 2423 693 2464; x_wconf 72' lang='lat' dir='ltr'>principio</span> <span class='ocrx_word' id='word_1_324' title='bbox 710 2434 804 2452; x_wconf 75' lang='lat' dir='ltr'>rerum</span> <span class='ocrx_word' id='word_1_325' title='bbox 820 2423 943 2452; x_wconf 82' lang='lat' dir='ltr'>omnium</span> <span class='ocrx_word' id='word_1_326' title='bbox 960 2435 988 2464; x_wconf 84' lang='lat' dir='ltr'>q.</span> 
     </span>
     <span class='ocr_line' id='line_1_43' title="bbox 295 2466 989 2507; baseline -0.001 -11"><span class='ocrx_word' id='word_1_327' title='bbox 295 2479 326 2497; x_wconf 80' lang='grc' dir='ltr'>α.</span> <span class='ocrx_word' id='word_1_328' title='bbox 350 2467 386 2506; x_wconf 89' lang='grc' dir='ltr'>ὶ.]</span> <span class='ocrx_word' id='word_1_329' title='bbox 410 2467 552 2507; x_wconf 82' lang='lat' dir='ltr'>principio</span> <span class='ocrx_word' id='word_1_330' title='bbox 576 2477 640 2497; x_wconf 90' lang='lat' dir='ltr'>non</span> <span class='ocrx_word' id='word_1_331' title='bbox 665 2466 776 2506; x_wconf 84' lang='lat' dir='ltr'>placet.</span> <span class='ocrx_word' id='word_1_332' title='bbox 800 2473 879 2496; x_wconf 86' lang='lat' dir='ltr'>esset</span> <span class='ocrx_word' id='word_1_333' title='bbox 902 2467 989 2496; x_wconf 90' lang='lat' dir='ltr'>enim</span> 
     </span>
     <span class='ocr_line' id='line_1_44' title="bbox 295 2509 991 2550; baseline -0.003 -10"><span class='ocrx_word' id='word_1_334' title='bbox 295 2511 411 2550; x_wconf 88' lang='lat' dir='ltr'>primo.</span> <span class='ocrx_word' id='word_1_335' title='bbox 434 2511 488 2540; x_wconf 86' lang='lat' dir='ltr'>sed</span> <span class='ocrx_word' id='word_1_336' title='bbox 511 2510 591 2540; x_wconf 82' lang='lat' dir='ltr'>nihil</span> <span class='ocrx_word' id='word_1_337' title='bbox 615 2511 756 2549; x_wconf 86' lang='lat' dir='ltr'>sequitur</span> <span class='ocrx_word' id='word_1_338' title='bbox 777 2509 913 2539; x_wconf 86' lang='lat' dir='ltr'>alterurn</span> <span class='ocrx_word' id='word_1_339' title='bbox 936 2516 991 2539; x_wconf 90' lang='lat' dir='ltr'>aut</span> 
     </span>
     <span class='ocr_line' id='line_1_45' title="bbox 294 2552 990 2592; baseline -0.003 -9"><span class='ocrx_word' id='word_1_340' title='bbox 294 2554 486 2584; x_wconf 88' lang='lat' dir='ltr'>secundum.</span> <span class='ocrx_word' id='word_1_341' title='bbox 542 2554 651 2592; x_wconf 83' lang='lat' dir='ltr'>ltaque</span> <span class='ocrx_word' id='word_1_342' title='bbox 681 2560 757 2592; x_wconf 82' lang='lat' dir='ltr'>puto</span> <span class='ocrx_word' id='word_1_343' title='bbox 786 2552 990 2582; x_wconf 84' lang='lat' dir='ltr'>scribendum</span> 
     </span>
     <span class='ocr_line' id='line_1_46' title="bbox 292 2596 990 2636; baseline 0 -11"><span class='ocrx_word' id='word_1_344' title='bbox 292 2596 443 2636; x_wconf 82' lang='lat' dir='ltr'>principia</span> <span class='ocrx_word' id='word_1_345' title='bbox 459 2607 552 2625; x_wconf 72' lang='lat' dir='ltr'>rernm</span> <span class='ocrx_word' id='word_1_346' title='bbox 568 2596 703 2631; x_wconf 84' lang='lat' dir='ltr'>omnium,</span> <span class='ocrx_word' id='word_1_347' title='bbox 720 2604 792 2635; x_wconf 81' lang='lat' dir='ltr'>quae</span> <span class='ocrx_word' id='word_1_348' title='bbox 808 2604 850 2624; x_wconf 92' lang='lat' dir='ltr'>sc.</span> <span class='ocrx_word' id='word_1_349' title='bbox 867 2602 944 2624; x_wconf 90' lang='lat' dir='ltr'>sunt</span> <span class='ocrx_word' id='word_1_350' title='bbox 958 2596 990 2625; x_wconf 91' lang='lat' dir='ltr'>in</span> 
     </span>
     <span class='ocr_line' id='line_1_47' title="bbox 299 2638 992 2678; baseline -0.003 -10"><span class='ocrx_word' id='word_1_351' title='bbox 299 2639 511 2678; x_wconf 78' lang='lat' dir='ltr'>intelligentiis</span> <span class='ocrx_word' id='word_1_352' title='bbox 524 2639 731 2668; x_wconf 77' lang='lat' dir='ltr'>adumbratis.</span> <span class='ocrx_word' id='word_1_353' title='bbox 751 2638 825 2677; x_wconf 89' lang='lat' dir='ltr'>quia</span> <span class='ocrx_word' id='word_1_354' title='bbox 842 2638 883 2666; x_wconf 88' lang='lat' dir='ltr'>ita</span> <span class='ocrx_word' id='word_1_355' title='bbox 898 2645 943 2667; x_wconf 83' lang='lat' dir='ltr'>est</span> <span class='ocrx_word' id='word_1_356' title='bbox 959 2638 992 2667; x_wconf 87' lang='lat' dir='ltr'>in</span> 
     </span>
    </p>
   </div>
   <div class='ocr_carea' id='block_1_3' title="bbox 1032 2123 1728 2678">
    <p class='ocr_par' dir='ltr' id='par_1_5' title="bbox 1032 2123 1725 2203">
     <span class='ocr_line' id='line_1_48' title="bbox 1033 2123 1725 2163; baseline 0 -10"><span class='ocrx_word' id='word_1_357' title='bbox 1033 2125 1102 2155; x_wconf 83' lang='lat' dir='ltr'>rari.</span> <span class='ocrx_word' id='word_1_358' title='bbox 1120 2123 1233 2154; x_wconf 88' lang='lat' dir='ltr'>melius</span> <span class='ocrx_word' id='word_1_359' title='bbox 1246 2124 1381 2163; x_wconf 76' lang='lat' dir='ltr'>cogitari,</span> <span class='ocrx_word' id='word_1_360' title='bbox 1400 2131 1434 2154; x_wconf 82' lang='lat' dir='ltr'>ut</span> <span class='ocrx_word' id='word_1_361' title='bbox 1449 2131 1494 2154; x_wconf 88' lang='lat' dir='ltr'>est</span> <span class='ocrx_word' id='word_1_362' title='bbox 1511 2126 1542 2154; x_wconf 89' lang='lat' dir='ltr'>in</span> <span class='ocrx_word' id='word_1_363' title='bbox 1561 2124 1639 2154; x_wconf 83' lang='lat' dir='ltr'>Mss.</span> <span class='ocrx_word' id='word_1_364' title='bbox 1655 2123 1725 2163; x_wconf 86' lang='lat' dir='ltr'>qui·</span> 
     </span>
     <span class='ocr_line' id='line_1_49' title="bbox 1032 2167 1627 2203; baseline 0.002 -6"><span class='ocrx_word' id='word_1_365' title='bbox 1032 2168 1180 2203; x_wconf 78' lang='lat' dir='ltr'>busdam,</span> <span class='ocrx_word' id='word_1_366' title='bbox 1195 2168 1290 2197; x_wconf 84' lang='lat' dir='ltr'>etiam</span> <span class='ocrx_word' id='word_1_367' title='bbox 1305 2167 1411 2197; x_wconf 81' lang='lat' dir='ltr'>Guelf.</span> <span class='ocrx_word' id='word_1_368' title='bbox 1427 2175 1457 2197; x_wconf 82' lang='lat' dir='ltr'>et</span> <span class='ocrx_word' id='word_1_369' title='bbox 1472 2168 1540 2198; x_wconf 90' lang='lat' dir='ltr'>edd.</span> <span class='ocrx_word' id='word_1_370' title='bbox 1554 2175 1627 2198; x_wconf 89' lang='lat' dir='ltr'>vett.</span> 
     </span>
    </p>

    <p class='ocr_par' dir='ltr' id='par_1_6' title="bbox 1032 2209 1726 2464">
     <span class='ocr_line' id='line_1_50' title="bbox 1078 2209 1724 2248; baseline -0.002 -8"><span class='ocrx_word' id='word_1_371' title='bbox 1078 2217 1116 2243; x_wconf 85' lang='lat'>89</span> <span class='ocrx_word' id='word_1_372' title='bbox 1139 2221 1192 2239; x_wconf 80' lang='lat' dir='ltr'>non</span> <span class='ocrx_word' id='word_1_373' title='bbox 1215 2210 1298 2239; x_wconf 82' lang='lat' dir='ltr'>unius</span> <span class='ocrx_word' id='word_1_374' title='bbox 1322 2211 1390 2240; x_wconf 78' lang='lat' dir='ltr'>circ.</span> <span class='ocrx_word' id='word_1_375' title='bbox 1415 2210 1552 2240; x_wconf 82' lang='lat' dir='ltr'>moenibus</span> <span class='ocrx_word' id='word_1_376' title='bbox 1579 2209 1643 2248; x_wconf 77' lang='lat' dir='ltr'>loci]</span> <span class='ocrx_word' id='word_1_377' title='bbox 1672 2210 1724 2240; x_wconf 87' lang='lat' dir='ltr'>Sic</span> 
     </span>
     <span class='ocr_line' id='line_1_51' title="bbox 1034 2253 1726 2292; baseline 0.001 -10"><span class='ocrx_word' id='word_1_378' title='bbox 1034 2253 1114 2283; x_wconf 89' lang='lat' dir='ltr'>Mss.</span> <span class='ocrx_word' id='word_1_379' title='bbox 1129 2254 1192 2283; x_wconf 91' lang='lat' dir='ltr'>duo</span> <span class='ocrx_word' id='word_1_380' title='bbox 1207 2254 1290 2292; x_wconf 85' lang='lat' dir='ltr'>apud</span> <span class='ocrx_word' id='word_1_381' title='bbox 1307 2253 1486 2289; x_wconf 84' lang='lat' dir='ltr'>Davisium,</span> <span class='ocrx_word' id='word_1_382' title='bbox 1510 2261 1540 2283; x_wconf 84' lang='lat' dir='ltr'>et</span> <span class='ocrx_word' id='word_1_383' title='bbox 1557 2253 1662 2283; x_wconf 87' lang='lat' dir='ltr'>Guelf.</span> <span class='ocrx_word' id='word_1_384' title='bbox 1681 2254 1726 2283; x_wconf 81' lang='lat' dir='ltr'>id-</span> 
     </span>
     <span class='ocr_line' id='line_1_52' title="bbox 1032 2296 1723 2336; baseline -0.001 -10"><span class='ocrx_word' id='word_1_385' title='bbox 1032 2305 1094 2335; x_wconf 90' lang='lat' dir='ltr'>que</span> <span class='ocrx_word' id='word_1_386' title='bbox 1118 2305 1194 2326; x_wconf 88' lang='lat' dir='ltr'>cum</span> <span class='ocrx_word' id='word_1_387' title='bbox 1218 2296 1346 2326; x_wconf 84' lang='lat' dir='ltr'>Davisio</span> <span class='ocrx_word' id='word_1_388' title='bbox 1369 2297 1480 2336; x_wconf 87' lang='lat' dir='ltr'>recepi.</span> <span class='ocrx_word' id='word_1_389' title='bbox 1524 2296 1629 2336; x_wconf 84' lang='lat' dir='ltr'>Vulgo</span> <span class='ocrx_word' id='word_1_390' title='bbox 1659 2304 1723 2326; x_wconf 85' lang='lat' dir='ltr'>est:</span> 
     </span>
     <span class='ocr_line' id='line_1_53' title="bbox 1032 2337 1726 2379; baseline 0.001 -12"><span class='ocrx_word' id='word_1_391' title='bbox 1032 2350 1085 2368; x_wconf 81' lang='lat' dir='ltr'>non</span> <span class='ocrx_word' id='word_1_392' title='bbox 1111 2339 1175 2368; x_wconf 84' lang='lat' dir='ltr'>unis</span> <span class='ocrx_word' id='word_1_393' title='bbox 1197 2350 1222 2369; x_wconf 88' lang='lat' dir='ltr'>c.</span> <span class='ocrx_word' id='word_1_394' title='bbox 1246 2338 1394 2374; x_wconf 83' lang='lat' dir='ltr'>moenibus‚</span> <span class='ocrx_word' id='word_1_395' title='bbox 1412 2337 1583 2379; x_wconf 78' lang='lat' dir='ltr'>popularem</span> <span class='ocrx_word' id='word_1_396' title='bbox 1604 2338 1726 2379; x_wconf 76' lang='lat' dir='ltr'>alicujus</span> 
     </span>
     <span class='ocr_line' id='line_1_54' title="bbox 1032 2381 1726 2421; baseline 0.003 -11"><span class='ocrx_word' id='word_1_397' title='bbox 1032 2382 1144 2421; x_wconf 53' lang='lat' dir='ltr'>definiti</span> <span class='ocrx_word' id='word_1_398' title='bbox 1161 2382 1213 2411; x_wconf 83' lang='lat' dir='ltr'>loci</span> <span class='ocrx_word' id='word_1_399' title='bbox 1227 2393 1236 2410; x_wconf 91' lang='lat'><em>:</em></span> <span class='ocrx_word' id='word_1_400' title='bbox 1260 2381 1344 2421; x_wconf 88' lang='lat' dir='ltr'>quod</span> <span class='ocrx_word' id='word_1_401' title='bbox 1360 2383 1384 2411; x_wconf 82' lang='lat' dir='ltr'>si</span> <span class='ocrx_word' id='word_1_402' title='bbox 1401 2388 1550 2418; x_wconf 82' lang='lat' dir='ltr'>servetur,</span> <span class='ocrx_word' id='word_1_403' title='bbox 1567 2389 1649 2412; x_wconf 83' lang='lat' dir='ltr'>certe</span> <span class='ocrx_word' id='word_1_404' title='bbox 1671 2382 1726 2412; x_wconf 86' lang='lat' dir='ltr'>ad-</span> 
     </span>
     <span class='ocr_line' id='line_1_55' title="bbox 1032 2424 1474 2464; baseline 0 -10"><span class='ocrx_word' id='word_1_405' title='bbox 1032 2425 1153 2454; x_wconf 87' lang='lat' dir='ltr'>endum</span> <span class='ocrx_word' id='word_1_406' title='bbox 1170 2431 1202 2454; x_wconf 82' lang='lat' dir='ltr'>ut</span> <span class='ocrx_word' id='word_1_407' title='bbox 1216 2432 1287 2454; x_wconf 83' lang='lat' dir='ltr'>ante</span> <span class='ocrx_word' id='word_1_408' title='bbox 1295 2424 1474 2464; x_wconf 78' lang='lat' dir='ltr'>popularem.</span> 
     </span>
    </p>

    <p class='ocr_par' dir='ltr' id='par_1_7' title="bbox 1032 2466 1726 2589">
     <span class='ocr_line' id='line_1_56' title="bbox 1078 2466 1726 2508; baseline -0.003 -10"><span class='ocrx_word' id='word_1_409' title='bbox 1078 2475 1116 2500; x_wconf 85' lang='lat'>90</span> <span class='ocrx_word' id='word_1_410' title='bbox 1141 2479 1204 2508; x_wconf 80' lang='lat' dir='ltr'>quae</span> <span class='ocrx_word' id='word_1_411' title='bbox 1221 2466 1309 2505; x_wconf 77' lang='lat' dir='ltr'>vulgo</span> <span class='ocrx_word' id='word_1_412' title='bbox 1325 2467 1471 2506; x_wconf 77' lang='lat' dir='ltr'>dicuntur]</span> <span class='ocrx_word' id='word_1_413' title='bbox 1490 2467 1646 2498; x_wconf 81' lang='lat' dir='ltr'>Victorius</span> <span class='ocrx_word' id='word_1_414' title='bbox 1662 2468 1726 2497; x_wconf 86' lang='lat' dir='ltr'>edi—</span> 
     </span>
     <span class='ocr_line' id='line_1_57' title="bbox 1033 2509 1725 2548; baseline 0.003 -10"><span class='ocrx_word' id='word_1_415' title='bbox 1033 2509 1078 2539; x_wconf 85' lang='lat' dir='ltr'>dit</span> <span class='ocrx_word' id='word_1_416' title='bbox 1092 2510 1246 2546; x_wconf 74' lang='lat' dir='ltr'>ducuntur,</span> <span class='ocrx_word' id='word_1_417' title='bbox 1263 2511 1347 2548; x_wconf 90' lang='lat' dir='ltr'>quod</span> <span class='ocrx_word' id='word_1_418' title='bbox 1362 2518 1490 2540; x_wconf 78' lang='lat' dir='ltr'>secutus</span> <span class='ocrx_word' id='word_1_419' title='bbox 1513 2518 1558 2540; x_wconf 87' lang='lat' dir='ltr'>est</span> <span class='ocrx_word' id='word_1_420' title='bbox 1580 2510 1725 2541; x_wconf 83' lang='lat' dir='ltr'>Davisius</span> 
     </span>
     <span class='ocr_line' id='line_1_58' title="bbox 1032 2553 1483 2589; baseline 0 -7"><span class='ocrx_word' id='word_1_421' title='bbox 1032 2558 1063 2582; x_wconf 85' lang='lat' dir='ltr'>et</span> <span class='ocrx_word' id='word_1_422' title='bbox 1080 2553 1291 2589; x_wconf 83' lang='lat' dir='ltr'>Alemannus,</span> <span class='ocrx_word' id='word_1_423' title='bbox 1308 2562 1372 2582; x_wconf 90' lang='lat' dir='ltr'>non</span> <span class='ocrx_word' id='word_1_424' title='bbox 1390 2553 1483 2583; x_wconf 83' lang='lat' dir='ltr'>male.</span> 
     </span>
    </p>

    <p class='ocr_par' dir='ltr' id='par_1_8' title="bbox 1035 2595 1728 2678">
     <span class='ocr_line' id='line_1_59' title="bbox 1078 2595 1728 2636; baseline -0.003 -11"><span class='ocrx_word' id='word_1_425' title='bbox 1078 2603 1113 2628; x_wconf 85' lang='lat'>91</span> <span class='ocrx_word' id='word_1_426' title='bbox 1139 2596 1205 2624; x_wconf 68' lang='lat' dir='ltr'>‘veri</span> <span class='ocrx_word' id='word_1_427' title='bbox 1222 2603 1248 2624; x_wconf 76' lang='lat' dir='ltr'>et</span> <span class='ocrx_word' id='word_1_428' title='bbox 1260 2595 1501 2636; x_wconf 74' lang='lat' dir='ltr'>fizlst&#39;judicandi</span> <span class='ocrx_word' id='word_1_429' title='bbox 1523 2595 1676 2635; x_wconf 77' lang='lat' dir='ltr'>disciplina</span> <span class='ocrx_word' id='word_1_430' title='bbox 1700 2602 1728 2623; x_wconf 78' lang='lat' dir='ltr'>et</span> 
     </span>
     <span class='ocr_line' id='line_1_60' title="bbox 1035 2637 1727 2678; baseline -0.001 -10"><span class='ocrx_word' id='word_1_431' title='bbox 1035 2637 1167 2676; x_wconf 77' lang='lat' dir='ltr'>scientia]</span> <span class='ocrx_word' id='word_1_432' title='bbox 1194 2639 1246 2668; x_wconf 87' lang='lat' dir='ltr'>Sic</span> <span class='ocrx_word' id='word_1_433' title='bbox 1268 2637 1415 2669; x_wconf 77' lang='lat' dir='ltr'>Davisius</span> <span class='ocrx_word' id='word_1_434' title='bbox 1438 2639 1532 2669; x_wconf 93' lang='lat' dir='ltr'>edidit</span> <span class='ocrx_word' id='word_1_435' title='bbox 1548 2648 1602 2678; x_wconf 89' lang='lat' dir='ltr'>pro</span> <span class='ocrx_word' id='word_1_436' title='bbox 1618 2639 1684 2667; x_wconf 76' lang='lat' dir='ltr'>veri</span> <span class='ocrx_word' id='word_1_437' title='bbox 1701 2645 1727 2667; x_wconf 81' lang='lat' dir='ltr'>e!</span> 
     </span>
    </p>
   </div>
   <div class='ocr_carea' id='block_1_4' title="bbox 288 2681 1727 2764">
    <p class='ocr_par' dir='ltr' id='par_1_9' title="bbox 288 2681 1727 2764">
     <span class='ocr_line' id='line_1_61' title="bbox 297 2681 1727 2722; baseline -0.001 -10"><span class='ocrx_word' id='word_1_438' title='bbox 297 2683 346 2712; x_wconf 83' lang='lat' dir='ltr'>ed.</span> <span class='ocrx_word' id='word_1_439' title='bbox 363 2683 443 2712; x_wconf 70' lang='lat' dir='ltr'>Ven.</span> <span class='ocrx_word' id='word_1_440' title='bbox 463 2687 554 2715; x_wconf 82' lang='lat'>1494.</span> <span class='ocrx_word' id='word_1_441' title='bbox 580 2681 709 2711; x_wconf 83' lang='lat' dir='ltr'>Mediol.</span> <span class='ocrx_word' id='word_1_442' title='bbox 734 2682 863 2710; x_wconf 81' lang='lat' dir='ltr'>Ascens.</span> <span class='ocrx_word' id='word_1_443' title='bbox 881 2681 991 2719; x_wconf 89' lang='lat' dir='ltr'>recepi.</span> <span class='ocrx_word' id='word_1_444' title='bbox 1024 2681 1225 2722; x_wconf 79' lang='lat' dir='ltr'>fhlsijudicio</span> <span class='ocrx_word' id='word_1_445' title='bbox 1241 2692 1257 2712; x_wconf 91' lang='lat' dir='ltr'>e</span> <span class='ocrx_word' id='word_1_446' title='bbox 1273 2682 1408 2721; x_wconf 85' lang='lat' dir='ltr'>vestigiis</span> <span class='ocrx_word' id='word_1_447' title='bbox 1426 2683 1502 2712; x_wconf 86' lang='lat' dir='ltr'>Mss.</span> <span class='ocrx_word' id='word_1_448' title='bbox 1519 2691 1591 2720; x_wconf 79' lang='lat' dir='ltr'>quae</span> <span class='ocrx_word' id='word_1_449' title='bbox 1606 2688 1636 2710; x_wconf 84' lang='lat' dir='ltr'>et</span> <span class='ocrx_word' id='word_1_450' title='bbox 1651 2688 1727 2711; x_wconf 87' lang='lat' dir='ltr'>sunt</span> 
     </span>
     <span class='ocr_line' id='line_1_62' title="bbox 288 2723 1727 2764; baseline -0.001 -10"><span class='ocrx_word' id='word_1_451' title='bbox 288 2726 419 2763; x_wconf 81' lang='lat' dir='ltr'>primus</span> <span class='ocrx_word' id='word_1_452' title='bbox 437 2724 533 2755; x_wconf 76' lang='lat' dir='ltr'>Aldus</span> <span class='ocrx_word' id='word_1_453' title='bbox 546 2724 688 2763; x_wconf 81' lang='lat' dir='ltr'>principio</span> <span class='ocrx_word' id='word_1_454' title='bbox 704 2725 800 2761; x_wconf 82' lang='lat' dir='ltr'>dedit,</span> <span class='ocrx_word' id='word_1_455' title='bbox 817 2724 894 2753; x_wconf 80' lang='lat' dir='ltr'>sorte</span> <span class='ocrx_word' id='word_1_456' title='bbox 917 2733 992 2763; x_wconf 85' lang='lat' dir='ltr'>ope·</span> <span class='ocrx_word' id='word_1_457' title='bbox 1034 2725 1067 2754; x_wconf 87' lang='lat' dir='ltr'>in</span> <span class='ocrx_word' id='word_1_458' title='bbox 1084 2724 1190 2754; x_wconf 80' lang='lat' dir='ltr'>Guelf.</span> <span class='ocrx_word' id='word_1_459' title='bbox 1206 2725 1261 2763; x_wconf 88' lang='lat' dir='ltr'>qui</span> <span class='ocrx_word' id='word_1_460' title='bbox 1278 2724 1385 2761; x_wconf 82' lang='lat' dir='ltr'>habet,</span> <span class='ocrx_word' id='word_1_461' title='bbox 1401 2725 1468 2754; x_wconf 80' lang='lat' dir='ltr'>veri</span> <span class='ocrx_word' id='word_1_462' title='bbox 1484 2723 1596 2764; x_wconf 76' lang='lat' dir='ltr'>etfalsi</span> <span class='ocrx_word' id='word_1_463' title='bbox 1610 2723 1727 2763; x_wconf 77' lang='lat' dir='ltr'>judicia</span> 
     </span>
    </p>
   </div>
   <div class='ocr_carea' id='block_1_5' title="bbox 291 2776 992 2852">
    <p class='ocr_par' dir='ltr' id='par_1_10' title="bbox 291 2776 992 2852">
     <span class='ocr_line' id='line_1_63' title="bbox 291 2776 532 2802; baseline 0.008 -6"><span class='ocrx_word' id='word_1_464' title='bbox 291 2776 405 2798; x_wconf 85' lang='lat' dir='ltr'>-rarum</span> <span class='ocrx_word' id='word_1_465' title='bbox 421 2778 532 2802; x_wconf 87' lang='lat' dir='ltr'>errore.</span> 
     </span>
     <span class='ocr_line' id='line_1_64' title="bbox 342 2807 992 2852; baseline -0.002 -12"><span class='ocrx_word' id='word_1_466' title='bbox 342 2817 379 2842; x_wconf 79' lang='lat'>88</span> <span class='ocrx_word' id='word_1_467' title='bbox 404 2811 462 2840; x_wconf 63' lang='lat' dir='ltr'>Ait-i</span> <span class='ocrx_word' id='word_1_468' title='bbox 477 2818 529 2841; x_wconf 81' lang='lat' dir='ltr'>aur</span> <span class='ocrx_word' id='word_1_469' title='bbox 544 2808 678 2850; x_wconf 73' lang='lat' dir='ltr'>cogitari]</span> <span class='ocrx_word' id='word_1_470' title='bbox 697 2807 803 2849; x_wconf 83' lang='lat' dir='ltr'>Vulgo</span> <span class='ocrx_word' id='word_1_471' title='bbox 818 2815 864 2840; x_wconf 85' lang='lat' dir='ltr'>est</span> <span class='ocrx_word' id='word_1_472' title='bbox 879 2809 992 2852; x_wconf 23' lang='lat' dir='ltr'>exc-ogi-</span> 
     </span>
    </p>
   </div>
   <div class='ocr_carea' id='block_1_6' title="bbox 1034 2767 1725 2841">
    <p class='ocr_par' dir='ltr' id='par_1_11' title="bbox 1034 2767 1725 2841">
     <span class='ocr_line' id='line_1_65' title="bbox 1034 2767 1725 2807; baseline 0.001 -12"><span class='ocrx_word' id='word_1_473' title='bbox 1034 2767 1105 2795; x_wconf 80' lang='lat' dir='ltr'>disci</span> <span class='ocrx_word' id='word_1_474' title='bbox 1126 2768 1260 2805; x_wconf 72' lang='lat' dir='ltr'>scientia,</span> <span class='ocrx_word' id='word_1_475' title='bbox 1286 2768 1424 2807; x_wconf 87' lang='lat' dir='ltr'>itemque</span> <span class='ocrx_word' id='word_1_476' title='bbox 1447 2767 1516 2797; x_wconf 88' lang='lat' dir='ltr'>edd.</span> <span class='ocrx_word' id='word_1_477' title='bbox 1537 2767 1653 2797; x_wconf 85' lang='lat' dir='ltr'>Victor.</span> <span class='ocrx_word' id='word_1_478' title='bbox 1673 2767 1725 2796; x_wconf 71' lang='lat' dir='ltr'>As-</span> 
     </span>
     <span class='ocr_line' id='line_1_66' title="bbox 1034 2819 1120 2841; baseline 0.012 -1"><span class='ocrx_word' id='word_1_479' title='bbox 1034 2819 1120 2841; x_wconf 88' lang='lat' dir='ltr'>cens.</span> 
     </span>
    </p>
   </div>
  </div>
 </body>
</html>
