1844 3202
583 136 761 175 LIBER
798 135 1044 174 PRIMUS.
1455 137 1533 185 698

104 246 177 303 qui
197 253 268 288 aut
291 244 430 287 studio
449 242 507 285 rei
527 242 742 284 familiaris
767 241 952 293 tuendae,
968 250 1048 284 aut
1069 241 1167 283 odio
1189 242 1374 308 quodam
1395 243 1538 286 homi-

106 318 222 354 num,
244 317 365 343 sumn
393 314 436 342 se
464 299 688 355 negotium
714 313 853 364 agere
859 299 1015 350 dicant,
1035 312 1086 339 ne
1108 299 1243 340 facere
1262 300 1459 355 cuiquam
1481 302 1541 343 vi-

105 358 282 400 deantur
313 356 533 412 injuriam:
572 356 644 411 qui
680 356 814 397 altero
844 355 1061 411 injustitiae
1093 369 1247 419 genere
1277 365 1454 397 vacant·
1444 388 1455 406 ,
1496 358 1539 398 in

105 414 284 456 alterum
306 414 534 454 incurrunt
563 412 761 454 deserunt
780 412 890 453 enim
912 413 1005 454 vitae
1029 413 1290 463 societatem,
1311 412 1410 468 quia
1436 412 1540 454 nihil

105 469 356 512 conferunt
347 484 389 510 m
409 483 502 510 eam
525 468 668 520 studii,
688 468 791 510 nihil
813 483 968 524 operae,
991 467 1096 510 nihil
1115 468 1381 510 facultatum.

172 525 384 589 Quoniam
419 525 550 581 igitur
585 525 752 567 duobus
787 526 1014 580 generibus
1048 524 1263 580 injustitiae
1297 524 1541 589 propositis,

104 581 370 646 adjunximus
390 595 536 623 causas
562 583 780 637 utriusque
801 582 983 636 generis,
1005 595 1160 637 easque
1181 596 1246 622 res
1266 590 1363 622 ante
1381 581 1541 622 consti-

104 640 279 688 tuimus,
313 638 467 693 quibus
501 638 668 702 justitia
700 639 970 679 continetur:
1013 638 1151 689 facile,
1185 638 1300 693 quod
1334 637 1542 693 cujusque

105 704 264 750 tempo
264 695 307 736 15
325 694 510 735 officium
532 694 600 744 sit,
621 694 868 749 poterimuS,
887 695 963 736 nisi
984 695 1267 750 nosmetipsos
1287 694 1405 735 valde
1425 708 1542 735 ama-

106 751 260 801 bimus,
275 751 480 806 judicare.
523 760 562 783 ⁵0
580 753 655 791 Est
676 751 786 791 enim
809 751 987 792 difficilis
1007 765 1109 792 cura
1127 765 1264 791 rerum
1287 751 1539 792 alienarum.
1553 765 1606 798 30

107 821 365 863 quamquam
387 807 661 848 Terentianus
690 807 761 848 ille
784 807 991 849 Chremes
1012 807 1187 848 humani
1207 807 1310 849 nihil
1330 821 1355 848 a
1375 822 1418 848 se
1439 808 1542 849 alie-

107 878 210 904 num
230 872 378 920 putat:
410 863 482 904 sed
504 872 660 913 tamen,
683 864 780 919 quia
800 864 935 919 magis
957 878 1006 905 ea
1026 864 1280 920 percipimus
1300 873 1426 920 atque
1446 879 1543 905 sen-

106 920 252 972 timus,
280 935 374 975 quae
405 919 526 961 nobis
557 920 656 976 ipsis
686 908 757 961 ‘ciut
789 935 1000 976 prospera,
1031 929 1104 961 aut
1136 920 1304 961 adversa
1332 921 1584 974 eveniunt,p.
1599 940 1629 969 7.

108 991 235 1041 quam
267 976 352 1027 illa,
379 991 474 1032 quae
505 977 682 1017 ceteris·
672 1008 683 1026 ,
715 992 826 1031 quae,
856 977 973 1033 quasi
1004 976 1136 1032 longo
1166 977 1384 1018 intervallo
1414 978 1583 1019 inter-³·

102 1032 238 1097 jecto,
260 1033 474 1074 videmus:
501 1033 620 1074 aliter
641 1033 693 1074 de
715 1033 812 1084 11115,
834 1047 882 1074 ac
903 1034 957 1074 de
977 1033 1113 1084 nobis,
1128 1033 1385 1089 judicamus.
1424 1036 1546 1076 Ouo-

110 1090 220 1131 circa
247 1089 354 1130 bene
377 1089 639 1153 praecipiunt,
661 1089 733 1145 qui
753 1100 893 1131 xetant
916 1089 1161 1153 quidquam
1169 1104 1310 1145 agere,
1331 1077 1463 1154 quod
1466 1090 1547 1132 du-

110 1146 266 1196 bites,
255 1161 425 1201 aequum
447 1145 515 1196 sit,
536 1161 588 1186 an
615 1146 820 1201 iniquum.
879 1146 1076 1201 AEquitas
1098 1146 1209 1186 enim
1230 1146 1373 1187 lucet'
1364 1161 1453 1202 ipsa
1474 1161 1548 1201 per

110 1216 179 1243 se:
212 1201 421 1243 dubitatio
442 1201 747 1257 cogitationem
779 1202 1027 1257 significat
1017 1202 1195 1258 mjuriae.
1254 1203 1339 1243 Sed
1358 1203 1548 1244 incidunt
1567 1207 1632 1254 10

110 1271 221 1323 saepe
259 1267 463 1313 tempora,
495 1272 593 1298 cum
631 1272 696 1308 ea,
729 1272 824 1313 quae
861 1259 1042 1299 maxime
1077 1258 1270 1300 videntur
1299 1259 1430 1315 digna
1457 1273 1547 1301 esse
1559 1281 1607 1314 31

103 1314 223 1371 justo
246 1314 430 1365 homine,
452 1328 601 1369 eoque,
622 1328 749 1378 quem
778 1314 913 1356 virum
942 1316 1105 1356 bonum
1133 1315 1326 1367 dicimus,
1353 1331 1548 1357 commu-

111 1380 268 1422 tantur,
287 1370 475 1427 fiuntque
496 1370 730 1412 contraria.
753 1379 800 1411 ut
821 1371 994 1413 reddere
1015 1371 1270 1427 depositum,
1291 1372 1549 1436 promissum

111 1428 271 1478 facere3
291 1441 470 1484 quaeque
486 1426 694 1482 pertinent
709 1426 763 1468 ad
775 1428 1006 1492 veritatem,
1021 1436 1064 1469 et
1076 1428 1129 1469 ad
1147 1428 1287 1479 fidem,
1302 1443 1352 1469 ea
1366 1428 1551 1484 migrare

112 1484 340 1535 inteidum,
361 1494 404 1525 et
424 1498 508 1525 non
528 1498 704 1533 servare,
727 1483 780 1525 sit
799 1485 982 1541 justum.
1042 1485 1203 1526 Referri
1223 1485 1333 1526 enim
1357 1485 1479 1526 decet
1498 1485 1552 1526 ad

112 1554 175 1592 ea,
196 1556 290 1596 quae
310 1540 514 1605 proposui
532 1540 575 1581 in
596 1540 818 1596 principio,
835 1541 1140 1583 fundamenta
1123 1541 1326 1598 Justitiae:
1348 1541 1552 1606 primum,

112 1606 160 1639 ut
188 1612 240 1639 ne
270 1598 338 1638 cui
370 1605 600 1638 noceatur:
633 1597 799 1647 deinde,
820 1607 869 1639 ut
893 1598 1113 1639 communi
1139 1597 1313 1639 utilitati
1337 1599 1552 1640 serviatur.

115 1663 150 1686 ⁵1
164 1668 213 1695 ea
225 1668 323 1695 cum
340 1661 531 1709 tempore
547 1662 879 1706 commutantur,
895 1662 1181 1696 commutatur
1194 1654 1396 1705 officium,
1411 1662 1454 1695 et
1468 1669 1553 1695 non

115 1725 279 1766 semper
298 1719 362 1752 est
382 1711 585 1752 1(16111.52
598 1712 741 1752 Potest
761 1711 873 1751 enim
894 1711 1083 1752 accidere
1102 1711 1359 1776 promissum
1379 1711 1551 1776 aliquod
1564 1724 1616 1758 32

115 1777 160 1809 et
178 1776 447 1832 conventuri),
464 1778 513 1808 ut
533 1767 576 1808 id
597 1767 704 1808 effici
725 1767 778 1808 sit
797 1767 945 1809 inutile
966 1767 1028 1808 vel
1048 1768 1100 1819 ei,
1121 1768 1188 1809 cui
1207 1768 1462 1823 promissum
1485 1768 1554 1819 sit,

116 1824 179 1864 vel
200 1823 254 1873 ei,
274 1824 345 1879 qui
365 1824 617 1879 promiserit.
676 1825 789 1865 Nam
812 1824 861 1874 si,
881 1832 928 1865 ut
958 1824 1000 1865 111
1033 1824 1186 1865 fabulis
1208 1834 1287 1874 est,
1309 1826 1554 1880 NeptunuS‚

116 1879 232 1935 quod
244 1880 411 1921 Theseo
426 1881 689 1935 promiserat,
704 1894 790 1920 non
806 1880 986 1931 fecisset,
1002 1881 1192 1922 Theseus
1210 1881 1295 1922 filio
1314 1881 1555 1945 Hippolyto

117 1951 203 1980 non
224 1946 333 1978 esset
355 1937 542 1977 orbatus.
601 1938 665 1977 Ex
693 1936 828 1977 tribus
848 1937 961 1977 enim
983 1938 1153 2002 optatis,
1174 1947 1224 1978 ut
1242 1937 1452 1988 scribitur,
1473 1937 1556 1979 hoc

116 2003 206 2034 erat
224 1992 410 2043 tertium,
413 1992 544 2048 quod
564 1992 617 2034 de
639 1992 866 2049 Hippolyti
884 1993 1058 2035 interitu
1090 1994 1220 2035 iratus
1248 1994 1437 2058 optavit:
1470 2008 1557 2049 quo

117 2049 359 2105 impetrato,
378 2049 422 2089 in
449 2049 656 2090 maximos
687 2048 829 2090 luctus
862 2049 1023 2091 incidit.
1080 2052 1174 2091 Nec
1200 2051 1407 2115 promissa
1427 2050 1558 2105 igitur

119 2106 321 2147 servanda
355 2114 454 2147 sunt
483 2120 546 2156 ea,
575 2121 670 2161 qua:
698 2106 781 2147 sint
809 2106 874 2157 iis,
904 2107 1057 2162 quibus
1088 2107 1346 2161 promiseris,
1365 2107 1557 2148 inutilia:

119 2177 212 2214 nec,
234 2162 266 2204 51
289 2162 384 2219 plus
404 2163 482 2203 tibi
504 2172 696 2213 noceant,
716 2177 843 2218 quam
864 2163 925 2204 illi
945 2164 1122 2219 prosint,
1144 2171 1181 2195 ⁵3
1203 2164 1272 2205 cui
1299 2163 1558 2219 promiseris,

166 2316 205 2340 50
227 2308 284 2338 Est
307 2308 380 2337 enim
401 2306 540 2348 difficilis]
561 2308 641 2339 Haec
657 2318 722 2339 non
738 2309 818 2339 bene

121 2351 282 2381 cohaerent
305 2360 381 2381 cnm
403 2351 668 2390 praecedentibus,
685 2359 721 2382 ut
743 2353 821 2382 vidit

120 2395 189 2432 Jam
213 2393 368 2425 Pearcius.
403 2405 480 2424 nam
507 2405 571 2424 non
604 2396 680 2425 ratio
707 2404 820 2425 eorum

122 2437 273 2473 redditur,
289 2438 342 2467 sed
357 2438 551 2468 contrarium
567 2438 693 2468 dicitur.
732 2438 820 2468 Pear-

908 2315 945 2340 5-2
965 2309 1062 2339 Potest
1077 2308 1205 2338 accidere
1213 2309 1386 2349 promissum
1400 2308 1560 2352 aliquod-

862 2358 895 2381 ut
919 2351 954 2380 id
978 2351 1051 2390 &c.]
1072 2353 1206 2383 Dictum
1229 2353 1291 2383 hoc
1315 2359 1361 2383 est
1382 2362 1438 2392 pro
1460 2360 1561 2392 potest

863 2395 1015 2444 accidere,
1042 2402 1079 2425 ut
1102 2396 1297 2435 promissum
1323 2395 1451 2436 aliquod
1477 2396 1560 2426 effici

865 2438 977 2468 inutile
990 2438 1030 2468 sit
1046 2439 1107 2468 816.
1137 2439 1248 2469 Simile
1263 2446 1330 2470 est·
1324 2463 1330 2468 .
1347 2438 1454 2468 audivi
1472 2438 1562 2469 Cras-

121 2480 192 2509 cius
215 2479 403 2517 conjiciebat
425 2480 482 2510 Est
504 2481 629 2522 quidem.
653 2482 730 2511 forte
753 2491 821 2511 me-

123 2522 186 2553 lius
201 2523 242 2552 sit
256 2528 363 2557 tamen,
379 2522 429 2552 ve]
445 2529 552 2553 autem.

169 2571 205 2596 51
232 2576 266 2594 ea
282 2575 344 2593 cum
360 2571 481 2604 tempore
498 2564 722 2604 commutantur]
741 2564 822 2596 Haec

123 2615 170 2639 est
193 2607 288 2638 lectio
311 2608 381 2637 edd.
408 2618 454 2647 pr.
481 2608 577 2639 Rom.
603 2608 736 2638 Mediol.
762 2610 821 2640 &c.

123 2651 169 2681 516
191 2657 223 2681 et
245 2651 324 2681 Mss.
348 2650 465 2688 plures,
489 2652 585 2682 etiam
610 2651 726 2682 Duisb.
753 2658 824 2691 post

126 2694 248 2724 edidere
270 2693 403 2733 quidam
425 2700 563 2733 tempora,
579 2695 666 2733 quod
688 2702 719 2724 et
742 2695 820 2725 Mss-

127 2736 272 2775 quidam,
289 2737 384 2766 etiam
406 2736 503 2766 Goth.
526 2737 633 2767 habet.
654 2738 709 2767 sed
731 2737 765 2767 in
786 2747 824 2767 ea

128 2778 263 2809 lectione
278 2788 344 2808 non
360 2779 550 2809 commodus
565 2789 676 2810 sensus
691 2787 748 2810 est.
767 2781 824 2810 ita-

128 2831 190 2860 que
215 2822 357 2852 Graevius
381 2821 521 2852 malebat
546 2833 579 2850 ea
604 2822 712 2853 deleri.
741 2824 823 2854 mihi

128 2863 209 2895 olim
222 2864 330 2903 visum
344 2871 390 2896 est
403 2865 626 2905 corrigendum
643 2875 719 2907 ergo.

863 2491 938 2518 sum,
954 2492 1017 2510 cum
1033 2481 1056 2510 is
1072 2480 1178 2511 diceret
1192 2492 1249 2522 pro
1268 2482 1375 2511 audivi
1391 2492 1454 2511 cum
1474 2481 1562 2512 Cras-

864 2534 910 2553 sus
925 2523 1032 2553 diceret
1046 2530 1077 2553 et
1092 2523 1162 2554 alia.

909 2573 947 2597 53
971 2567 1019 2596 cui
1037 2566 1216 2615 promiseris,
1242 2573 1341 2596 contra
1362 2565 1484 2607 officium
1508 2571 1564 2602 est,

864 2609 957 2649 majus
985 2609 1118 2649 anteponi
1146 2607 1265 2648 minori]
1292 2610 1344 2640 Sic
1372 2609 1454 2639 edidi
1484 2617 1563 2638 cum

865 2652 1004 2688 Pearcio,
1030 2653 1213 2683 auctoribus
1239 2652 1326 2683 libris
1352 2661 1411 2682 scr.
1439 2658 1470 2681 et
1491 2651 1563 2681 edd.

865 2705 920 2735 pro
943 2695 1073 2735 vulgato
1093 2695 1141 2725 cui
1158 2694 1332 2734 promiseris.
1382 2694 1491 2724 Contra
1505 2692 1565 2734 qffi-

867 2738 943 2767 cium
966 2745 1018 2775 est,
1038 2749 1076 2767 m.
1101 2749 1153 2768 non
1175 2738 1308 2777 anteponi
1330 2736 1445 2772 minori,
1470 2738 1565 2766 inter-

866 2782 999 2820 punctio
1019 2780 1124 2829 rnajor
1146 2791 1212 2810 non
1235 2787 1281 2810 est
1297 2781 1329 2809 in
1346 2758 1456 2809 multi's
1479 2778 1566 2809 libris

866 2833 927 2853 scr.
944 2832 1003 2853 nec
1019 2824 1052 2853 in
1069 2824 1168 2853 Goth.
1184 2830 1214 2852 et
1229 2822 1317 2852 abest
1337 2832 1400 2852 non.
1423 2831 1479 2861 pro
1500 2831 1566 2862 quo

866 2866 1012 2906 quidam,
1027 2872 1064 2897 ut
1085 2872 1117 2897 et
1135 2866 1184 2896 ed.
1207 2875 1254 2906 pr.
1277 2865 1398 2896 habent
1415 2864 1565 2903 damnum,
