1844 3202
302 106 380 139 880
681 103 739 141 M.
767 101 985 141 TULLII
1025 103 1366 142 CICERONIS

301 207 477 305 l(Jottam
501 208 554 250 de
585 210 668 251 suis
699 210 868 267 legibus
897 212 1151 268 abrogandis
1172 213 1311 269 ipsum
1332 211 1385 254 ad
1409 221 1603 254 senatum
1624 222 1741 255 retu-

319 278 411 306 isse.

861 348 1178 404 SEQUITUR.

358 424 534 465 Possum
567 433 610 465 et
639 425 828 481 ejusdem
856 426 998 466 Cottae
1019 426 1158 481 legem
1179 427 1232 468 de
1246 427 1418 483 judiciis
1440 427 1609 483 privatis
1630 442 1741 469 anno

299 490 412 535 post,
433 496 559 537 quam
579 481 665 522 lata
686 482 753 533 sit,
775 497 800 522 a
818 482 944 522 fratre
967 481 1058 537 ejus
1080 483 1344 538 abrogatam.

901 571 1141 613 STATIM.

356 650 517 704 Legem
552 648 757 689 Liciniam
791 656 833 689 et
866 649 1054 690 Mutiam
1088 649 1140 690 de
1173 649 1332 690 civibus
1365 650 1580 706 regundis,
1611 666 1739 707 quam

299 705 386 746 duo
415 705 611 746 consules
640 705 847 756 omnium,
870 720 977 761 quos
999 706 1189 756 vidimus,
1212 706 1506 761 sapientissimi
1532 708 1739 758 tulissent,

298 761 418 803 video
449 771 641 802 constare
671 762 778 803 inter
808 777 971 812 omnes,
1003 778 1086 804 non
1116 763 1248 804 modo
1278 762 1486 813 inutilem,
1507 764 1580 805 sed
1599 765 1738 820 perni-

300 819 459 860 ciosam
482 818 724 873 reipublicae
746 819 889 859 fuisse.

357 876 554 931 Quatuor
575 876 748 916 omnino
769 890 927 930 genera
948 884 1058 927 sunt,
1074 875 1256 932 judices,
1280 876 1320 916 in
1342 876 1496 931 quibus
1525 891 1600 932 per
1620 891 1739 919 sena-

299 939 408 981 tum,
439 931 816 987 morermajorum,
848 941 1056 973 statuatur
1085 933 1242 988 aliquid
1275 932 1327 973 de
1353 933 1533 987 legibus.
1593 934 1740 975 Unum

299 997 363 1029 est
385 987 610 1044 ejusmodi,
631 988 795 1043 placere
815 988 954 1043 legem
977 989 1171 1045 abrogari
1190 1007 1200 1031 z
1222 998 1270 1030 ut
1289 990 1344 1045 Q.
1369 989 1558 1040 Caecilio,
1578 991 1643 1031 M.
1662 991 1687 1032 J
1691 1006 1739 1031 u-

299 1045 369 1085 nio
407 1045 666 1095 consulibus,
708 1059 804 1100 quae
842 1045 957 1100 leges
1000 1060 1086 1086 rem
1127 1046 1349 1087 militarem
1388 1045 1656 1101 impedirent,
1693 1056 1741 1088 ut

298 1101 622 1157 abrogarentur.

354 1158 571 1209 Alterum,
594 1173 687 1214 quae
710 1158 776 1199 lex
795 1158 879 1199 lata
899 1173 990 1199 esse
1011 1158 1189 1209 dicatur,
1210 1172 1260 1199 ea
1280 1173 1364 1199 non
1384 1157 1512 1200 videri
1532 1159 1739 1215 populum

298 1215 454 1255 teneri:
488 1225 536 1256 ut
571 1217 621 1256 L.
656 1215 837 1266 Marcio,
875 1216 971 1257 Sex.
1009 1216 1126 1257 Julio
1156 1215 1414 1258 consulibus.
1474 1217 1543 1257 De
1572 1216 1739 1272 legibus

297 1271 441 1312 Liviis.

352 1328 545 1369 Tertium
567 1337 631 1369 est
650 1327 702 1369 de
732 1328 879 1384 legum
902 1326 1264 1384 abrogationibus.
1287 1344 1373 1384 quo
1396 1328 1448 1369 de
1467 1342 1621 1384 genere
1642 1343 1736 1384 per-

295 1399 409 1440 saepe
431 1385 807 1426 Senatusconsulta
828 1386 948 1437 fiunt,
968 1396 1016 1427 ut
1036 1398 1170 1439 nuper
1186 1384 1238 1426 de
1257 1385 1348 1440 ipsa
1377 1385 1472 1440 lege
1494 1384 1738 1440 Calpurnia,

296 1456 393 1497 quae
413 1441 706 1497 derogaretur.

354 1500 397 1539 P.
420 1499 648 1539 Africanus
679 1499 749 1539 ille
783 1499 985 1554 superior,
1010 1506 1056 1539 ut
1076 1497 1243 1549 dicitur,
1265 1512 1349 1539 non
1370 1498 1509 1539 solum
1531 1513 1556 1539 a
1574 1498 1739 1554 sapien-

293 1555 468 1596 tissimis
506 1555 764 1605 hominibus,
798 1556 870 1611 qui
903 1563 993 1596 tum
1022 1563 1154 1605 erant,
1189 1570 1332 1595 verum
1363 1555 1491 1595 etiam
1520 1570 1545 1595 a
1572 1569 1616 1595 se
1643 1555 1737 1610 ipso

296 1626 407 1667 saepe
428 1621 648 1652 accusatus
676 1621 755 1661 est,
776 1611 905 1666 quod,
927 1626 1023 1652 cum
1055 1611 1203 1652 consul
1224 1620 1334 1652 esset
1352 1625 1451 1651 cum
1480 1611 1545 1651 Ti.
1568 1612 1737 1667 Longo,

295 1683 443 1723 passus
466 1678 575 1709 esset
595 1677 686 1709 tum
709 1668 894 1724 primum
915 1683 940 1708 a
960 1667 1153 1724 populari
1182 1681 1382 1709 consessu
1408 1667 1617 1709 senatoria
1636 1668 1736 1709 sub-

296 1724 415 1766 sellia
437 1725 633 1781 separari.

775 1813 963 1856 CIRCA
994 1814 1268 1855 MEDIUM.

299 1894 389 1950 Quo
420 1895 499 1936 loco
533 1900 737 1946 numerat,
767 1908 857 1934 cum
889 1893 956 1934 lex
972 1892 1162 1948 feratur,
1193 1899 1289 1948 quot
1321 1891 1408 1933 loca
1442 1891 1733 1933 intercessionis

812 1949 1052 2006 sunt,jul1et
1076 1949 1220 1990 dicere.

350 2032 427 2071 Est
458 2031 603 2085 utique
627 2029 698 2086 jus
728 2029 909 2079 vetandi,
930 2043 1030 2070 cum
1050 2044 1099 2069 ea
1119 2029 1289 2080 feratur,
1311 2027 1515 2085 quamdiu
1534 2042 1618 2068 non
1641 2042 1733 2125 zer-

293 2087 452 2128 fertur:
484 2087 688 2142 quamdiu
709 2087 780 2141 qui
810 2086 998 2141 suffragii
1025 2085 1192 2126 ferundi
1214 2099 1341 2126 causa
1361 2084 1628 2135 conveniunt,
1682 2099 1734 2126 uc

291 2153 335 2184 et
354 2143 455 2185 illuc
474 2144 784 2184 transferuntur
813 2142 916 2183 dum
942 2142 1090 2197 privati
1112 2141 1258 2182 dicunt
1278 2159 1287 2182 z
1320 2141 1424 2182 dum
1447 2140 1611 2182 tabellae
1633 2140 1734 2181 diri-

291 2200 473 2241 bentur:
504 2200 607 2241 dum
638 2199 774 2241 sitella
804 2199 1020 2241 defertur:
1052 2199 1155 2239 dum
1188 2207 1408 2255 aequantur
1438 2206 1599 2240 sortes:
1630 2196 1732 2238 dum

291 2257 457 2298 sortitio
481 2257 526 2297 fit
544 2274 553 2298 ε
586 2266 628 2298 et
649 2257 683 2298 si
705 2270 788 2312 qua
807 2265 907 2298 sunt
928 2255 1055 2312 hujus
1075 2269 1242 2310 genens
1264 2254 1358 2297 alia.

819 2345 1021 2388 PAULO
1054 2345 1210 2388 POST.

348 2428 495 2468 Unum
526 2433 684 2476 tamen,
714 2424 829 2480 quod
861 2425 944 2465 hoc
974 2424 1066 2479 ipso
1096 2423 1267 2464 tribuno
1298 2421 1432 2478 plebis
1462 2422 1625 2464 facturn
1655 2432 1734 2475 est,

290 2482 699 2540 praetermittendum
732 2496 817 2522 non
846 2480 1021 2522 videtur.
1050 2494 1186 2536 neque
1214 2479 1326 2521 enirn
1347 2477 1485 2535 majus
1507 2487 1569 2520 est
1590 2479 1732 2535 legere

289 2540 496 2590 codicem,
527 2554 623 2580 cum
655 2537 956 2588 intercedatur,
978 2551 1103 2592 quam
1137 2536 1316 2578 sitellam
1345 2535 1480 2591 ipsam
1510 2549 1609 2577 cum
1636 2536 1730 2591 ipso

288 2599 565 2639 intercessore
595 2595 771 2646 deferre,
802 2608 878 2635 nec
908 2593 1091 2650 graviuS,
1123 2593 1306 2648 incipere
1335 2591 1459 2643 ferre,
1478 2607 1605 2648 quarn
1632 2606 1728 2648 per-

288 2656 411 2703 ferre,
442 2668 519 2693 nec
550 2652 838 2693 vehementius
869 2649 1091 2691 ostendere
1123 2664 1167 2690 se
1191 2649 1376 2690 laturum
1397 2648 1527 2690 invito
1548 2649 1732 2705 collega,

289 2726 417 2767 quam
449 2709 527 2765 ipsi
558 2708 736 2764 collegae
766 2708 1062 2763 magistratum
1092 2706 1310 2761 derogare,
1342 2720 1419 2747 nec
1449 2705 1730 2758 criminosius,

289 2768 424 2809 tribus
446 2767 500 2807 ad
527 2766 666 2821 legem
694 2763 995 2820 accipiendam,
1017 2777 1141 2819 quam
1164 2763 1217 2804 ad
1237 2762 1447 2818 collegam
1469 2760 1728 2803 reddendum

289 2824 480 2880 privatim
512 2823 624 2864 intro
655 2835 826 2864 vocare:
867 2836 961 2877 quae
994 2821 1052 2862 vir
1081 2820 1201 2862 fortis
1232 2819 1361 2877 hujus
1390 2818 1558 2875 collega
1587 2818 1727 2861 Aulus
