1844 3202
253 105 331 139 810
761 98 927 137 CATO
961 99 1170 138 MAJOR

252 207 488 264 conditiora
507 206 606 250 facit
628 206 735 259 haec,
756 214 795 240 ⁴6
809 207 1101 264 supervacanei
1125 207 1251 249 etiarn
1281 205 1417 262 operis
1444 207 1672 262 aucupium

190 277 240 317 57
254 272 379 319 atque
409 264 585 306 venatio.
644 264 759 321 Quid
794 264 845 306 de
908 274 1095 306 ratorum
1124 263 1344 314 viriditate,
1374 272 1447 305 aut
1474 263 1672 305 arborum

253 320 470 362 ordinibus
486 337 498 372 3
529 329 603 362 aut
622 322 832 362 vinearum
854 335 880 361 o
899 321 1186 376 ivetorumque
1206 321 1342 376 specie
1370 319 1507 361 dicam
1528 321 1541 360 ?
1573 320 1676 361 Bre-

251 377 290 418 vi
306 376 545 433 praecidam.
603 377 725 433 Agro
744 378 851 418 bene
871 377 988 418 culto
1009 376 1068 418 nil
1087 385 1229 431 potest
1247 391 1351 428 esse,
1370 390 1444 417 nec
1469 391 1548 417 usu
1568 376 1673 416 ube-

251 433 352 484 rius,
392 447 467 474 nec
501 434 638 489 specie
670 432 882 475 ornatius:
917 433 971 474 ad
1010 447 1137 489 quem
1169 433 1392 474 fruendum
1429 448 1512 474 non
1547 431 1676 473 modo

252 504 336 531 non
365 490 562 541 retardat,
593 504 735 530 verum
766 490 894 530 etiam
930 489 1089 538 invitat,
1117 497 1244 544 atque
1271 489 1440 530 allectat
1468 497 1676 529 senectus.

253 545 341 587 Ubi
363 546 474 587 enim
504 554 644 602 potest
662 545 733 587 illa
753 554 866 596 aetas,
887 555 960 587 aut
984 545 1189 586 calescere
1208 545 1271 586 vel
1297 545 1552 600 apricatione
1585 559 1675 585 me-

182 635 183 639 ,
251 600 347 652 lius,
367 602 428 643 vel
454 602 574 657 igni:
605 611 678 643 aut
699 601 879 643 vicissim
908 601 1070 643 umbris
1103 601 1270 657 aquisve
1301 600 1534 656 refrigerari
1563 601 1675 642 salu-

191 670 240 703 58
252 658 396 700 brius?
431 659 518 699 Sibi
537 658 667 714 igitur
686 658 868 699 habeant
894 672 1025 709 arma,
1046 657 1126 699 sibi
1151 671 1297 713 equOS,
1317 657 1396 698 sibi
1424 658 1576 708 hastas,
1597 657 1676 698 sibi

252 715 426 765 clavam,
444 715 521 756 sibi
542 715 686 771 pilam,
706 715 783 756 sibi
805 722 842 751 47
860 715 1104 764 natationes,
1124 724 1168 755 et
1180 728 1351 755 cursus:
1373 714 1492 755 nobis
1509 714 1677 754 senibus

252 785 304 812 ex
334 771 568 812 lusionibus
599 771 744 813 multis
774 771 882 813 talos
914 770 1165 826 relinquant,
1188 779 1231 811 et
1260 778 1462 811 tesseras:
1492 770 1676 825 idipsum

253 837 396 869 utrum
417 828 580 869 lubebit
597 845 607 869 :
639 826 838 884 quoniam
858 827 946 868 sine
967 827 1032 868 his
1051 827 1174 868 beata
1192 841 1283 868 esse
1303 834 1495 867 senectus
1525 834 1678 882 potest.

174 880 239 933 17
255 884 418 925 Multas
446 884 500 925 ad
530 899 592 925 res
616 884 815 939 perutiles
843 883 1139 939 Xenophontis
1166 883 1262 925 libri
1282 891 1393 925 sunt.
1412 897 1519 939 quos
1537 883 1679 938 legite,

191 954 243 994 59
255 955 413 996 quaeso,
434 940 637 990 studiose,
656 949 705 980 ut
730 940 880 981 facitis.
910 955 1038 995 quam
1063 940 1232 994 copiose
1257 941 1310 980 ab
1341 954 1392 980 eo
1419 939 1681 994 agricultura.

211 1000 242 1031 b.
254 996 450 1038 laudatur
478 996 520 1037 in
548 1011 599 1038 eo
628 996 752 1047 libro,
773 997 847 1051 qui
874 1005 940 1037 est
963 995 1016 1036 de
1038 995 1194 1036 tuenda
1213 1010 1255 1036 re
1275 995 1482 1045 familiari,
1501 996 1573 1051 qui
1594 996 1680 1037 OE-

252 1052 499 1094 conomicus
529 1051 799 1094 inscribitur?
845 1053 989 1108 Atque
1017 1059 1067 1093 ut
1097 1051 1356 1107 intelligatis,
1387 1051 1492 1092 nihil
1523 1052 1561 1092 ei
1592 1059 1679 1093 tam

252 1109 395 1165 regale
413 1108 555 1160 videri,
576 1124 704 1165 quam
725 1108 914 1150 studium
938 1107 1029 1163 agri
1057 1107 1237 1158 colendi,
1269 1109 1462 1149 Socrates
1482 1107 1523 1148 in
1550 1122 1601 1149 eo
1628 1108 1679 1149 li-

251 1165 331 1207 bro
364 1166 554 1222 loquitur
583 1181 682 1207 cum
704 1164 944 1216 Critobulo,
965 1164 1128 1221 Cyrum
1156 1165 1379 1215 minorem,
1405 1179 1550 1220 regem
1583 1165 1679 1205 Per·

252 1237 409 1273 sarum,
439 1230 707 1278 praestantem
734 1221 921 1278 ingenio,
941 1230 1066 1277 atque
1097 1221 1260 1277 imperii
1294 1221 1444 1277 gloria,
1466 1235 1563 1262 cum
1593 1223 1681 1277 Ly-

253 1279 402 1320 sander
428 1278 790 1330 Lacedaemonius,
809 1279 869 1319 vir
896 1292 1073 1319 summae
1093 1278 1271 1329 virtutis,
1291 1277 1468 1319 venisset
1497 1277 1550 1318 ad
1580 1292 1680 1318 eum

253 1335 409 1387 Sardis,
429 1336 553 1392 eique
572 1335 684 1376 dona
703 1350 727 1375 a
746 1335 869 1376 sociis
886 1334 1095 1376 attulisset
1114 1350 1123 1374 z
1151 1343 1195 1375 et
1222 1334 1370 1375 ceteris
1392 1335 1433 1375 in
1466 1335 1590 1375 rebus
1610 1349 1682 1375 co-

252 1406 366 1433 mem
394 1406 497 1448 erga
523 1391 791 1449 Lysandrum
822 1400 949 1447 atque
979 1391 1213 1432 humanum
1245 1391 1387 1442 fuisse,
1407 1400 1449 1432 et
1479 1391 1517 1432 ci
1546 1405 1680 1446 quen-

254 1448 351 1489 dam
373 1457 624 1505 conseptum
654 1462 820 1503 agrum,
841 1448 1063 1503 diligenter
1086 1448 1298 1489 consitum
1320 1447 1563 1489 ostendisse.
1585 1462 1682 1488 cum

254 1514 397 1546 autem
429 1504 705 1547 admiraretur
732 1504 949 1562 Lysander
968 1513 1010 1545 et
1034 1504 1302 1559 proceritates
1324 1505 1537 1555 arborum,
1558 1514 1599 1545 et
1620 1503 1682 1545 di—

254 1570 393 1602 rectos
421 1561 464 1602 in
494 1562 775 1617 quincuncem
801 1561 980 1611 ordines,
1005 1570 1048 1601 et
1078 1560 1259 1601 humum
1290 1562 1523 1610 subactam,
1557 1570 1684 1616 atque

252 1632 419 1673 puram,
450 1626 493 1658 et
531 1617 778 1658 suavitatem
813 1617 1009 1666 odorum,
1041 1617 1114 1671 qui
1150 1616 1388 1658 afflarentur
1421 1632 1444 1658 e
1479 1617 1683 1658 floribus:

252 1684 346 1716 tum
367 1674 533 1725 dixisse,
550 1673 691 1715 mirari
711 1688 754 1714 se
775 1688 858 1714 non
877 1673 1006 1714 modo
1024 1673 1300 1728 diligentiam,
1321 1673 1395 1713 sed
1422 1689 1514 1714 eam
1538 1673 1682 1714 soller-

253 1731 357 1772 tiam
377 1730 484 1786 ejus,
504 1745 528 1772 a
547 1744 633 1786 quo
660 1739 798 1771 essent
825 1729 896 1770 illa
925 1729 1129 1778 dimensa,
1150 1739 1277 1784 atque
1307 1729 1542 1785 descripta:
1575 1739 1617 1770 et
1646 1729 1686 1770 ei

255 1786 421 1844 Cyrum
449 1785 738 1843 respondisset
770 1786 905 1842 Atqui
932 1801 1015 1842 ego
1036 1786 1177 1826 omnia
1206 1786 1285 1827 ista
1312 1801 1407 1827 sum
1438 1787 1683 1837 dimensus;

254 1843 339 1886 mei
368 1852 467 1885 sunt
493 1843 675 1894 ordines,
697 1857 791 1884 mea
819 1842 1075 1899 descripti03
1106 1842 1252 1883 mulrae
1272 1843 1399 1883 etiam
1421 1843 1595 1884 istarum
1617 1858 1683 1884 ar-

254 1900 408 1942 borum
438 1915 533 1941 mea
559 1914 688 1941 manu
716 1907 815 1941 sunt
841 1908 956 1941 satae.
1013 1900 1125 1940 Tum
1157 1899 1423 1955 Lysandrum
1451 1901 1683 1942 intuentem

255 1956 349 2013 ejus
378 1971 623 2013 purpuram,
651 1965 693 1997 et
725 1956 902 1997 nitorem
934 1956 1136 2010 corporis,
1159 1967 1438 2012 ornatumque
1472 1952 1684 1996 Persicum

255 2013 394 2055 multo
431 2028 548 2065 auro,
581 2013 811 2069 multisque
843 2012 1042 2068 gemmiS,
1072 2011 1251 2053 dixisse:
1283 2021 1321 2044 48
1339 2014 1466 2054 Recte
1498 2027 1594 2053 vero
1628 2023 1684 2064 te,

258 2068 389 2127 Cyre,
408 2071 582 2111 beatum
601 2070 756 2121 ferunt,
778 2070 977 2124 quoniam
1000 2069 1140 2110 virtuti
1167 2078 1250 2110 tuae
1271 2071 1439 2110 fortuna
1458 2071 1685 2125 conjuncta

194 2132 336 2169 60est.
393 2127 488 2167 Hac
510 2127 641 2182 igitur
660 2126 829 2166 fortuna
847 2125 928 2166 frui
958 2125 1056 2166 licet
1087 2126 1282 2166 senibus:
1315 2140 1390 2166 nec
1422 2135 1522 2167 aetas
1553 2127 1686 2181 impe-

257 2182 334 2234 dit,
352 2197 438 2239 quo
458 2183 598 2224 minus
618 2190 660 2223 et
679 2190 910 2223 ceterarum
938 2195 1093 2234 rerum,
1114 2193 1158 2223 et
1187 2182 1374 2237 inprimis
1398 2183 1487 2237 agri
1519 2182 1686 2224 colendi

257 2239 396 2281 studia
420 2249 637 2281 teneamus
658 2252 791 2294 usque
811 2238 863 2279 ad
889 2238 1087 2280 ultimum
1122 2249 1290 2294 tempus
1320 2240 1557 2280 senectutis.
1618 2240 1684 2280 M.

258 2295 430 2352 quidem
461 2296 680 2338 Valerium
713 2296 899 2337 Corvum
932 2295 1171 2350 accepimus
1210 2296 1263 2336 ad
1297 2296 1573 2336 centesimum
1611 2311 1685 2337 an-

152 2371 183 2402 p.
196 2368 248 2395 90.
259 2364 363 2394 num
388 2352 644 2409 perduxisse,
665 2366 763 2393 cum
783 2361 894 2393 esset
920 2361 1013 2393 acta
1036 2352 1127 2408 jam
1160 2362 1282 2393 :etate
1312 2353 1353 2392 in
1383 2353 1506 2407 agris,
1527 2368 1686 2408 cosque

219 2409 441 2452 ³·coleret:
473 2410 595 2466 cujus
624 2409 731 2451 inter
759 2408 944 2465 primum
973 2418 1016 2450 et
1045 2419 1210 2450 sextum
1241 2410 1521 2460 consulatum,
1544 2425 1614 2451 sex
1644 2419 1685 2450 et

301 2552 342 2578 46
365 2545 572 2587 supervacanei
592 2544 683 2585 operis
699 2544 866 2583 aucupium]
884 2545 951 2574 Au·
993 2546 1064 2580 dus,
1077 2546 1293 2581 Auerna—cius,
1311 2554 1338 2575 et
1355 2546 1406 2575 alii
1422 2546 1520 2575 secuti
1537 2552 1622 2581 sunt,
1641 2546 1686 2575 id-

257 2591 392 2630 cupium
428 2596 458 2619 et
490 2589 691 2619 venationem
727 2588 949 2627 supervacanei
993 2597 1054 2627 que
1068 2595 1097 2617 ct
1114 2589 1176 2627 ipsc
1194 2590 1342 2618 remeavi.
1391 2590 1563 2628 Vulgatum
1580 2595 1686 2618 ortum

257 2634 380 2673 operis:
404 2634 480 2672 quia
496 2633 527 2661 in
545 2633 580 2662 iis
595 2631 686 2661 nulla
706 2638 751 2660 est
770 2632 948 2667 necessitas,
994 2638 1039 2661 est
1055 2641 1071 2660 e
1088 2632 1276 2670 compendio
1291 2633 1458 2662 scribendi.

260 2683 295 2707 ut
311 2677 343 2707 in
358 2677 468 2707 ceteris
483 2676 630 2714 operibus
646 2675 779 2704 rusticis.
1038 2682 1075 2703 48
1102 2674 1181 2702 Itectae
1203 2686 1233 2702 -ιιι
1244 2675 1283 2712 ro]
1306 2676 1439 2714 Reposui
1454 2681 1537 2710 recte,
1553 2675 1622 2703 edd.
1639 2684 1685 2713 pr,

302 2725 340 2755 47
365 2719 491 2748 nationes
509 2724 536 2747 et
554 2715 664 2756 cursus]
691 2717 742 2747 Sic
768 2717 839 2747 edd.
861 2723 948 2753 vett„
992 2717 1173 2749 lectionem,
1192 2728 1207 2748 ιτ
1228 2735 1229 2740 ,
1269 2726 1536 2758 ·1t‹>‚quumquam
1553 2717 1584 2747 in
1602 2717 1686 2748 rnul-

258 2763 343 2800 quod
372 2761 510 2792 defendit
533 2761 685 2791 Gruterus
708 2761 802 2789 etiam
827 2769 843 2788 e
872 2760 949 2789 Mss.
992 2762 1029 2791 tis
1046 2761 1128 2790 libris
1146 2772 1200 2789 >vt-r,
1221 2768 1348 2800 12:110.

260 2805 316 2836 Ed.
340 2805 471 2837 Mediol.
494 2805 578 2836 dedit
598 2803 770 2840 natationes,
792 2804 878 2842 quod
897 2803 951 2833 A}-
