1844 3202
277 105 357 154 916
644 104 704 143 M.
740 104 955 143 TULLII
992 103 1321 144 CICERONIS

275 225 394 253 mnes
419 211 728 269 complectitur,
753 228 942 256 summus
968 213 1055 269 ipse
1086 215 1219 265 Deus,
1237 225 1381 255 arcens
1410 219 1453 254 et
1481 211 1700 255 continens

275 278 436 309 ceteros
452 284 464 319 3
497 270 537 310 in
567 285 651 325 quo
671 270 783 311 infixi
804 280 901 311 sunt
919 271 992 320 illi,
1012 270 1083 324 qui
1102 271 1336 321 volvuntur,
1356 269 1569 311 stellarum
1599 284 1698 311 cur-

276 338 346 365 sus
373 326 642 381 sempiterni:
674 327 741 367 cui
771 327 949 381 subjecti
976 335 1076 367 sunt
1103 337 1278 381 septem,
1299 327 1372 382 qui
1390 336 1602 367 versantur
1631 340 1698 366 re-

276 389 359 431 tro,
379 383 588 423 contrario
610 393 743 432 motu,
764 393 890 436 atque
912 382 1083 432 coelum,
1104 397 1154 422 ex
1178 383 1330 438 quibus
1357 398 1490 423 unum
1518 382 1698 437 globum

273 437 462 533 EOSSidet
481 439 566 489 illa,
586 454 713 494 quam
736 439 775 478 in
799 438 918 478 terris
939 438 1178 478 Saturniam
1199 440 1428 479 nominant.
1456 439 1606 480 deinde
1635 445 1700 479 est

307 494 497 535 ominum
527 495 672 550 generi
702 508 923 548 prosperus
951 503 994 534 et
1009 494 1198 535 salutaris
1228 495 1298 535 ille
1327 495 1481 550 fulgor,
1503 495 1573 551 qui
1593 494 1699 534 dici-

274 557 345 590 tur
379 550 524 591 Jovis:
573 559 665 590 tum
704 550 868 600 rutilus,
908 550 1201 605 horribilisque
1237 550 1371 601 terris,
1410 567 1536 607 quem
1577 552 1699 592 Mar-

272 605 380 647 tium
403 605 564 645 dicitis:
599 605 747 645 deinde
767 606 910 647 subter
929 606 1113 646 mediam
1133 607 1218 647 fere
1240 607 1456 662 regionem
1486 608 1559 649 Sol
1584 607 1698 648 obti-

273 670 358 713 net,
388 662 487 712 dux,
518 670 560 702 et
598 662 803 717 princeps,
834 673 876 704 et
904 663 1147 704 moderator
1181 663 1389 703 luminum
1423 664 1697 720 reliquorum,

272 732 391 758 mens
424 718 586 768 mundi,
617 727 660 759 et
688 719 952 774 temperatio,
982 728 1099 760 tanta
1131 718 1436 774 magnitudine,
1465 731 1512 761 ut
1544 731 1700 761 cuncta

273 789 350 814 sua
369 774 461 815 luce
480 774 674 825 illustret,
694 785 736 816 et
755 776 983 831 compleat.
1009 775 1121 816 hunc
1148 786 1197 816 ut
1224 776 1399 816 comites
1431 790 1696 831 consequun-

271 838 355 881 tur,
376 832 552 872 Veneris
580 831 697 882 alter,
726 831 829 872 alter
859 832 1063 873 Mercurii
1096 847 1271 873 cursus:
1300 832 1341 872 in
1371 832 1599 887 infimoque
1629 847 1698 873 or-

269 886 325 927 be
358 889 491 938 Luna,
512 887 636 927 radiis
668 888 766 928 solis
795 902 984 938 accensa,
1006 888 1276 929 convertitur.
1305 888 1412 929 infra
1440 898 1578 929 autem
1606 888 1698 944 jam

270 943 375 983 nihil
409 954 487 993 est,
518 944 598 995 nisi
632 944 809 984 mortale
843 954 886 986 ct
918 944 1143 994 caducum,
1180 952 1331 1000 praeter
1363 945 1525 985 animos
1554 944 1699 999 generi

270 998 507 1050 hominum,
529 1014 703 1041 munere
723 1000 899 1042 deorum
923 1001 1058 1042 datos.
1086 1015 1213 1056 supra
1242 1001 1386 1041 lunam
1417 1010 1513 1042 sunt
1546 1010 1700 1041 aeterna

270 1058 424 1097 omnia.
454 1072 551 1097 nam
582 1071 644 1106 ea,
666 1072 760 1112 quae
788 1070 851 1098 est
886 1057 1037 1108 media,
1058 1066 1101 1098 et
1127 1072 1238 1098 nona
1267 1056 1406 1108 tellus,
1438 1071 1574 1112 neque
1601 1071 1696 1097 mo-

269 1122 401 1163 vetur,
433 1123 475 1154 et
510 1113 653 1154 infima
683 1123 760 1163 est,
791 1104 849 1155 etx
870 1114 910 1155 in
946 1128 1039 1154 eam
1078 1114 1267 1154 feruntur
1296 1114 1439 1154 omnia
1474 1128 1552 1154 suo
1592 1122 1698 1154 nutu

232 1179 254 1210 5
270 1170 466 1223 pondera.
524 1171 634 1226 Quae
655 1185 752 1210 cum
780 1171 963 1212 intuerer
992 1179 1177 1225 stupens,
1199 1179 1247 1211 ut
1275 1185 1344 1210 me
1369 1170 1521 1225 recepi,
1542 1169 1690 1226 Quid?

268 1225 352 1276 hic,
383 1227 570 1283 inquam,
602 1227 695 1282 quis
730 1236 806 1277 est,
843 1227 914 1283 qui
943 1227 1131 1282 complet
1161 1241 1280 1267 aures
1317 1241 1430 1267 meas
1465 1236 1620 1276 tantus,
1655 1233 1699 1266 et

266 1294 355 1323 tarn
387 1284 519 1325 dulcis
551 1285 709 1324 sonus?
744 1285 829 1324 Hic
859 1293 937 1334 est,
964 1284 1100 1339 inquit
1127 1283 1212 1334 ille,
1239 1283 1311 1339 qui
1339 1282 1563 1324 intervallis
1593 1296 1695 1323 con-

259 1338 436 1394 junctus
468 1340 712 1395 imparibus,
744 1341 817 1381 sed
847 1350 989 1381 tamen
1023 1348 1040 1371 3
1060 1354 1135 1396 pro
1165 1348 1254 1380 rata
1287 1349 1406 1395 parte
1439 1339 1600 1380 ratione
1631 1337 1696 1378 di-

264 1396 442 1448 stinctis,
473 1397 671 1452 impulsu,
698 1406 739 1438 et
770 1405 893 1438 motu
920 1397 1107 1452 ipsorum
1138 1396 1303 1437 orbium
1337 1395 1587 1436 conficitur:
1619 1393 1693 1450 qui

266 1461 391 1493 acuta
423 1468 521 1494 cum
552 1454 747 1509 gravibus
783 1464 1034 1508 temperans,
1062 1453 1195 1494 varios
1228 1452 1487 1508 aequabiliter
1516 1465 1698 1492 concen-

265 1519 336 1549 tus
355 1510 495 1551 efficit.
517 1524 591 1550 nec
611 1510 721 1550 enirn
750 1510 914 1550 silentio
946 1511 1051 1550 tanti
1081 1517 1222 1550 motus
1252 1509 1415 1549 incitari
1444 1517 1634 1562 possunt,
1655 1515 1699 1548 e't

265 1575 417 1607 natura
449 1567 543 1615 fert,
574 1574 621 1606 ut
654 1576 841 1607 extrema
873 1580 923 1607 ex
954 1567 1083 1607 altera
1114 1574 1232 1620 parte
1262 1565 1456 1620 graviter,
1485 1579 1535 1605 ex
1567 1564 1698 1605 altera

267 1631 410 1663 autem
445 1632 569 1663 acute
601 1631 763 1663 sonent.
821 1623 963 1677 Quam
1001 1623 1057 1663 ob
1089 1636 1258 1663 causam
1289 1635 1480 1662 summus
1507 1620 1577 1662 ille
1606 1619 1700 1661 caeli

267 1678 441 1720 stellifer
460 1693 621 1730 cursus,
643 1678 763 1734 cujus
784 1678 999 1719 conversio
1025 1686 1089 1719 est
1116 1678 1377 1727 concitatior,
1398 1685 1523 1718 acuto
1554 1685 1597 1717 et
1625 1690 1697 1718 ex-

265 1735 396 1776 citato
417 1744 608 1782 movetur
628 1750 733 1776 sono
752 1752 760 1776 :
792 1735 1038 1790 gravissimo
1059 1744 1201 1776 autem
1221 1733 1290 1774 hic
1313 1733 1471 1774 lunaris
1491 1742 1616 1789 atque
1636 1733 1699 1774 in-

267 1792 405 1833 fimus.
439 1807 535 1832 nam
566 1802 691 1842 terra,
717 1807 841 1842 nona,
866 1791 1095 1833 immobilis
1128 1804 1315 1841 manens,
1346 1791 1431 1830 ima
1458 1790 1557 1831 sede
1584 1804 1696 1831 sem-

266 1862 342 1903 per
371 1849 516 1899 haeret,
537 1849 758 1903 complexa
787 1847 975 1889 medium
1005 1847 1152 1888 mundi
1178 1847 1336 1888 locum.
1357 1847 1417 1887 illi
1436 1854 1577 1888 autem
1597 1854 1699 1887 octo

266 1919 427 1956 cursus,
457 1905 499 1945 in
527 1905 679 1961 quibus
711 1904 859 1945 eadem
890 1905 948 1946 vis
979 1917 1042 1945 est
1074 1904 1271 1953 duorum,
1310 1903 1513 1944 Mercurii
1543 1911 1586 1944 et
1609 1903 1698 1943 Ve-

269 1961 393 2013 neris,
422 1971 584 2017 septem
612 1960 798 2002 efficiunt
825 1961 1046 2002 distinctos
1074 1959 1297 2001 intervallis
1328 1974 1478 2000 sonos:
1518 1959 1589 2014 qui
1618 1973 1696 1999 nu-

266 2032 406 2059 merus
439 2033 578 2059 rerum
607 2018 797 2059 omnium
833 2018 918 2058 fere
949 2017 1084 2058 nodus
1111 2026 1188 2057 est.
1221 2016 1337 2071 quod
1364 2015 1478 2057 docti
1505 2014 1696 2056 homines

267 2076 399 2115 nervis
419 2075 585 2124 imitati,
607 2084 733 2130 atque
752 2074 960 2124 cantibus,
981 2087 1178 2128 aperuere
1203 2072 1281 2113 sibi
1305 2072 1487 2113 reditum
1512 2072 1553 2113 in
1582 2072 1696 2113 hunc

265 2129 437 2171 locum:
469 2132 578 2172 sicut
601 2131 684 2178 alii,
705 2130 776 2185 qui
804 2130 1101 2185 praestantibus
1128 2129 1308 2184 ingeniis
1339 2130 1380 2170 in
1400 2130 1482 2170 vita
1509 2128 1695 2169 humana

267 2187 406 2228 divina
433 2188 573 2228 studia
599 2187 835 2227 coluerunt.
895 2188 991 2228 Hoc
1023 2186 1165 2227 sonitu
1194 2186 1374 2240 oppletae
1405 2199 1526 2226 aures
1555 2184 1694 2225 homi-

268 2259 368 2284 num
391 2243 731 2285 obsurduerunt:
761 2258 837 2284 nec
866 2254 930 2284 est
960 2243 1069 2284 ullus
1098 2242 1291 2283 hebetior
1317 2257 1461 2282 sensus
1490 2242 1531 2282 in
1552 2240 1695 2281 vobis:

269 2300 378 2341 sicut
414 2301 484 2340 ubi
516 2300 641 2341 Nilus
678 2299 731 2340 ad
763 2299 847 2350 illa,
880 2315 974 2354 quae
1010 2299 1232 2354 Catadupa
1268 2298 1548 2347 nominantur,
1587 2311 1696 2352 prae

267 2357 414 2412 cipitat
448 2371 498 2396 ex
530 2356 741 2397 altissimis
773 2356 1004 2406 montibus,
1034 2370 1084 2396 ea
1117 2370 1234 2410 gens,
1266 2370 1359 2409 quae
1393 2354 1513 2395 illum
1551 2354 1695 2395 locum

268 2413 435 2462 accolit,
468 2422 637 2467 propter
668 2412 1006 2467 magnitudinem
1035 2413 1212 2462 sonitus,
1240 2426 1364 2451 sensu
1396 2409 1592 2451 audiendi
1625 2425 1697 2451 ca-

267 2480 345 2510 ret.
407 2469 489 2509 Hic
510 2484 605 2508 vero
627 2478 766 2509 tantus
787 2478 851 2509 est
875 2469 1005 2508 totius
1030 2468 1178 2508 mundi
1206 2467 1494 2508 incitatissima
1521 2481 1694 2508 conver-

268 2527 386 2568 sione
417 2526 592 2576 sonitus,
619 2535 667 2565 ut
694 2540 790 2565 eum
816 2539 936 2565 aures
965 2524 1185 2565 hominum
1215 2538 1361 2578 capere
1389 2538 1472 2564 non
1502 2523 1693 2578 possint:

268 2584 378 2624 sicut
408 2582 561 2623 intueri
590 2581 725 2622 solem
756 2580 974 2622 adversum
1006 2581 1201 2636 nequitiS,
1227 2580 1402 2636 ejusque
1432 2579 1557 2621 radiis
1585 2579 1696 2620 acies

310 2716 328 2739 3
349 2716 402 2748 pro
419 2715 483 2737 rata
496 2714 581 2747 parte
594 2705 713 2744 ratione]
735 2707 805 2736 Hoc
821 2707 888 2735 sine
901 2706 960 2735 (lu-
1003 2707 1155 2745 portione,
1177 2712 1212 2735 ut
1231 2707 1327 2736 Tusc.
1346 2707 1372 2742 ,
1396 2711 1447 2737 39.
1469 2705 1521 2734 sed
1545 2705 1627 2735 idem
1651 2711 1697 2735 est

266 2753 319 2781 bio
330 2753 479 2782 vitiosum
494 2758 548 2780 est.
563 2752 594 2779 in
611 2750 792 2788 corrigendo
807 2758 869 2778 non
884 2757 960 2778 con
1004 2749 1111 2778 ratione
1240 2750 1343 2789 itaque
1366 2749 1535 2789 legendum
1554 2753 1608 2788 pro
1628 2754 1694 2779 rata

265 2795 409 2825 sentiunt
432 2794 487 2823 viri
513 2794 607 2823 docti.
629 2793 708 2826 mihi
731 2792 853 2821 videtur
875 2792 961 2820 cxci
1000 2799 1086 2832 parte
1101 2799 1128 2821 ct
1144 2792 1262 2821 ratione.

267 2838 348 2867 disse
364 2845 410 2867 et:
430 2844 482 2876 pro
500 2844 566 2866 rata
577 2842 664 2876 parte
680 2836 763 2866 idem
785 2842 830 2865 est
847 2843 883 2864 ac
906 2844 960 2873 pro
