1844 3202
587 125 668 162 DE
703 121 1085 162 SENECTUTE.
1474 129 1547 162 813

122 232 227 275 liore
255 233 511 283 conditione,
531 247 658 288 quarn
689 231 961 272 adolescens:
991 244 1090 271 cum
1121 229 1178 281 id,
1207 229 1324 285 quod
1353 230 1422 271 ille
1451 245 1547 286 spe-

123 301 203 340 rat,
232 291 298 331 hic
327 291 417 348 jain
448 301 697 331 consecutus
730 295 806 327 est.
868 286 942 327 Ille
969 287 1057 327 vult
1085 286 1158 327 diu
1182 285 1343 326 vivere:
1377 287 1442 327 hic
1473 288 1546 329 diu

124 347 237 388 vixit.
296 349 579 401 Quamquam,
613 359 639 384 ο
677 344 734 384 dii
768 343 895 384 boni!
935 343 1052 400 Quid
1081 351 1145 383 est
1176 342 1217 382 in
1254 342 1434 382 hominis
1466 344 1608 391 vita69

121 402 218 443 diu?
251 396 431 444 dal-nim
455 415 695 454 supremum
718 410 906 453 tempus:
925 413 1216 454 exspectemus
1236 397 1543 440 Tartcs-iorum

122 461 233 514 regis
263 470 456 499 aetateni:
488 458 568 498 fuit
598 458 709 497 enim
742 462 805 510 (ut
833 456 1035 511 scripturn
1057 455 1191 505 video)
1227 454 1546 509 Arganthonius

122 517 292 570 quidam
324 514 529 563 Gadibus,
560 515 631 569 qui
661 514 880 567 octoginta
908 512 1095 568 regnavit
1127 526 1270 557 annos,
1302 520 1471 551 «sentum
1503 521 1545 552 et

121 571 268 625 viginti
294 571 416 611 vixit:
448 572 518 611 sed
551 569 653 611 mihi
680 585 730 610 ne
756 571 1002 610 diuturnum
1030 568 1199 624 quidem
1232 568 1462 623 quidquam
1487 568 1545 608 vi—

119 627 256 675 detur,
280 626 318 667 in
343 642 426 682 quo
447 642 507 668 est
539 627 696 682 aliquid
726 637 975 666 extremuni.
1006 640 1102 666 cuin
1134 625 1244 665 enim
1277 623 1317 665 id
1349 624 1543 676 ad·.·enit;

119 692 220 724 tunc
249 683 367 733 illud,
403 683 516 739 quod
545 684 759 737 praeteriit,
790 682 973 723 effluxit:
1007 692 1170 723 tantuin
1200 691 1401 731 remanet,
1426 681 1544 736 quod

119 740 285 788 virtute,
306 752 347 781 et
370 754 481 780 reete
504 740 623 780 sactis
648 748 900 780 consecutus
931 739 998 780 sis.
1025 738 1142 778 horae
1169 738 1338 793 quidem
1372 737 1543 788 cedunt,

117 805 160 836 et
195 796 298 847 dies,
330 807 371 837 et
405 811 582 845 menses,
615 806 656 836 et
693 797 814 836 anni:
848 809 922 836 nec
955 796 1212 851 praeteritum
1247 803 1414 849 tempus
1447 810 1541 835 uin-

115 867 241 908 quam
276 864 504 902 revertitur,
528 868 600 893 nee
629 852 730 908 quid
762 862 976 907 sequatur,
998 851 1092 892 sciri
1121 860 1274 906 potest.
1305 851 1421 907 quod
1453 852 1543 892 cui-

114 923 198 963 que
227 910 427 964 temporis
456 912 506 949 ad
530 909 746 950 vivendum
780 908 918 959 datur,
944 923 996 949 eo
1027 907 1154 948 debet
1184 922 1274 949 esse
1303 918 1542 949 contentus.

114 965 268 1021 Neque
295 966 405 1006 enim
440 966 642 1015 histrioni,
661 974 707 1006 ut
738 965 914 1020 placeat,
935 964 1170 1020 peragenda
1188 974 1250 1004 est
1271 964 1425 1015 fabula,
1447 979 1539 1006 mo-
1553 976 1606 1016 70

112 1021 184 1071 do,
207 1023 246 1062 in
268 1038 537 1077 quoa-unique
562 1023 689 1063 fuerit
718 1032 830 1072 actu,
852 1023 1052 1076 probetur
1072 1038 1080 1059 τ
1113 1035 1247 1076 neque
1273 1022 1449 1076 sapienti
1469 1037 1540 1062 us-

115 1091 196 1132 que
215 1079 266 1119 ad
293 1078 481 1120 Plaudite
500 1078 734 1120 vivendum.
792 1078 922 1119 Breve
944 1078 1056 1118 enim
1078 1087 1246 1133 tenipus
1269 1078 1418 1128 aetatis,
1441 1079 1540 1120 satis

111 1145 176 1174 est
207 1135 384 1190 longum
414 1136 466 1176 ad
508 1136 614 1176 bene
644 1135 902 1190 honesteque
933 1134 1165 1175 vivendum.
1197 1135 1257 1174 sin
1290 1136 1540 1189 processeris

111 1189 296 1245 longius,
328 1206 411 1232 non
445 1192 579 1247 magis
618 1191 848 1232 dolendum
879 1200 956 1240 est,
987 1205 1111 1245 quam
1144 1191 1342 1246 agricolae
1380 1191 1540 1242 dolent,

112 1248 324 1301 praeterita
345 1248 456 1289 verni
487 1249 686 1304 temporis
718 1247 931 1297 suavitate,
964 1257 1168 1296 aestatem,
1199 1258 1542 1304 au²¹umnumque

114 1303 283 1344 venisse.
306 1319 375 1345 ver
399 1304 525 1354 enini,
551 1316 768 1360 tamquam
798 1303 1122 1344 adolescentiam
1155 1303 1377 1358 significat,
1400 1318 1540 1345 osten-

110 1358 257 1415 ditque
287 1361 446 1402 fructus
476 1362 670 1402 futuros:
702 1360 863 1416 reliqua
888 1370 1081 1415 tempora
1109 1359 1539 1402 demetend.s1·1·ucti-

111 1415 189 1457 bus
220 1426 263 1458 et
293 1417 566 1473 percipiendis
587 1418 908 1458 accommodata
934 1426 1046 1457 sunt.
1107 1417 1283 1457 chzus
1305 1426 1444 1458 autem
1473 1425 1598 1466 se—7l

108 1474 290 1515 nectutis
311 1485 375 1515 est
400 1479 463 1528 (ut
492 1489 604 1530 saepe
633 1474 734 1526 dixi)
759 1484 855 1515 ante
886 1483 1102 1528 partorum
1134 1473 1341 1513 bonorum
1374 1489 1538 1515 memo-

106 1528 166 1569 ria
194 1540 236 1570 et
265 1531 399 1584 copia.
461 1531 615 1572 Omnia
644 1545 755 1579 vero,
787 1545 881 1585 quae
913 1529 1146 1570 secundum
1188 1544 1377 1571 naturam
1416 1530 1536 1583 fiunt,

107 1595 206 1626 sunt
235 1586 426 1628 habenda
450 1588 490 1628 in
521 1587 655 1628 bonis.
678 1586 780 1642 quid
802 1595 866 1628 est
887 1596 1026 1627 autem
1050 1596 1134 1626 tam
1158 1587 1390 1627 secundum
1413 1596 1535 1628 natu-

104 1656 209 1693 ram,
231 1658 356 1699 quam
380 1644 549 1686 senibus
569 1645 702 1685 emori
722 1645 735 1684 ?
769 1643 884 1699 quod
914 1643 1024 1683 idem
1054 1643 1265 1698 contingit
1290 1643 1534 1685 adolescen-

105 1698 232 1750 tibus,
254 1700 493 1742 adversante
524 1712 566 1742 et
596 1709 858 1757 repugnante
889 1708 1049 1740 natura.
1112 1700 1259 1755 Itaque
1289 1699 1532 1742 adoleseen-
1547 1710 1577 1740 Ρ·
1592 1707 1643 1734 92·

103 1763 166 1795 tes
202 1757 308 1796 mori
339 1757 398 1797 sic
437 1757 542 1798 mihi
570 1757 777 1805 videntur,
807 1769 854 1797 ut
885 1770 983 1796 eum
1024 1771 1142 1811 aquae
1174 1756 1445 1797 multitudine
1475 1759 1534 1799 vis
1546 1752 1576 1773 a.

100 1811 285 1853 flammae
323 1814 600 1868 opprimitur:
634 1828 751 1854 senes
783 1823 940 1862 autem,
969 1811 1078 1853 sicut
1110 1827 1185 1853 sua
1217 1823 1383 1867 sponte,
1419 1815 1534 1856 nulla

102 1867 290 1909 adhibita
310 1869 360 1919 vi,
383 1880 628 1911 consumtus
649 1869 758 1925 ignis
779 1869 1073 1923 exstinguitur.
1099 1880 1140 1910 et
1172 1869 1289 1924 quasi
1320 1884 1462 1925 poma,
1483 1886 1535 1912 ex

104 1924 340 1973 arboribus,
361 1926 395 1966 si
416 1926 545 1967 cruda
573 1939 685 1976 sunt,
707 1927 742 1966 vi
771 1925 1007 1966 avelluntur
1022 1940 1035 1974 ;
1067 1925 1099 1966 si
1130 1936 1294 1966 matura
1324 1936 1365 1967 et
1396 1937 1532 1979 cocta,

100 1980 332 2023 decidunt:
363 1982 420 2023 sic
445 1983 570 2023 vitam
602 1982 938 2025 adolescentibus
966 1981 1024 2021 vis
1056 1982 1207 2033 aufert,
1240 1982 1409 2024 senibus
1442 1999 1533 2024 ma-

100 2038 277 2079 turitas:
321 2053 415 2094 quae
447 2039 552 2079 nii-'ni
582 2039 754 2095 quidem
784 2048 870 2079 tam
897 2037 1090 2094 jucunda
1119 2049 1196 2087 est,
1227 2049 1288 2089 ut,
1320 2054 1405 2094 quo
1436 2055 1534 2095 pro·

98 2094 195 2150 pius
225 2094 278 2136 ad
315 2105 495 2136 mortem
525 2096 740 2147 accedam,
771 2095 890 2151 quasi
921 2105 1073 2136 terram
1105 2095 1242 2136 videre
1271 2096 1424 2147 videar,
1453 2097 1531 2138 ali-

97 2151 355 2248 {nandoque
384 2151 426 2192 in
466 2161 635 2206 portum
667 2167 718 2193 ex
747 2152 877 2207 longa
906 2150 1168 2206 navigatione
1197 2166 1286 2192 esse
1315 2164 1530 2195 venturus.

144 2208 302 2249 'mnium
326 2219 496 2249 aetatuni
519 2219 657 2250 certus
676 2218 741 2250 est
760 2209 986 2250 terminus:
1019 2209 1248 2249 senectutis
1268 2219 1411 2250 autem
1434 2211 1528 2251 nul·
1546 2193 1614 2239 ΞΟ

98 2263 166 2305 lus
184 2274 323 2306 certus
352 2275 418 2306 est
447 2267 679 2307 terminusz
710 2276 906 2320 recteque
936 2265 978 2305 in
1009 2279 1058 2305 ea
1078 2265 1240 2315 vivitur,
1262 2267 1404 2321 quoad
1434 2282 1529 2308 mu-
1544 2267 1594 2306 72

99 2335 178 2361 nus
209 2321 334 2362 officii
363 2322 530 2377 exsequi
562 2333 603 2363 et
634 2322 743 2363 tueri
773 2322 937 2377 possis:
971 2329 1012 2361 et
1043 2333 1185 2362 tamen
1215 2333 1396 2364 mortem
1427 2339 1530 2365 con-

100 2385 299 2418 temnere.
324 2393 376 2419 ex
402 2394 487 2434 quo
518 2379 576 2429 fit,
597 2388 645 2419 ut
675 2378 903 2419 animosior
932 2377 1072 2424 etiam¹
1088 2390 1282 2419 senectus
1312 2379 1379 2430 sit,
1401 2395 1528 2436 quam

97 2433 393 2483 adolescentia,
415 2447 458 2476 et
478 2436 640 2476 fortior.
700 2437 800 2477 Hoc
829 2434 934 2476 illud
965 2445 1043 2484 est,
1066 2435 1181 2490 quod
1213 2436 1429 2478 Pisistrato
1459 2448 1526 2494 ty-

96 2505 230 2531 ranno
250 2505 275 2530 a
300 2491 456 2531 Solone
476 2507 721 2542 responsum
742 2502 834 2542 est3
867 2506 964 2532 cum
992 2492 1051 2532 illi
1079 2493 1299 2547 quaerenti,
1321 2508 1403 2548 qua
1433 2503 1526 2534 tan-

94 2546 195 2588 dem
216 2561 289 2602 spe
312 2547 440 2588 fretus
462 2549 539 2588 sibi
561 2559 648 2590 tam
668 2549 882 2590 audaciter
899 2548 1144 2599 obsisteret3
1177 2550 1440 2604 respondisse
1461 2551 1525 2591 di-

95 2603 221 2654 citur,
251 2604 487 2644 Senectute.
546 2605 629 2647 Sed
655 2605 815 2646 vivendi
845 2605 935 2646 finis
965 2615 1028 2646 est
1057 2605 1257 2661 optimus,
1289 2621 1386 2647 cum
1418 2607 1525 2647 inte-

96 2673 176 2715 gra
207 2669 360 2710 mente,
382 2661 616 2716 ceterisque
636 2663 843 2712 sensibus,
864 2676 970 2716 opus
992 2662 1081 2717 ipsa
1101 2677 1222 2703 suum
1245 2662 1407 2713 eadem,
1429 2678 1525 2717 quae

96 2718 421 2772 coagmentavit,
461 2729 608 2758 natura
647 2719 849 2760 dissolvit.
911 2719 972 2758 Ut
1010 2733 1173 2768 navem,
1215 2728 1262 2759 ut
1301 2719 1526 2759 aedificium

96 2772 207 2814 idem
229 2773 406 2814 destruit
427 2773 638 2824 facillime,
658 2776 730 2830 qui
749 2774 985 2816 construxit
1003 2791 1012 2815 ε
1045 2775 1103 2815 sic
1134 2775 1346 2815 hominem
1378 2775 1525 2816 eadem

95 2829 272 2885 optime,
291 2845 386 2885 quae
411 2830 731 2885 conglutinavit,
751 2841 898 2873 natura
927 2830 1127 2873 dissolvit.
1151 2833 1242 2887 jam
1264 2831 1401 2872 omnis
1422 2846 1526 2876 con-

151 2898 267 2928 Ἴσι..
291 2899 360 2929 1v.
381 2900 423 2927 Ρ.
444 2900 501 2928 11.
881 2900 905 2942 3
931 2899 962 2927 G
