1844 3202
281 138 363 180 754
809 130 888 174 DE
924 132 1193 177 OFFICIIS

286 251 430 284 mento
451 243 686 285 sestertium
713 244 866 287 millies
896 246 1169 302 relinquatur,
1191 253 1239 288 ut
1265 253 1380 296 ante,
1402 250 1528 302 quam
1561 243 1722 288 heredia

285 309 416 341 tatem
446 300 583 352 adeat,
614 302 708 343 luce
741 303 879 357 palam
913 303 954 344 in
983 304 1077 344 foro
1107 303 1244 354 saltet,
1274 303 1402 359 idque
1437 317 1481 344 se
1512 303 1724 344 facturum

284 357 538 412 promiserit,
572 358 687 413 quod
727 359 848 400 aliter
883 374 982 400 cum
1020 359 1215 400 heredem
1258 360 1488 415 scripturus
1528 358 1598 400 ille
1637 374 1723 400 non

286 422 424 454 esset:
467 415 607 464 faciat,
637 415 752 470 quod
793 416 1048 471 promiserit,
1080 417 1237 457 necne?
1276 417 1520 458 Promisisse
1550 415 1725 467 nollem,

282 480 326 510 et
348 470 388 510 id
410 471 590 512 arbitror
610 472 736 512 fuisse
755 472 986 526 gravitatis.
1013 471 1085 512 sed
1116 473 1315 527 quoniam
1346 473 1555 528 promisit,
1575 473 1609 513 si
1640 472 1724 513 sal-

284 536 372 568 tare
394 527 433 567 iu
464 528 556 568 foro
589 537 711 582 turpe
740 528 881 579 ducet,
904 528 1122 569 honestius
1151 528 1390 580 mentietur,
1413 530 1448 570 si
1475 544 1525 570 ex
1556 528 1723 570 heredi-

284 591 371 624 tate
401 583 504 624 nihil
529 584 705 638 ceperit,
735 593 771 620 ‘27
792 585 869 625 nisi
895 585 1003 626 forte
1032 598 1125 626 eam
1154 586 1374 641 pecuniam
1406 586 1448 627 in
1480 585 1722 640 reipublicae

175 648 489 696 p-71-mag1uuu
532 639 705 696 aliquod
743 651 913 697 tempus
953 641 1207 683 contulerit:
1251 651 1299 684 ut
1328 641 1391 683 vel
1425 642 1576 682 saltare
1610 656 1724 692 eum,

201 739 214 761 (
244 697 381 748 {cum
403 697 549 752 patrice
570 697 840 739 consulturus
863 697 930 750 sit,
952 707 1075 754 turpe
1095 713 1180 740 non
1203 698 1270 740 sit.
1300 699 1368 739 Ac
1390 713 1440 739 ne
1461 698 1532 740 illa
1551 697 1723 754 quidem

197 737 269 785 ..20
282 754 489 807 promissa
516 754 717 795 servanda
738 763 851 805 sunt,
872 771 966 811 quae
989 770 1073 796 non
1100 765 1199 797 sunt
1225 755 1274 797 iis
1294 755 1394 811 ipsis
1413 755 1547 806 utilia,
1569 755 1725 811 quibus

215 823 268 865 94
283 809 353 850 illa
382 811 638 865 promiseris.
699 812 772 853 Sol
805 812 1059 853 Phaethonti
1080 811 1164 853 filio
1192 814 1255 866 (ut
1279 811 1501 854 redeamus
1519 811 1572 853 ad
1597 812 1723 852 fabu-

280 866 357 919 las)
382 867 592 909 facturum
617 882 661 909 se
683 883 771 909 esse
792 868 910 920 dixit,
934 869 1140 925 quidquid
1165 879 1380 925 optasset:
1412 868 1587 924 optavit,
1608 877 1655 909 ut
1677 868 1724 910 in·

280 937 451 964 currum
483 924 612 980 patris
641 925 888 966 tolleretur:
922 926 1113 967 sublatus
1144 936 1237 976 est3
1269 936 1395 981 atque
1425 926 1611 975 insanus,
1637 940 1723 980 qua.

279 979 486 1032 constitit,
520 981 607 1021 ictu
637 981 824 1022 fulminis
857 982 1118 1037 deflagravit.
1178 984 1350 1038 Quanto
1386 982 1536 1022 melius
1569 982 1723 1031 fuerat,

276 1036 320 1076 in
353 1035 449 1087 hoe,
471 1037 728 1092 promissum
756 1038 884 1093 patris
908 1053 992 1079 uon
1014 1053 1104 1079 esse
1127 1040 1363 1079 servatum?
1397 1046 1437 1070 28
1454 1038 1586 1094 Quid,
1606 1038 1724 1093 quod

274 1092 467 1134 Theseus
489 1094 632 1149 exegit
656 1095 912 1151 promissum
941 1110 967 1137 a
996 1096 1201 1151 Neptuno
1221 1096 1234 1135 ?
1270 1094 1352 1136 Cui
1375 1109 1472 1135 cum
1494 1105 1577 1136 tres
1599 1105 1720 1150 opta-

275 1149 413 1191 tiones
444 1151 672 1206 Neptunus
704 1151 903 1203 dedisset,
935 1152 1096 1208 optavit
1126 1151 1342 1194 interitum
1375 1151 1620 1208 Hippolyti,
1648 1151 1722 1192 filii

274 1206 356 1258 sui,
379 1222 477 1248 eum
499 1207 532 1248 is
553 1208 661 1263 patri
683 1218 903 1264 suspectus
925 1219 1036 1250 esset
1056 1209 1108 1250 de
1130 1223 1307 1250 noverea
1325 1226 1334 1250 ε
1366 1223 1452 1264 quo
1472 1217 1618 1263 optato
1640 1207 1720 1249 im-

204 1278 261 1319 ⁴95
277 1272 458 1318 petrato,
479 1264 667 1306 Theseus
687 1265 730 1306 in
750 1265 944 1307 maximis
963 1266 1044 1307 fuit
1064 1266 1263 1307 luctibus.
1313 1265 1459 1322 Quid?
1482 1266 1719 1320 Agamem-

276 1335 361 1361 non
382 1336 480 1362 eum
511 1321 745 1363 devovisset
775 1323 941 1373 Dianae,
962 1322 1078 1379 quod
1099 1323 1140 1363 in
1161 1338 1238 1364 suo
1259 1337 1390 1378 regno
1414 1321 1723 1378 pulcerrimum

275 1386 420 1419 natum
442 1387 553 1419 esset
573 1378 646 1419 illo
666 1393 791 1431 anuo,
813 1379 1048 1421 immolavit
1078 1379 1362 1436 Iphigeniam,
1383 1393 1467 1435 qua
1495 1377 1600 1419 nihil
1630 1387 1722 1420 erat·

270 1449 327 1475 eo
350 1434 520 1490 quidem
543 1450 653 1476 anno
676 1446 820 1477 natum
843 1437 1043 1492 pulcrius.
1074 1436 1329 1492 promissum
1362 1436 1504 1490 potius
1536 1450 1621 1477 non
1655 1435 1719 1476 fa·

272 1491 489 1543 ciendum,
509 1507 637 1548 quam
659 1502 743 1533 tarn
766 1502 934 1534 taetrum
956 1494 1119 1534 facinus
1144 1493 1457 1534 admittendum
1485 1492 1579 1534 fuit.
1638 1493 1717 1533 Er-

271 1561 332 1603 go
364 1557 408 1589 et
440 1549 647 1604 promissa
679 1565 763 1590 non
798 1550 990 1591 facienda
1024 1565 1355 1606 nonnunquam:
1386 1564 1525 1606 neque
1552 1563 1719 1604 semper

268 1605 467 1660 deposita
485 1606 712 1646 reddenda.
773 1607 817 1647 Si
839 1607 1030 1662 gladium
1054 1607 1148 1663 quis
1168 1606 1279 1662 apud
1298 1616 1340 1648 te
1360 1621 1460 1647 sana
1479 1615 1621 1647 mente
1642 1605 1718 1647 de-

272 1663 478 1717 posuerit,
499 1671 664 1718 repetat
684 1663 919 1705 insaniens:
950 1663 1141 1714 reddere,
1162 1672 1382 1719 peccatum
1407 1664 1461 1704 sit
1478 1679 1489 1712 3
1522 1677 1605 1704 non
1624 1662 1718 1704 red-

272 1719 388 1768 dere,
420 1719 622 1760 officium.
682 1720 830 1761 Quid?
877 1721 910 1761 si
940 1720 988 1771 is,
1016 1720 1088 1776 qui
1115 1718 1228 1776 apud
1259 1728 1300 1761 te
1330 1720 1553 1774 pecuniam
1584 1718 1716 1775 depo·

265 1776 418 1825 suerit,
439 1776 601 1817 bellum
623 1776 774 1818 inferat
794 1777 955 1832 patriae,
977 1777 1181 1818 reddasne
1200 1775 1441 1833 depositum
1460 1778 1472 1817 ?
1506 1790 1608 1827 non,
1628 1790 1720 1817 cre-

272 1832 358 1873 do:
390 1833 517 1874 facias
554 1833 666 1874 enim
699 1843 850 1875 contra
882 1834 1205 1890 rempublicam,
1236 1849 1329 1891 quae
1366 1833 1495 1875 debet
1522 1846 1615 1875 esse
1645 1848 1715 1874 ca-

271 1889 450 1930 rissima.
511 1890 580 1931 Sic
605 1889 754 1942 multa,
774 1906 870 1947 quae
900 1889 1078 1932 honesta
1100 1899 1249 1932 natura
1266 1890 1460 1932 videntur
1480 1904 1586 1941 esse,
1607 1898 1716 1931 tem-

267 1947 448 2002 poribus
481 1947 588 1988 fiunt
615 1962 700 1988 non
729 1948 921 1989 honesta.
949 1948 1085 1989 facere
1113 1949 1333 2004 promissa,
1352 1956 1463 1988 stare
1486 1946 1716 1998 conventis,

271 2003 448 2045 reddere
487 2004 693 2059 deposita,
726 2015 992 2046 commutata
1024 2004 1223 2056 utilitate,
1261 2005 1366 2045 fiunt
1400 2018 1484 2045 non
1523 2003 1715 2050 honesta,

272 2061 339 2101 Ac
364 2060 417 2101 de
444 2060 493 2101 iis
520 2060 707 2116 quidem,
725 2076 819 2117 quae
841 2061 1035 2103 videntur
1057 2076 1148 2103 esse
1182 2061 1386 2102 utilitates
1412 2068 1561 2102 contra
1583 2058 1713 2116 justi-

272 2117 390 2167 tiam,
413 2117 683 2158 simulatione
704 2118 954 2174 prudentiae,
976 2118 1075 2159 satis
1097 2118 1276 2160 arbitror
1295 2117 1471 2158 dictum.

209 2171 262 2219 96
332 2174 416 2215 Sed
447 2174 648 2229 quoniam
679 2189 704 2215 a
734 2184 936 2231 quattuor
965 2175 1154 2216 fontibus
1183 2174 1414 2215 honestatis
1443 2173 1581 2230 primo
1605 2173 1714 2215 libro

231 2226 411 2272 b·officia
439 2230 652 2282 duximus,
682 2231 724 2272 in
755 2232 913 2282 eisdem
936 2232 1209 2283 versabimur,
1234 2246 1336 2273 cuin
1363 2231 1626 2282 docebimus,
1648 2245 1711 2281 ea,

272 2303 368 2343 quae
391 2287 583 2329 videntur
607 2303 698 2329 esse
725 2288 859 2340 utilia,
881 2304 1015 2344 neque
1044 2299 1157 2340 sunt,
1178 2303 1306 2345 quam
1336 2288 1419 2329 sint
1441 2287 1604 2328 virtutis
1633 2287 1712 2328 ini-

271 2344 398 2385 mica.
455 2345 522 2385 Ac
544 2345 595 2385 de
621 2345 854 2400 prudentia.
870 2346 1056 2402 quidem,
1075 2360 1202 2402 quani
1224 2345 1311 2386 vult
1338 2344 1493 2385 imitari
1523 2343 1712 2395 malitia3·

269 2401 458 2458 itemque
488 2401 540 2442 de
565 2401 747 2457 justitia,
777 2418 871 2458 quae
902 2418 1067 2458 semper
1097 2413 1161 2444 est
1189 2402 1316 2452 utilis,
1345 2401 1608 2456 disputatum
1634 2411 1712 2442 est.

271 2458 461 2515 Reliquae
483 2469 582 2499 sunt
602 2458 697 2500 duze
728 2471 867 2515 partes
898 2459 1147 2510 honestatis,
1169 2473 1347 2515 quarum
1369 2458 1500 2500 altera
1519 2457 1563 2499 in
1583 2457 1710 2498 animi

313 2590 350 2619 27
377 2595 464 2626 quam
482 2584 507 2613 si
525 2582 646 2624 ceperit]
667 2584 774 2624 ceperit
793 2585 880 2615 abest
904 2585 968 2615 Ms.
1011 2586 1097 2625 quod
1117 2585 1278 2623 judicium
1303 2583 1463 2615 Ciceronis
1489 2592 1554 2614 non
1581 2583 1713 2621 subjici-

269 2628 369 2658 Goth.
386 2636 415 2658 et
431 2627 511 2664 aliis,
529 2629 614 2658 unde
632 2629 701 2667 jam
723 2628 865 2658 delevere
881 2639 968 2669 quam
1012 2636 1074 2666 tur,
1092 2636 1126 2658 ut
1147 2629 1178 2658 in
1202 2628 1268 2658 aliis
1285 2628 1451 2668 exemplis.
1475 2627 1620 2657 Primum
1637 2626 1712 2656 Val-

268 2671 294 2700 ,τί
310 2670 415 2711 ceperit
432 2671 598 2702 Manutius
615 2679 644 2702 et
669 2672 864 2702 Lambinus:
889 2681 968 2711 quos
1013 2673 1179 2702 keriarium
1204 2673 1316 2708 movit,
1341 2679 1376 2701 ut
1399 2672 1468 2701 haec
1491 2670 1536 2698 cui
1556 2669 1710 2699 cum——lu-

268 2715 409 2744 imitatus
425 2724 512 2746 sum.
1009 2715 1112 2751 eribus,
1126 2715 1255 2745 insititiu.
1271 2721 1393 2754 putaret
1404 2715 1441 2744 ad
1459 2713 1614 2752 Euripidis
1629 2713 1720 2751 Hip-x

311 2764 350 2788 ‘28
376 2757 467 2793 Quid,
492 2756 567 2799 quod
588 2757 705 2787 Theseus
729 2757 826 2795 exegit
842 2757 966 2796 promis·
1009 2758 1071 2798 pol.
1088 2769 1118 2797 p.
1137 2766 1210 2789 258.
1227 2758 1256 2788 b.
1303 2759 1349 2789 Ita
1366 2759 1396 2788 in
1415 2757 1468 2787 illo
1485 2756 1576 2792 Quid,
1591 2755 1708 2796 quod-

265 2811 357 2830 suma
372 2799 425 2838 Aa]
445 2802 519 2831 Duo
536 2801 587 2830 hie
604 2800 792 2840 scrupulum
811 2800 965 2838 injiciant.
1009 2814 1027 2830 a
1044 2802 1189 2840 Neptuno,
1207 2801 1464 2842 intelligendum,
1481 2809 1546 2830 non
1562 2805 1626 2830 erat
1642 2803 1715 2831 non.

265 2844 421 2881 primum,
446 2845 530 2882 quod
554 2844 713 2883 repetitur,
736 2845 820 2884 quod
845 2843 913 2881 jam
939 2844 964 2879 1,
1010 2845 1228 2876 servandum?

267 2893 316 2917 10.
333 2887 455 2917 dictum
472 2895 534 2917 erat
551 2888 588 2918 de
603 2887 741 2918 Theseo:
767 2888 960 2923 secundum,
