1844 3202
291 104 373 147 952
667 105 728 145 M.
759 106 979 146 TULLII
1017 106 1351 147 CICERONIS

292 214 386 249 Nam
398 214 489 263 gerit
507 213 560 252 hic
576 216 716 253 volvens
737 216 785 253 bis
803 230 861 253 sex
879 216 1032 254 ardentia
1049 216 1162 267 signa.

288 265 445 315 AEstffier
465 275 514 305 est
525 268 676 319 pandens
682 270 861 319 ferventia
878 270 987 307 sidera
1011 270 1151 309 Cancer.

288 318 391 355 Hunc
408 320 520 358 subter
523 323 669 372 fulgens
687 323 773 361 cedit
791 325 847 361 vis
867 330 967 360 torva
987 324 1118 368 Leonis,

291 373 396 421 Quem
415 376 514 411 rutilo
532 377 679 426 sequitur
696 377 853 413 collucens
872 386 998 426 corpore
1021 377 1141 427 Virgo.

285 425 379 462 Exin
390 428 547 477 projectae
564 429 652 466 claro
670 443 744 466 curn
761 430 883 467 lumine
907 429 1032 467 Chelae.

283 479 425 531 Ipsaque
443 483 650 532 consequitur
667 483 777 520 lucens
795 483 849 520 ‹vis
867 496 994 533 magna
1010 483 1123 532 Nepai
1138 499 1151 520 .-

282 532 366 569 Inde
385 533 624 585 Sagittipotens
643 536 763 573 dextra
769 537 904 583 flexum
924 543 1011 573 tenet
1028 549 1147 573 arcum
1161 552 1175 573 .-

283 586 366 622 Post
383 587 469 624 hunc
487 603 538 625 ore
544 590 623 637 fero
646 589 864 640 Capricornus
884 589 1012 627 vadere
1022 590 1134 640 pergit
1153 605 1167 625 .-

282 638 454 677 Humidus
472 641 546 678 inde
565 642 624 678 loci
639 643 773 680 collucet
791 645 965 694 Aquarius
983 642 1067 681 orbi.

282 692 374 729 Exin
392 695 592 745 squamigeri
610 706 768 747 serpentes
787 696 898 734 ludere
910 697 1014 748 pisces
1029 712 1041 732 .-

286 747 387 797 Queis
405 761 503 785 comes
522 756 571 785 est
588 751 684 787 Aries
705 750 838 787 obscuro
859 751 981 787 lumine
998 749 1124 794 labens,

278 799 468 851 Instexoque
482 815 572 851 genu
588 804 728 853 projecto
746 815 873 854 corpore
894 805 1042 849 Taurus,

277 854 328 891 Et
348 855 478 891 Gemini
497 856 624 893 clarum
633 858 807 903 jactantes
825 857 953 895 lucibus
971 859 1091 907 ignem.

279 906 368 943 Haec
386 909 435 944 sol
451 918 572 945 (eterno
587 911 747 946 convestit
765 911 886 947 lumine
903 911 1065 955 lustrans,

276 963 405 997 Annua
423 961 591 1008 conficiens
611 964 778 1000 vertentia
797 974 940 1013 tempora
960 977 1089 1002 cursus.

277 1014 346 1050 Hic
364 1025 507 1064 quantus
527 1017 620 1053 terris
638 1030 798 1053 connexus
814 1017 952 1068 pellitur
970 1017 1071 1061 orbis,

278 1067 487 1105 Tantundem
507 1070 561 1106 ille
574 1076 694 1120 patens
713 1082 811 1121 supra
831 1070 1027 1108 mortalibus
1042 1071 1121 1108 edit.

275 1121 345 1157 Sex
361 1124 450 1158 omni
465 1134 586 1173 semper
605 1123 722 1161 cedunt
740 1124 888 1161 labentia
907 1131 1012 1168 nocte,

276 1175 338 1211 Tot
357 1176 475 1212 coelum
495 1191 608 1214 rursus
614 1178 793 1227 fugientia
813 1178 913 1227 signa
932 1179 1095 1215 revisunt,

274 1228 349 1265 Hoc
365 1231 509 1278 spatium
530 1239 670 1268 tranans
690 1232 784 1268 caecis
804 1246 868 1269 nox
886 1230 1015 1278 conficit
1034 1231 1174 1275 umbris,

277 1282 377 1331 Quod
392 1295 494 1335 supra
512 1293 617 1322 terras
632 1286 744 1335 prima
762 1284 803 1322 de
820 1291 910 1322 nocte
927 1285 1075 1322 relictum
1094 1291 1143 1321 est

273 1335 441 1386 Signg'ficro
459 1351 500 1374 ex
517 1338 592 1376 orbe
610 1347 639 1375 et
660 1339 828 1389 signorum
847 1352 888 1375 ex
905 1338 1016 1375 ordine
1021 1338 1170 1388 fultum.

275 1390 375 1438 Quod
391 1392 420 1428 si
438 1391 512 1428 solis
532 1406 615 1430 aves
633 1403 731 1429 certos
750 1405 935 1443 cognoscere
952 1405 1080 1436 cursus,

274 1444 381 1481 Ortus
399 1445 567 1494 signorum
586 1455 738 1483 nocturno
757 1456 896 1497 tempore
912 1446 999 1483 vises
1014 1461 1026 1482 .·

270 1498 365 1535 Nam
385 1509 508 1549 semper
525 1500 657 1548 signum
675 1501 818 1537 exoriens
842 1500 944 1536 Titan
963 1499 1071 1536 trabit
1090 1511 1204 1536 unum.

269 1550 333 1589 Sin
350 1560 462 1589 autem
481 1553 621 1602 officiens
638 1553 741 1603 signis
760 1567 848 1590 mons
865 1552 1014 1589 obstruet
1032 1551 1137 1597 altus,

266 1606 342 1642 Aut
359 1607 506 1643 adiment
524 1607 626 1643 lucem
644 1619 733 1643 caeea
752 1607 894 1656 caligine
912 1606 1014 1642 nubes
1030 1621 1043 1642 .-

270 1658 390 1695 Certas
409 1660 474 1710 ipse
494 1670 588 1698 notas
606 1661 680 1696 coeli
697 1660 737 1696 de
755 1660 894 1709 tegmine
910 1671 1053 1703 sumens,

269 1713 375 1749 Ortus
394 1720 495 1764 atque
512 1713 617 1751 obitus
637 1727 742 1751 omnes
759 1725 946 1764 cognoscere
957 1712 1076 1763 possis.

271 1767 359 1815 Quae
377 1766 480 1803 simul
497 1769 660 1805 exsistant
679 1781 801 1812 cernes,
820 1781 896 1818 quae
913 1775 1052 1816 tempore
1069 1763 1175 1802 eodem
1214 1812 1219 1815 ¹

264 1820 484 1871 Praecipitent
501 1822 625 1859 obitum
644 1830 798 1858 nocturno
817 1828 968 1869 tempore,
988 1831 1107 1856 nosces.

264 1874 347 1910 Jam
366 1874 468 1911 simul
485 1885 523 1912 ut
539 1886 642 1926 supra
662 1888 696 1911 se
713 1884 777 1912 toto
795 1875 917 1912 lumine
939 1874 1066 1911 Cancer

263 1927 416 1972 Extulit,
435 1929 592 1980 extemplo
611 1928 696 1966 cedit
713 1928 849 1979 delapsa
873 1927 1014 1971 Corona,

263 1981 311 2017 Et
330 1980 400 2018 loca
419 1984 559 2020 conmisit
576 1982 688 2019 cauda
707 1992 801 2019 tenus
820 1981 929 2029 irffera
949 1980 1070 2018 Piscis.

261 2034 451 2072 Dimidiam
469 2038 609 2074 retinens
628 2035 731 2073 stellis
749 2035 907 2073 distincta
925 2035 1056 2071 Corona

261 2089 401 2125 Partem
421 2090 520 2128 etiam
539 2100 655 2141 supra,
674 2099 774 2140 atque
793 2089 865 2126 alia
883 2087 922 2125 de
936 2096 1035 2138 parte
1052 2085 1185 2137 repulsa
1201 2094 1250 2122 est
1265 2102 1279 2122 .-

265 2142 377 2190 Quam
395 2152 505 2181 tamen
524 2143 704 2194 insequitur
723 2143 846 2188 Piscis,
865 2154 922 2178 nec
940 2150 1026 2178 totus
1044 2140 1094 2177 ad
1110 2138 1248 2176 umbras

262 2195 420 2242 Tractus,
440 2197 500 2235 sed
514 2208 628 2248 supero
646 2205 806 2235 contectus
824 2205 952 2246 corpore
970 2194 1066 2232 cedit.

257 2249 370 2300 Atque
387 2250 532 2288 humeros
551 2264 652 2301 usque
671 2263 692 2287 a
706 2249 862 2301 genibus,
878 2250 1074 2299 clarumque
1090 2246 1236 2284 recondit

255 2304 486 2353 Anguitenens
505 2303 633 2341 validis
653 2318 812 2355 magnum
833 2317 856 2340 a
874 2302 1060 2339 cervicibus
1079 2303 1248 2351 Anguem.

255 2357 338 2394 Jam
358 2370 438 2395 vero
456 2357 686 2408 Arctophylax
702 2372 765 2396 non
782 2369 884 2407 aequa
895 2366 996 2407 parte
1013 2364 1156 2393 secatur.

256 2410 351 2447 Nam
370 2410 500 2449 brevior
517 2411 613 2448 clara
631 2412 706 2448 coeli
724 2411 765 2448 de
776 2418 878 2460 parte
893 2408 1043 2453 videtur,

251 2464 407 2515 Amplior
423 2466 572 2514 infernas
591 2463 746 2516 depulsus
759 2462 904 2515 possidet
923 2462 1074 2501 umbras.

258 2518 429 2567 Quattuor
447 2518 499 2555 hic
516 2518 623 2555 obiens
640 2532 746 2555 secum
764 2516 919 2554 deducere
937 2516 1038 2566 signa

252 2570 423 2621 Signifero
442 2572 521 2609 solet
537 2584 579 2609 ex
595 2571 666 2609 orbi
681 2588 692 2609 .·
722 2581 793 2608 tum
810 2570 913 2607 serius
931 2570 1000 2615 ille,

255 2625 369 2674 Quum
388 2636 507 2677 supera
525 2638 591 2662 sese
607 2625 753 2663 satiavit
772 2624 854 2669 luce,
872 2622 1006 2668 recedit,

249 2678 334 2715 Post
353 2679 493 2717 mediam
511 2678 624 2717 labens
642 2679 732 2717 claro
749 2690 823 2714 cum
844 2687 971 2728 corpore
988 2681 1122 2715 noctem.

250 2731 340 2769 Haec
357 2733 494 2770 obscura
510 2742 618 2770 tenens
638 2732 800 2770 convestit
814 2730 923 2768 sidera
940 2730 1036 2768 tellus
1047 2746 1060 2768 .·

248 2787 299 2822 At
312 2795 412 2835 parte
427 2800 470 2824 ex
486 2787 559 2824 alia
577 2786 678 2824 claris
695 2798 770 2823 cum
788 2783 918 2822 lucibus
936 2793 1031 2826 errat

252 2838 368 2886 Orion,
386 2839 529 2879 humeris
547 2849 579 2879 et
597 2840 667 2878 lato
678 2848 805 2892 pectore
809 2838 969 2889 fulgens,

1630 269 1716 314 Β».

1629 811 1710 844 330

1571 1122 1575 1125 ⁴
1626 1076 1703 1109 335

1622 1341 1702 1376 340

1619 1609 1696 1645 345

1613 1874 1694 1910 350

1609 2144 1686 2180 355

1604 2404 1685 2445 360

1599 2672 1679 2712 36⁶
