1844 3202
287 98 363 131 852
662 91 720 130 M.
754 89 975 130 TULLII
1009 91 1343 132 CICERONIS

159 215 189 245 p.
207 212 276 238 121-
289 214 340 240 ne
359 206 588 245 conventus
609 200 737 242 etiam
759 209 797 233 2‘2
812 201 998 242 ferorum
1013 210 1056 242 et
1076 201 1352 244 immanium?
1374 201 1566 244 omnisne
1585 201 1713 244 etiam

247 257 277 279 ³·
287 245 562 311 fugitivorum
592 272 639 298 ac
667 258 893 307 latronum,
914 267 1173 322 congregata
1192 274 1319 300 unum
1343 259 1384 299 in
1403 259 1546 300 locum
1566 258 1714 300 multi-

285 313 416 354 tudo.
408 315 421 342 ³
453 324 565 355 certe
593 315 781 369 negabis.
841 316 941 355 Non
970 314 1100 369 igitur
1123 323 1211 356 erat
1236 316 1308 357 illa
1326 325 1418 357 tum
1438 315 1596 366 civitas,
1615 329 1713 356 cum

283 369 431 425 leges
420 386 462 412 m
484 385 533 411 ea
554 371 657 412 nihil
677 371 897 412 valebant:
928 384 1026 411 cum
1051 370 1213 426 judicia
1235 371 1461 428 jacebant:
1492 386 1590 413 cum
1619 386 1712 412 mos

281 427 441 482 patrius
462 428 698 469 occiderat·
730 442 827 468 cum
849 427 957 467 ferro
978 426 1108 482 pulsis
1137 429 1464 483 magistratibus,
1487 437 1525 461 ‘23
1544 436 1714 469 senatus

283 497 438 526 nomen
460 485 503 525 in
524 484 741 539 republica
762 498 845 523 non
865 492 966 523 erat.
1028 483 1277 525 l'raedonum
1308 485 1377 526 ille
1405 499 1658 549 concursus,
1671 492 1715 525 et

283 547 324 580 te
355 540 462 581 duce
492 540 758 581 latrocinium
790 540 831 580 in
862 539 953 580 foro
983 540 1278 591 constitutum,
1297 550 1337 582 et
1357 542 1542 598 reliquiae
1563 541 1714 597 conju-

282 597 454 638 rationis
482 611 507 637 a
539 596 735 637 Catilinae
762 595 878 636 furiis
909 595 961 636 ad
991 604 1111 637 tuum
1144 597 1295 647 scelus,
1316 598 1586 662 furoremque
1611 612 1714 638 con-

281 668 424 702 versae,
446 668 530 694 non
549 653 692 694 civitas
713 654 829 694 erat?
866 653 1014 716 Itaque
1045 653 1190 708 pulsus
1212 667 1293 709 ego
1315 654 1480 695 civitate
1500 670 1584 696 non
1604 669 1714 718 sum,

277 724 378 765 quae
400 710 515 752 nulla
535 719 649 760 erat3
681 709 903 752 arcessitus
930 708 971 749 in
1001 709 1212 751 civitatem
1239 725 1349 761 sum,
1370 725 1469 751 cum
1491 720 1530 744 24
1543 719 1651 752 esset
1670 710 1714 751 in

281 766 498 822 republica
523 766 686 817 consul,
707 766 779 823 qui
810 775 902 808 tum
933 765 1073 807 nullus
1102 767 1265 808 fuerat:
1298 775 1406 808 esset
1434 775 1613 819 senatus,
1623 766 1714 831 qui

282 831 373 865 tum
398 823 636 865 occiderat:
661 833 699 857 25
717 831 827 864 esset
847 837 1075 864 consensus
1097 824 1243 879 populi
1263 823 1409 865 liberi:
1428 833 1539 865 esset
1548 823 1657 888 Juris
1671 832 1715 865 et

283 880 510 944 aequitatis,
536 883 648 936 (quae
671 880 834 921 vincula
854 889 952 920 sunt
971 879 1164 933 civitatis)
1189 880 1364 936 repetita
1382 881 1599 921 memoria.
1647 879 1714 921 Ac

280 935 389 987 vide,
421 951 548 992 quam
580 937 662 977 ista
692 937 755 978 tui
788 936 995 977 latrocinii
1023 937 1108 977 tela
1139 937 1451 978 contemserim.
1477 938 1653 993 Jaetam,
1673 945 1717 978 et

280 991 512 1034 immissam
535 1007 560 1034 a
580 1000 622 1034 te
641 992 875 1034 nefariam*
865 1008 905 1033 m
927 1008 996 1033 me
1016 992 1212 1049 injuriam
1231 1009 1396 1049 semper
1413 994 1540 1034 duxi:
1572 1007 1669 1048 perv
1671 1006 1717 1033 e·-

282 1049 391 1090 nisse
421 1049 475 1090 ad
504 1064 573 1091 me
604 1065 835 1106 numquam
868 1050 1037 1105 putavi.
1068 1051 1145 1091 msi
1171 1051 1293 1101 forte,
1315 1065 1412 1091 cum
1445 1049 1622 1105 parietes
1652 1049 1716 1090 di-

282 1106 520 1157 sturbabas,
546 1114 619 1147 aut
639 1121 737 1148 cum
762 1106 882 1147 tectis
909 1106 1128 1148 sceleratas
1148 1107 1257 1148 faces
1278 1107 1500 1158 inferebas,
1521 1121 1714 1147 meorum

281 1161 441 1218 aliquid
461 1178 596 1214 ruere,
617 1172 690 1205 aut
709 1163 938 1219 deflagrare
959 1163 1228 1205 arbitrabare.
1276 1164 1397 1205 Nihil
1418 1178 1552 1219 neque
1572 1178 1716 1204 meum

281 1228 359 1270 est,
381 1234 519 1276 neque
540 1220 805 1276 cujusquam,
827 1219 943 1275 quod
962 1220 1129 1271 auferri,
1152 1220 1267 1276 quod
1297 1221 1415 1275 eripi,
1436 1220 1550 1276 quod
1580 1219 1717 1261 amitti

280 1285 436 1330 potest.
497 1276 541 1317 Si
570 1277 674 1318 mihi
699 1276 918 1341 eripuisses
949 1276 1129 1318 divinam
1156 1278 1284 1318 animi
1311 1278 1395 1318 mei
1417 1276 1716 1327 constantiam,

281 1347 397 1375 meas
418 1348 554 1398 curas,
576 1333 752 1389 vigilias,
772 1333 959 1384 consilia,
980 1334 1133 1389 quibus
1154 1334 1389 1390 respublica
1411 1344 1452 1375 te
1470 1333 1717 1374 invitissimo

282 1398 391 1440 stat3
423 1391 458 1431 si
478 1390 604 1446 hujus
634 1390 779 1431 aeterni
797 1390 990 1432 beneficii
1016 1390 1299 1432 immortalem
1326 1390 1571 1432 memoriam
1601 1389 1717 1430 dele-

282 1446 436 1487 visses·
426 1478 437 1497 ,
469 1447 605 1488 multo
627 1446 752 1488 etiam
775 1448 913 1511 magis
945 1447 978 1487 si
1005 1447 1121 1488 illam
1149 1457 1351 1499 mentem,
1371 1447 1482 1488 unde
1501 1447 1593 1488 haec
1614 1460 1718 1487 con-

281 1502 375 1543 silia
394 1513 632 1554 manarunt,
654 1503 756 1544 mihi
778 1504 1029 1567 eripuisses:
1063 1512 1154 1544 tum
1175 1519 1257 1559 ego
1278 1504 1488 1559 accepisse
1516 1518 1584 1544 me
1614 1517 1720 1544 con-

282 1559 422 1601 fiterer
453 1560 663 1617 injuriam.
723 1559 807 1600 Sed
827 1575 861 1601 s1
881 1560 972 1601 haec
995 1575 1069 1600 nec
1092 1560 1241 1609 fecisti,
1264 1575 1339 1601 nec
1360 1561 1496 1601 facere
1516 1559 1719 1615 potuisti:

280 1615 464 1657 reditum
497 1617 603 1658 mihi
632 1616 870 1672 gloriosum
902 1616 1053 1672 injuria
1081 1627 1154 1657 tua
1173 1617 1303 1668 dedit,
1324 1631 1407 1658 non
1429 1617 1589 1657 exitum
1605 1615 1718 1656 cala-

237 1685 271 1716 b
283 1673 500 1714 mitosum.
561 1675 678 1728 Ergo
711 1687 795 1728 ego
830 1687 997 1727 semper
1027 1672 1153 1723 civis3
1186 1684 1228 1715 et
1262 1683 1355 1715 tum
1389 1673 1586 1738 maxime,
1617 1687 1719 1714 cum

281 1744 420 1771 meam
458 1730 638 1771 salutem
673 1737 840 1771 senatus
871 1729 1022 1770 exteris
1055 1730 1308 1780 nationibus,
1342 1738 1388 1771 ut
1419 1729 1519 1770 civis
1553 1729 1719 1784 optimi,

279 1787 638 1836 commendabat3
671 1795 733 1837 tu,
764 1801 816 1828 ne
846 1801 957 1828 nunc
987 1785 1186 1841 quidem:
1226 1787 1305 1828 nisi
1336 1787 1444 1827 forte
1476 1785 1589 1827 idem
1626 1799 1719 1827 esse

281 1843 431 1894 hostis,
452 1852 495 1884 et
514 1843 612 1884 civis
634 1850 789 1898 potest.
823 1844 892 1884 An
911 1851 959 1883 tu
980 1844 1111 1884 civem
1135 1844 1188 1885 ab
1207 1843 1329 1885 hoste
1351 1851 1514 1895 natura,
1538 1856 1586 1884 ac
1606 1842 1719 1894 loeo,

281 1915 367 1941 non
388 1899 544 1951 animo,
565 1900 772 1955 factisque
791 1899 1046 1955 distinguis?
1082 1900 1255 1942 Caedem
1278 1901 1321 1941 in
1343 1900 1436 1941 foro
1457 1899 1592 1941 fecisti
1610 1915 1619 1939 z
1651 1913 1718 1940 ar-

283 1957 408 1998 matis
439 1957 673 1998 latronibus
705 1956 863 2012 templa
893 1957 1090 1998 tenuisti:
1124 1957 1376 2021 privatorum
1410 1957 1576 2006 domos,
1605 1955 1717 1996 aedcs

281 2028 420 2055 sacras
448 2013 686 2055 incendisti.
748 2013 837 2056 Cur
867 2012 1000 2054 hostis
1029 2013 1269 2068 Spartacus,
1296 2015 1329 2054 si
1358 2023 1404 2053 tu
1432 2013 1560 2053 civis?
1593 2021 1716 2067 potes

280 2079 423 2112 autem
444 2085 534 2111 esse
557 2079 604 2110 tu
625 2069 738 2133 civis,
757 2079 928 2125 propter
948 2083 1072 2125 quem
1095 2069 1318 2125 aliquando
1340 2069 1483 2110 cixitas
1502 2083 1586 2109 non
1608 2068 1715 2109 fuit?

280 2136 324 2168 et
344 2133 384 2158 26
398 2141 468 2167 me
490 2135 564 2167 tuo
587 2127 757 2167 nomine
776 2126 976 2181 appellas,
997 2141 1095 2166 cum
1125 2141 1270 2167 omnes
1298 2141 1394 2167 meo
1427 2125 1614 2166 discessu
1645 2139 1717 2165 ex·-

281 2183 439 2224 sulasse
459 2182 763 2247 rempublicam
787 2184 959 2238 putent?
992 2184 1312 2238 Numquamne,
1331 2183 1462 2224 homo
1481 2181 1718 2223 amentissi-

281 2254 367 2290 me,
389 2249 431 2281 te
450 2239 791 2294 circumspicies?
823 2253 1056 2295 nunquam,
1077 2254 1153 2280 nec
1183 2239 1285 2295 quid
1315 2239 1457 2289 facias,
1478 2237 1718 2279 considera-

281 2297 362 2347 bis,
390 2311 466 2338 nec
494 2296 596 2352 quid
626 2296 828 2352 loquare.³
864 2296 1014 2348 neseis,
1044 2296 1237 2337 exsilium
1268 2296 1474 2338 scelerum
1506 2309 1596 2336 esse
1626 2309 1717 2350 poe-

325 2397 513 2437 ‘22ferorum
537 2403 564 2425 et
587 2395 768 2434 immanium]
789 2397 839 2428 Sic
861 2396 981 2426 habent
1025 2406 1105 2432 ram,
1121 2408 1217 2426 nomen
1233 2397 1309 2426 modo
1330 2403 1403 2432 erat,
1425 2403 1480 2426 aut
1500 2406 1598 2425 nomen
1613 2395 1642 2425 in
1658 2401 1721 2435 rep.

280 2440 351 2470 edd.
380 2450 423 2479 pr.
450 2441 546 2470 etiam
575 2440 654 2469 Mss.
680 2440 823 2478 quidam.
852 2440 904 2469 sed
928 2439 980 2469 alii
1023 2450 1077 2468 non
1093 2451 1135 2468 res
1151 2447 1224 2469 erat.

282 2493 336 2523 pro
346 2483 482 2523 ferorum
505 2483 624 2512 habent
637 2482 745 2522 ficrum
768 2482 818 2511 vel
835 2482 977 2521 furium:
1066 2489 1106 2512 24
1131 2481 1350 2520 esset—consul]
1380 2482 1430 2512 Sc.
1461 2492 1504 2518 rc,
1532 2491 1597 2511 non
1623 2481 1720 2511 verbo

281 2527 335 2556 sed
367 2527 396 2556 id
426 2536 492 2556 non
523 2526 673 2555 convenit
701 2526 845 2564 sequenti
876 2525 979 2553 imma-
1024 2532 1162 2561 tantum,
1179 2532 1210 2555 et
1232 2527 1345 2564 dignus
1362 2526 1419 2555 isto
1436 2525 1578 2555 nomine.
1603 2524 1718 2554 intelli-

281 2569 372 2599 nium.
1023 2569 1066 2606 git
1083 2568 1115 2597 Ρ.
1130 2568 1316 2605 Lentulum,
1335 2578 1387 2608 per
1401 2578 1499 2608 quem
1515 2574 1579 2597 erat
1595 2576 1720 2600 revoca-

326 2618 364 2642 23
400 2618 512 2640 senatus
542 2621 638 2640 nomen
669 2610 698 2639 in
728 2616 786 2649 rep.
817 2621 870 2639 non
899 2610 976 2649 erat]
1023 2618 1072 2640 tus
1089 2611 1127 2641 ab
1146 2612 1251 2641 exilio.

282 2655 426 2685 Graevius
440 2665 492 2682 non
505 2654 598 2684 deleri
613 2653 748 2683 volebat.
766 2663 841 2682 nam
859 2663 976 2683 nomeu
1066 2661 1104 2684 25
1129 2661 1198 2683 esset
1225 2665 1366 2683 consensus
1385 2653 1487 2694 populi
1510 2651 1607 2690 liberi]
1635 2652 1718 2689 Hoc,

280 2705 410 2728 senatus
434 2698 466 2727 in
491 2706 553 2736 rep.
578 2697 683 2727 fuisse.
705 2697 759 2726 sed
776 2705 895 2726 nomen
913 2707 977 2726 non
1022 2698 1105 2736 quod
1120 2697 1256 2737 Langius
1269 2698 1364 2727 edidit
1380 2698 1480 2736 magis
1492 2695 1606 2735 placet,
1619 2704 1718 2735 quam

282 2750 349 2771 rem
365 2740 514 2771 extitisse.
559 2740 680 2770 Verum
693 2739 803 2769 Cicero
820 2749 884 2769 non
899 2739 980 2770 solet
1021 2740 1170 2777 alterurn,
1187 2747 1256 2770 esset
1271 2751 1413 2770 consensus
1423 2738 1524 2779 populi
1540 2738 1622 2769 liber.

267 2784 428 2822 ,jd5quod
448 2783 589 2813 Graevius
609 2783 746 2819 volebat,
761 2783 806 2813 sic
823 2784 979 2822 exprime·
1065 2788 1104 2814 26
1128 2794 1171 2813 me
1197 2790 1242 2814 tuo
1266 2783 1375 2813 nomine
1400 2780 1542 2823 appellas]
1567 2781 1616 2812 Sc.
1640 2789 1717 2811 exu-

282 2825 334 2857 ie:
359 2827 563 2867 dixissetque,
590 2833 627 2858 ut
652 2836 710 2867 ego
732 2826 811 2857 olim
835 2826 979 2865 conjece--
1022 2825 1099 2858 lem.
