1844 3202
580 136 761 174 LIBER
784 134 1067 174 TERTIUS.
1468 138 1544 183 673

123 242 299 284 ctrinam
335 257 388 286 ex
426 243 680 285 umbraculis
700 242 986 294 eruditorum,
1016 243 1204 299 otioque,
1234 257 1317 284 non
1347 244 1512 286 modo
1501 259 1544 286 1n

123 298 269 350 solem,
297 309 422 356 atque
455 299 683 355 pulverem,
715 299 788 341 sed
820 300 861 340 in
893 299 1031 356 ipsum
1071 299 1292 340 discrimen
1328 300 1543 356 aciemque

120 355 331 409 produxit.
389 356 502 396 Nam
523 366 565 397 et
585 356 851 397 mediocriter
875 355 1024 397 doctos
1051 369 1230 411 magnos
1260 355 1299 395 in
1330 357 1543 411 republica

120 410 242 461 viros,
262 421 305 452 et
323 411 588 453 doctissimos
620 412 810 454 homines
840 427 923 453 non
954 412 1077 453 nimis
1102 412 1144 453 in
1172 411 1388 466 republica
1409 426 1542 453 versa-

118 473 199 516 tos,
226 467 381 508 multos
409 482 741 510 commemorare
768 483 1005 524 possumus.
1063 468 1149 525 Qui
1170 482 1264 508 vero
1295 479 1470 531 utraque
1498 483 1542 509 re

115 521 352 573 excelleret,
374 534 419 564 ut
439 534 481 565 et
502 524 702 566 doctrinae
724 525 870 566 studiis
891 535 933 566 et
960 511 1142 589 regenda
1160 524 1325 565 civitate
1350 525 1539 579 princeps

115 587 240 628 esset,
279 580 372 634 quis
403 580 537 631 facile,
566 592 717 636 praeter
746 581 873 632 hunc,
906 581 1077 622 ἰηιεηὶῑί
1111 582 1279 636 potest?
1311 582 1404 622 Att.
1431 582 1585 639 Puto7

115 647 254 688 posse,
283 645 325 676 et
354 636 523 692 quidem
553 637 733 694 aliquem
766 637 818 678 de
847 638 980 679 tribus
1011 637 1146 678 nobis.
1204 637 1286 678 Sed
1317 651 1462 693 perge,
1492 648 1538 679 ut
1556 659 1600 691 15

113 703 313 745 coeperas.

170 748 236 787 Μ.
272 749 519 814 Quaesitum·
548 750 680 805 igitur
717 750 771 790 ab
813 749 894 791 illis
931 757 1009 800 est,
1047 748 1285 805 placeretne
1323 764 1453 790 unum
1496 749 1538 791 in

113 802 279 844 civitate
298 819 388 846 esse
409 806 716 861 magistratum,
738 806 807 847 cui
822 806 969 861 reliqui
986 807 1206 861 parerent?
1239 805 1354 860 quod
1384 806 1538 847 exactis

112 859 282 914 regibus
302 861 492 925 intelligo
513 862 719 917 placuisse
746 863 897 904 nostris
922 862 1166 919 majoribus.
1226 861 1308 902 Sed
1339 863 1539 918 quoniam

113 915 254 971 regale
281 917 457 960 civitatis
484 933 635 974 genus,
655 919 878 974 probatum
903 918 1131 975 quondam,
1154 927 1312 974 postea,
1335 933 1417 959 non
1451 928 1538 960 tarn

110 972 244 1027 regni,
264 988 389 1029 quam
411 977 521 1031 regis
542 975 663 1026 vitiis,
683 975 949 1031 repudiatum
968 984 1045 1026 est,
1069 989 1218 1015 nomen
1240 984 1406 1015 tantum
1423 975 1537 1016 vide-

112 1027 225 1069 bitur
249 1030 359 1085 regis
386 1031 668 1087 repudiatum,
694 1046 757 1073 res
790 1033 991 1081 manebit,
1019 1032 1052 1072 si
1080 1046 1187 1072 unns
1219 1031 1415 1072 omnibus
1441 1032 1537 1073 reli-

111 1085 204 1139 quis
235 1087 550 1142 magistratibus
579 1088 814 1143 imperabit.
872 1090 1015 1145 Quare
1044 1102 1119 1128 nec
1150 1087 1307 1142 Ephori
1336 1087 1535 1129 Lacedae-
1553 1093 1601 1130 16

111 1154 237 1182 mone
261 1158 348 1183 sme
374 1158 500 1185 causa
530 1159 553 1184 a
582 1145 862 1199 Theopompo
876 1131 1074 1199 oppositi
1104 1145 1289 1199 regibus,
1319 1158 1394 1184 nec
1424 1146 1536 1199 apud

110 1211 185 1237 nos
202 1199 444 1240 consulibus
465 1200 634 1241 tribuni.
693 1202 806 1241 Nam
838 1200 943 1241 illud
972 1200 1140 1256 quidem
1174 1201 1328 1255 ipsum,
1349 1200 1503 1263 quod
1493 1217 1536 1243 1n

101 1252 197 1308 jure
231 1255 414 1309 positum
454 1266 531 1306 est,
567 1256 697 1297 habet
731 1257 892 1307 consul,
926 1267 973 1297 ut
1008 1257 1045 1297 ei
1078 1256 1227 1312 reliqui
1264 1257 1535 1321 magistratus

109 1323 255 1351 omnes
282 1322 467 1366 pareant,
495 1321 671 1368 excepto
703 1312 889 1363 tribuno,
918 1312 990 1367 qui
1018 1323 1114 1368 post
1141 1313 1314 1363 exstitit,
1342 1321 1378 1344 ¹8
1396 1328 1445 1354 ne
1478 1313 1535 1365 id,

106 1366 220 1421 quod
240 1368 388 1417 fuerat,
407 1378 544 1410 esset:
576 1368 658 1410 hoc
678 1369 787 1409 enim
812 1370 995 1424 primum
1022 1369 1172 1410 minuit
1204 1369 1423 1410 consulaie
1447 1372 1534 1425 jus,

105 1423 222 1478 quod
242 1425 447 1465 19exst1t1t
462 1425 564 1480 ipse,
579 1426 651 1481 qui
670 1440 721 1466 eo
739 1440 824 1466 non
839 1436 1072 1466 teneretur:
1096 1425 1247 1466 deinde
1261 1425 1374 1481 quod
1395 1426 1536 1468 attulit

101 1480 306 1522 auxilium
328 1480 497 1545 reliquis
525 1497 609 1522 non
637 1481 766 1523 modo
795 1482 1125 1537 magistratibus,
1146 1482 1218 1522 sed
1246 1482 1374 1523 etiam
1401 1483 1535 1537 priva-

103 1535 172 1587 tis,
192 1537 354 1579 consuli
375 1553 460 1578 non
480 1538 736 1593 parentibus.
785 1540 841 1595 Q.
863 1540 1074 1593 Magnum
1101 1537 1204 1579 dicis
1225 1538 1399 1579 malum.
1419 1554 1532 1591 nam,
1549 1546 1595 1589 17

103 1591 183 1634 ista
202 1602 411 1650 potestate
432 1603 541 1644 nata,
561 1609 661 1651 grai
664 1604 741 1636 1tas
761 1582 1027 1650 optimatium
1051 1594 1218 1645 cecidit,
1238 1595 1532 1659 convaluitque

97 1647 168 1704 jus
188 1650 482 1692 multitudinis.
528 1653 593 1692 Μ.
614 1652 714 1693 Non
735 1660 799 1692 est
818 1652 888 1700 ita,
911 1652 1083 1708 Quinte.
1104 1666 1187 1691 non
1207 1651 1316 1692 enim
1333 1666 1404 1706 jus
1424 1651 1531 1693 illud

102 1706 241 1747 solum
273 1707 493 1763 superbius
523 1708 697 1763 populo,
725 1708 798 1748 sed
818 1695 1037 1749 violentius
1057 1707 1185 1748 videri
1215 1721 1381 1748 necesse
1410 1719 1528 1750 erat:
1541 1717 1575 1749 b.

103 1776 189 1818 quo
209 1772 480 1828 posteaquam
512 1764 680 1806 modica
697 1774 740 1805 et
765 1764 927 1820 sapiens
950 1763 1198 1820 temperatio
1218 1764 1406 1815 accessit,
1426 1779 1530 1806 con-

102 1832 218 1860 versa
238 1819 334 1860 lex
325 1835 365 1861 m
387 1834 533 1861 omnes
554 1831 630 1861 est.

158 1876 284 1917 Deest
305 1876 481 1917 omnium
501 1877 621 1931 liujus
642 1876 746 1933 legis
765 1876 943 1931 capitum
963 1875 1178 1932 explicatio
1201 1891 1225 1916 a
1239 1876 1455 1933 principio,

414 1947 538 1989 usque
557 1934 612 1974 ad
631 1922 701 1974 hoc
721 1940 856 1987 caput,
877 1934 1052 1974 Domum
1075 1947 1164 1973 cum
1182 1932 1209 1973 l

158 1988 338 2030 Domum
359 2004 448 2029 cum
470 1989 589 2030 laude
606 1989 809 2030 redeunte).
868 1989 990 2031 Nihil
1016 1990 1143 2040 enim,
1164 1996 1314 2044 praeter
1342 1989 1525 2055 laudem,
1541 1991 1574 2039 8

99 2044 223 2086 bonis
244 2054 370 2101 atque
392 2045 700 2097 innocentibus,
722 2060 857 2101 neque
877 2060 929 2087 ex
955 2046 1161 2096 hostibus,
1181 2059 1316 2100 neque
1347 2060 1371 2086 a
1401 2046 1525 2088 sociis
1541 2065 1587 2098 18

98 2102 412 2157 reportandum.
470 2103 567 2144 Jam
605 2103 707 2143 illud
748 2112 938 2157 apertum
976 2103 1167 2157 profecto
1196 2111 1272 2149 est,
1303 2102 1405 2143 nihil
1434 2116 1525 2144 esse

100 2158 277 2213 turpius,
303 2174 428 2214 quam
455 2173 710 2223 quemquam
739 2159 872 2214 legari
896 2159 975 2200 nisi
1001 2159 1238 2214 reipublicae
1267 2172 1405 2199 causa.
1464 2160 1525 2200 O-

98 2214 238 2265 mitto,
259 2215 618 2271 quemadmodum
638 2215 706 2256 isti
727 2229 770 2256 se
792 2224 955 2270 gerant,
975 2225 1100 2271 atque
1127 2215 1348 2271 gesserint,
1367 2215 1439 2271 qui
1464 2216 1525 2257 le-

99 2271 270 2325 gatione
297 2271 563 2322 hereditates,
584 2281 655 2313 aut
680 2272 941 2336 syngraphas
973 2286 1067 2312 suas
1095 2280 1415 2326 persequuntur.
1475 2273 1524 2314 In

98 2326 340 2369 hominibus
358 2336 424 2369 est
444 2327 526 2370 hoc
555 2329 731 2369 fortasse
750 2328 911 2369 vitium.
969 2328 1051 2368 Sed
1071 2343 1229 2383 quaero,
1251 2327 1353 2383 quid
1379 2342 1525 2393 reapse

98 2383 153 2424 sit
181 2385 357 2439 turpius,
394 2399 521 2441 quam
554 2384 643 2425 sine
681 2384 976 2440 procuratione
1015 2393 1180 2425 senator
1215 2383 1396 2439 legatus,
1435 2386 1523 2427 sine

98 2439 317 2492 mandatis,
338 2441 424 2482 sine
442 2441 531 2483 ullo
549 2441 789 2497 reipublicae
811 2442 1013 2482 munere?
1047 2440 1162 2497 quod
1190 2440 1361 2496 quidem
1386 2455 1522 2498 genus

141 2602 178 2626 18
201 2607 236 2625 ne
251 2595 293 2631 id,
310 2595 386 2637 quod
386 2595 505 2635 fuerat,
522 2593 606 2636 esset]
629 2597 680 2627 Ne
701 2596 785 2626 Con·
828 2596 879 2625 Sc.
905 2595 978 2633 jure
1007 2595 1157 2626 consulis.
1180 2594 1242 2634 ipse
1267 2594 1380 2625 malim
1404 2595 1521 2625 abesse.

94 2638 146 2669 sul
168 2639 297 2669 haberet
320 2639 483 2678 pristinam
511 2646 708 2678 potestatem,
731 2639 785 2670 sed
827 2639 881 2668 sed
910 2639 936 2668 si
961 2645 1006 2668 est
1031 2648 1050 2668 a
1072 2638 1236 2674 Cicerone,
1261 2638 1438 2677 interpungi
1463 2639 1520 2674 sic,

95 2690 134 2710 ea
148 2681 309 2712 tribunitio
321 2682 392 2720 jure
407 2688 601 2712 coerceretur
614 2690 645 2712 et
661 2683 785 2712 minue·
827 2682 951 2720 opinor,
973 2681 1078 2717 debet,
1099 2681 1174 2723 quod
1193 2680 1316 2715 exstitit,
1340 2681 1397 2719 ipse
1420 2680 1471 2721 qui
1493 2692 1522 2710 eo

95 2730 189 2754 retur.
205 2724 377 2764 profuerat
392 2723 487 2763 vulgo
509 2724 593 2754 male
604 2725 714 2766 fuerit.
727 2725 785 2765 fi‘·
827 2734 882 2753 non
894 2730 1045 2754 teneretur.
1060 2724 1166 2763 Vulgo
1181 2730 1228 2753 est
1242 2724 1337 2752 etiam
1353 2724 1383 2751 in
1399 2734 1436 2752 eo.
1453 2732 1521 2753 ma-

94 2773 158 2796 erat
172 2766 267 2796 habet
282 2768 393 2797 Lamb.
407 2767 480 2797 Ald.
496 2776 603 2806 nepos.
828 2766 869 2796 le.
893 2766 924 2795 in
946 2776 1011 2796 non
1030 2766 1141 2797 habuit
1165 2767 1225 2796 Ms.
1250 2765 1369 2796 Harlei.
1390 2775 1450 2798 nec
1472 2767 1520 2797 ed.

140 2816 178 2841 19
200 2809 314 2838 exstitit
336 2810 406 2849 ipse,
430 2810 482 2852 qui
503 2821 531 2839 eo
550 2820 603 2839 non
622 2808 781 2851 teneretur]
828 2809 912 2839 vict.
929 2810 1036 2846 habet,
1053 2819 1112 2839 nec
1128 2809 1192 2839 Ms.
1209 2808 1317 2838 Guelf.

840 2863 953 2906 xx3
