1844 3202
315 140 392 187 896
686 141 744 177 M.
774 138 992 177 TULLII
1032 139 1374 178 CICERONIS

660 268 745 309 AD
780 267 831 309 C.
861 268 1108 310 PANSAM
1137 269 1253 324 epist.
1276 270 1345 311 lib.
1371 272 1403 311 Ι.

727 347 796 388 Μ.
818 347 954 388 Cicero
979 349 1023 389 C.
1044 350 1196 390 Pansae
1219 350 1261 391 S.
1281 350 1339 390 D.

372 427 503 468 NON.
538 426 800 468 Humaniter.
823 437 865 469 et
888 429 1048 469 Pmsc.
1072 427 1141 469 lib.
1166 430 1242 481 15.)
1285 429 1353 470 De
1375 426 1593 469 Antiocho
1614 427 1750 469 fecisti

314 482 579 524 humaniter:
613 498 738 539 quem
767 483 939 540 quidem
971 499 1054 540 ego
1085 499 1251 540 semper
1278 485 1418 536 dilexi,
1446 499 1599 541 meque
1621 484 1674 525 ab
1700 499 1752 525 eo

314 539 435 594 diligi
455 540 576 580 sensi.
1390 582 1392 585 ,
1516 574 1522 580 ,

371 597 505 637 ΝοΝ.
538 595 761 647 Inandire.)
796 599 821 624 ⁵¹⁴⁵
872 611 1024 638 uorum
1057 597 1195 653 erupit
1225 597 1296 638 illa
1325 613 1417 649 vox,
1438 598 1490 640 de
1520 613 1605 655 qua
1633 612 1684 639 ex
1709 605 1751 639 te

314 653 499 710 primum
522 652 722 708 quiddam
744 612 1017 694 inaudieram.

735 731 806 772 Ad
824 732 993 773 eundem
1011 732 1127 787 epist.
1150 731 1218 773 lib.
1237 733 1318 773 III.

371 799 504 840 NON.
539 798 853 855 Concaffacere.)
896 801 990 842 Nos
1016 800 1280 842 Ventidianis
1313 799 1554 841 rumoribus
1581 798 1751 840 concal-

315 856 506 896 fecimus.

567 983 570 984 γ
629 945 715 986 AD
747 944 803 985 A.
837 945 1105 987 HIRTIUM
1137 946 1254 1000 epist.
1279 946 1347 987 lib.
1372 947 1429 987 II.

369 1025 502 1066 NON.
532 1024 694 1077 Error.)
736 1026 835 1081 Qua
865 1025 905 1066 in
937 1040 982 1066 re
1013 1025 1046 1066 si
1074 1026 1344 1067 mediocriter
1371 1026 1512 1082 lapsus
1542 1039 1652 1076 sum,
1677 1024 1750 1067 de-

313 1081 458 1122 fendas
482 1082 604 1122 velim
626 1082 843 1124 tolerabile
865 1091 1064 1123 erratum.

752 1160 823 1201 Ad
841 1159 1007 1201 eundem
1031 1159 1148 1215 epist.
1170 1159 1242 1201 lib.
1261 1161 1315 1201 V.

370 1228 503 1269 NoN.
534 1215 757 1283 Impertio.)
800 1229 856 1268 Et
892 1227 1110 1283 quoniam,
1145 1237 1193 1268 ut
1230 1227 1312 1268 hoc
1342 1235 1510 1282 ternpus
1539 1235 1618 1278 est,
1649 1225 1750 1268 nihil

314 1284 467 1336 habeo,
490 1285 636 1340 patriae
658 1284 774 1341 quod
794 1284 1049 1339 impertiam.

733 1360 805 1401 Ad
825 1359 993 1401 emzdem
1015 1359 1133 1414 epist.
1157 1358 1226 1400 lib.
1249 1360 1328 1401 IX.

369 1429 503 1470 NON.
521 1427 734 1483 Interfici.)
758 1428 902 1479 Dices,
919 1427 1034 1484 quid,
1051 1442 1212 1483 quaeso,
1229 1427 1336 1469 istuc
1354 1428 1574 1469 intererat?
1596 1428 1752 1478 nescio,

313 1485 393 1526 nisi
413 1494 554 1526 tamen
575 1494 663 1526 erat
685 1485 789 1526 mihi
811 1485 1036 1526 verendum
1058 1485 1224 1540 saepius,
1243 1485 1366 1541 nequi
1388 1499 1508 1526 casus
1528 1485 1753 1541 perimeret

313 1556 542 1598 superlora.

730 1620 800 1661 Ad
820 1621 987 1661 eundem
1011 1637 1061 1662 est·
1081 1619 1150 1662 lib.
1174 1620 1340 1661 incerto.

368 1689 502 1730 NON.
531 1688 793 1729 Wtustiscere
814 1704 837 1729 (ι
860 1691 1133 1741 veterascere.)
1179 1688 1290 1729 Cum
1327 1688 1437 1729 enim
1469 1688 1666 1729 nobilitas
1698 1688 1751 1730 sit

313 1745 417 1786 nihil
438 1745 567 1796 aliud,
585 1760 711 1801 quam
730 1746 905 1800 cognita
923 1747 1065 1795 virtus,
1079 1746 1172 1801 quis
1192 1746 1234 1785 in
1256 1759 1322 1795 eo,
1344 1760 1471 1800 quem
1492 1754 1751 1787 veterascen-

313 1812 401 1844 tem
423 1803 533 1844 videt
554 1802 607 1843 ad
626 1802 824 1858 gloriam,
845 1803 1011 1857 generis
1029 1802 1324 1858 antiquitatem
1346 1801 1581 1843 desideret?

368 1860 501 1901 NON.
527 1860 715 1912 Lutum.)
750 1862 775 1887 >fs
797 1859 887 1900 luta
907 1867 949 1899 et
969 1859 1118 1900 limum
1141 1860 1416 1914 aggerebant.

614 1948 702 1989 AD
734 1949 800 1989 M.
830 1948 1089 1990 BRUTUM
1117 1947 1235 2002 epist.
1257 1947 1328 1989 m.
1348 1949 1451 1990 vn.

347 2028 502 2069 ·NON.
534 2026 762 2082 Experiri.)
807 2027 889 2068 His
910 2027 1135 2077 contraria,
1155 2036 1283 2083 atque
1312 2035 1469 2082 parata,
1490 2037 1537 2068 ut
1563 2041 1654 2068 esse
1684 2041 1751 2068 so·

313 2083 414 2135 lent,
435 2093 630 2140 expertus
653 2098 763 2124 sum.

715 2161 787 2202 Ad
805 2161 973 2202 eundem
994 2160 1112 2216 epist.
1136 2160 1205 2201 lib.
1225 2161 1353 2202 VIII.

370 2227 503 2267 NON.
533 2225 638 2266 doct.
661 2225 820 2283 irzdag.)
864 2229 920 2269 Et
951 2227 1068 2283 quod
1097 2235 1138 2267 te
1168 2237 1335 2269 tantum
1365 2236 1495 2279 amat,
1515 2235 1563 2269 ut
1593 2228 1657 2269 vel
1686 2242 1753 2269 me

312 2283 466 2325 audeat
486 2296 728 2338 provocare.

369 2341 502 2381 NON.
524 2340 681 2380 Amare
700 2347 739 2380 et
759 2339 942 2397 diligere.
963 2347 1003 2382 et
1028 2343 1269 2395 contentus.)
1311 2339 1380 2381 Sic
1401 2340 1531 2395 igitur
1550 2340 1692 2392 facies,
1712 2349 1755 2382 et

311 2410 381 2438 me
403 2406 476 2437 aut
497 2396 673 2448 amabis,
693 2407 781 2448 aut,
803 2412 890 2454 quo
911 2407 1134 2439 contentus
1156 2412 1264 2449 sum,
1286 2397 1452 2453 diliges.

369 2454 591 2510 QUINCT.
615 2452 643 2492 l.
662 2464 700 2494 5.
724 2468 756 2493 c.
783 2459 856 2506 ιο.)
896 2455 1068 2495 Veritus
1094 2454 1285 2504 fortasse,
1308 2468 1359 2494 ne
1382 2468 1457 2494 nos
1479 2453 1520 2494 in
1544 2454 1753 2495 Catonem

314 2519 507 2551 nostrum
538 2511 838 2552 transferamus
868 2509 982 2551 illinc
1009 2511 1109 2551 mali
1137 2511 1321 2567 aliquid:
1352 2510 1430 2552 etsi
1453 2520 1753 2566 argumentum

312 2567 449 2608 simile
472 2581 557 2606 non
581 2576 684 2607 erat.

368 2625 590 2680 QUINCT.
614 2621 641 2662 l.
660 2632 697 2663 8.
720 2638 752 2663 c,
771 2624 826 2676 3.)
862 2624 976 2665 Nam
995 2623 1299 2681 eloquentiam,
1315 2639 1411 2680 quae
1431 2623 1754 2666 admirationem

313 2695 396 2721 non
420 2680 560 2730 habet,
583 2680 741 2720 nullam
759 2679 923 2736 judico.

369 2739 590 2793 QUINCT.
615 2736 726 2788 ibid.)
763 2740 787 2763 ”t
809 2746 851 2777 et
877 2752 974 2777 eum
1002 2750 1205 2787 amorem,
1227 2745 1269 2778 et
1297 2751 1413 2788 eum,
1439 2746 1487 2778 ut
1514 2737 1597 2778 hoc
1625 2737 1755 2778 verbo

310 2804 420 2844 utar,
443 2795 626 2834 favorem
650 2795 690 2834 in
712 2793 937 2834 consilium
959 2793 1190 2834 advocabo.

366 2853 587 2907 (gomor.
610 2850 637 2891 Z.
654 2862 692 2901 9.
720 2854 825 2903 c.3.)
871 2852 966 2907 Ego
995 2865 1093 2892 cum
1128 2851 1168 2892 in
1206 2850 1389 2907 gratiam
1422 2849 1614 2892 redierim
1655 2864 1753 2892 cum
