1844 3202
276 106 355 142 838
868 100 1107 144 LAELIUS

211 226 259 269 75
275 226 452 268 rumque
489 211 700 254 distantia.
757 211 887 253 Recte
924 212 1052 254 etiam
1093 213 1266 270 praecipi
1302 221 1445 270 potest
1481 214 1523 256 in
1560 212 1708 255 amici·

273 269 356 319 tiis,
388 284 439 310 ne
475 268 751 324 intemperata
788 268 982 324 quaedam
1022 270 1310 312 benevolentia
1348 271 1480 328 (quod
1518 283 1708 326 persaepe

272 325 335 377 fit)
369 325 571 383 impediat
600 339 774 380 magnas
804 325 1006 366 utilitates
1030 327 1278 369 amicorum.
1310 342 1384 369 nec
1414 327 1527 369 enim
1560 330 1625 380 (ut
1650 325 1705 368 ad

272 381 435 424 fabulas
467 383 650 435 redeam)
683 380 856 436 Trojam
892 391 929 413 δῦ
952 383 1263 437 Neoptolemus
1297 399 1445 440 capere
1482 383 1704 439 potuisset,

210 474 211 477 ,
271 438 306 479 si
343 440 645 495 Lycomedem,
675 437 788 493 apud
819 452 946 492 quem
976 448 1065 479 erat
1093 438 1312 490 educatus,
1342 441 1486 483 multis
1516 455 1613 481 cum
1644 438 1707 480 la-

269 497 426 551 crymis
454 496 531 536 iter
553 510 675 536 suum
704 494 1018 550 impedientem,
1039 495 1184 535 audire
1203 496 1412 538 voluisset.
1440 507 1484 538 et
1508 511 1619 552 saepe
1638 495 1704 536 in-

269 552 418 593 cidunt
456 566 622 607 magnae
662 565 740 602 res,
776 560 821 592 ut
860 550 1158 592 discedendum
1197 552 1250 593 sit
1288 554 1341 593 ab
1380 555 1555 595 amicis:
1601 566 1705 607 quas

270 608 342 663 qui
372 608 575 663 impedire
604 607 708 657 vult,
738 606 853 663 quod
886 607 1139 648 desiderium
1176 623 1258 649 non
1291 610 1412 651 facile
1440 611 1560 659 ferat,
1594 609 1627 649 is
1661 617 1706 649 et

269 663 458 707 infirmus
488 673 564 715 est,
591 664 816 720 mollisque
844 674 1006 714 natura,
1032 674 1074 705 et
1100 664 1155 705 ob
1180 679 1272 706 eam
1301 666 1434 722 ipsam
1464 680 1632 707 causam
1661 665 1704 706 in

208 728 260 773 76
272 721 456 764 amicitia
484 736 631 777 parum
662 721 819 777 justus.
877 721 1022 777 Atque
1051 721 1093 762 in
1123 721 1241 762 omni
1274 736 1317 763 re
1349 722 1701 763 considerandum

227 782 350 828 b·est,
376 786 419 819 et
443 777 545 835 quid
575 777 764 834 postules
794 778 847 819 ab
876 778 1029 828 amieo,
1055 786 1098 819 et
1127 778 1229 834 quid
1258 779 1416 834 patiare
1445 794 1470 820 a
1499 787 1539 819 te
1568 779 1703 833 impe·

270 834 383 875 trari.

188 885 254 932 21
295 890 405 933 VEst
444 890 573 931 etiam
609 890 727 946 quasi
765 890 959 946 quaedam
998 891 1214 932 calamitas
1250 891 1293 932 in
1327 891 1520 932 amicitiis
1559 891 1702 932 dimit-

269 946 408 987 tendis
437 961 754 1003 nonnumquam
785 947 1039 987 necessaria:
1064 946 1153 1002 jam
1183 947 1295 988 enim
1322 962 1347 987 a
1368 948 1616 1002 sapientium
1641 948 1702 988 fa·

267 1002 578 1044 miliaritatibus
608 1003 662 1044 ad
682 1003 873 1058 vulgares
904 1003 1110 1044 amicitias
1140 1003 1276 1044 oratio
1307 1013 1449 1044 nostra
1479 1003 1702 1045 delabitur.

266 1060 509 1114 Erumpunt
535 1074 647 1115 saepe
667 1059 766 1100 vitia
792 1059 1025 1100 amicorum
1057 1074 1154 1100 cum
1187 1060 1229 1100 in
1258 1060 1372 1115 ipsos
1403 1060 1577 1110 amicos,
1610 1068 1702 1101 tum

265 1115 309 1156 in
332 1116 518 1166 alienos;
550 1131 732 1172 quorum
754 1125 896 1157 tamen
923 1115 976 1156 ad
1005 1116 1165 1157 amicos
1195 1116 1404 1157 redundet
1431 1117 1618 1158 infamia.
1641 1125 1705 1157 ta-

265 1171 326 1212 les
346 1172 475 1226 igitur
495 1172 690 1214 amicitiae
710 1182 806 1214 sunt
828 1172 1073 1213 remissione
1094 1188 1195 1214 usus
1225 1173 1429 1224 eluendae,
1449 1182 1492 1214 et.
1523 1176 1588 1225 (ut
1617 1173 1700 1213 Ca-

265 1236 410 1269 tonem
440 1229 577 1270 dicere
609 1229 762 1281 audivi)
800 1229 1037 1270 dissuendae
1068 1230 1219 1284 magis,
1248 1244 1375 1285 quam
1406 1229 1703 1271 discindenda-2.

266 1285 346 1326 nisi
365 1285 560 1341 quaedam
582 1286 814 1327 admodum
837 1286 1110 1327 intolerabilis
1138 1286 1290 1343 injuria
1317 1287 1529 1337 exarserit,
1550 1295 1598 1327 ut
1628 1300 1702 1326 ne-

265 1356 348 1398 que
378 1352 557 1392 rectum,
577 1357 713 1398 neque
744 1343 968 1384 honestum
1001 1343 1068 1391 sit,
1090 1357 1224 1399 neque
1256 1343 1342 1383 fieri
1372 1344 1518 1398 possit,
1539 1352 1588 1384 ut
1618 1358 1703 1384 non

202 1408 252 1451 77
266 1399 406 1440 statim
429 1399 626 1440 alienatio
647 1400 959 1455 disjunctioque
987 1399 1178 1441 facienda
1205 1399 1270 1440 sit.
1330 1400 1404 1440 Sin
1433 1410 1574 1441 autem
1607 1414 1702 1441 mo<

264 1470 373 1506 rum,
405 1464 477 1497 aut
516 1455 754 1497 studiorum
793 1457 1074 1497 commutatio
1111 1456 1306 1512 quaedam
1347 1459 1412 1510 (ut
1450 1456 1536 1497 fieri
1572 1455 1698 1508 solet)

263 1512 376 1553 facta
403 1512 497 1563 erit,
517 1521 591 1553 aut
620 1512 660 1553 in
693 1512 936 1568 reipublicae
966 1513 1156 1568 partibus
1187 1513 1391 1554 dissensio
1421 1513 1703 1554 intercesserit

264 1568 437 1625 (loquor
464 1569 574 1609 enim
602 1568 710 1625 jam,
735 1579 784 1610 ut
808 1568 952 1624 paullo
984 1577 1081 1610 ante
1107 1569 1208 1619 dixi,
1239 1584 1323 1610 non
1355 1569 1408 1610 de
1434 1569 1701 1624 sapientium,

262 1625 338 1666 sed
368 1625 420 1666 de
448 1625 749 1666 communibus
780 1625 990 1677 amicitiis)
1015 1625 1246 1666 cavendum
1269 1626 1360 1676 erit,
1381 1640 1433 1666 ne
1454 1640 1538 1666 non
1559 1626 1700 1667 solum

261 1681 459 1723 amicitiae
480 1682 698 1738 depositae,
720 1681 792 1722 sed
821 1681 1051 1722 inimicitiae
1082 1682 1208 1722 etiam
1241 1692 1447 1737 susceptae
1467 1682 1698 1723 videantur.

262 1737 367 1779 nihil
387 1739 497 1779 enim
519 1747 583 1780 est
603 1738 781 1794 turpius,
799 1753 924 1794 quam
947 1753 1043 1779 cum
1067 1752 1118 1779 eo
1138 1738 1297 1779 bellum
1320 1753 1482 1793 gerere,
1503 1739 1700 1795 qui-cum

261 1795 522 1836 familiariter
552 1795 714 1836 vixeris.
770 1796 842 1835 Ab
873 1794 1058 1836 amicitia
1086 1795 1144 1836 Q.
1176 1795 1365 1850 Pompeii
1400 1810 1499 1836 meo
1530 1795 1701 1836 nomine

261 1866 305 1891 se
327 1862 560 1893 removerat
585 1854 649 1905 (ut
669 1851 798 1905 scitis)
824 1851 991 1907 Scipio:
1023 1859 1196 1907 propter
1217 1852 1518 1893 dissensionem
1540 1860 1698 1902 autem,

260 1923 355 1963 quse
376 1918 466 1949 erat
486 1909 528 1949 in
549 1908 776 1964 republica,
797 1908 1000 1949 alienatus
1021 1918 1085 1949 est
1106 1923 1130 1949 a
1150 1908 1317 1964 collega
1337 1918 1480 1950 nostro
1502 1907 1698 1949 Metello.

260 1973 488 2021 utrumque
507 1966 595 2020 egit
622 1966 817 2020 graviter,
839 1966 1103 2015 auctoritate,
1124 1974 1167 2006 et
1191 1965 1422 2006 offensione
1450 1964 1578 2005 animi
1609 1978 1695 2006 non

197 2031 247 2072 78
261 2022 423 2063 acerba.
454 2023 748 2078 Quamobrem
769 2022 950 2076 primum
972 2021 1111 2062 danda
1133 2036 1262 2077 opera
1281 2031 1358 2072 est,
1381 2035 1518 2076 nequa
1540 2020 1696 2061 54am'1-

260 2093 407 2119 corum
433 2078 608 2119 discidia
629 2079 751 2118 fiant:
782 2077 844 2118 sin
866 2078 948 2118 tale
977 2078 1137 2133 aliquid
1167 2078 1374 2127 evenerit3
1408 2088 1455 2119 ut
1480 2078 1695 2118 exstinctae

260 2135 401 2191 potius
423 2135 634 2185 amicitiae,
655 2149 780 2190 quam
810 2148 1020 2190 oppressae
1047 2149 1137 2175 esse
1157 2134 1386 2175 videantur.
1447 2134 1694 2175 Cavendum

131 2206 357 2243 p.111.vero
377 2200 455 2241 cst,
477 2206 528 2232 ne
547 2200 674 2232 etiam
702 2191 745 2232 in
769 2205 917 2246 graves
944 2191 1182 2231 inimicitias
1202 2199 1445 2232 convertant
1475 2205 1519 2231 se
1547 2190 1695 2232 amici-

220 2248 358 2289 ³·tiae:
387 2264 411 2289 e
446 2248 600 2304 quibus
627 2248 786 2304 jurgia,
821 2247 1063 2298 maledicta,
1095 2248 1362 2289 contumelia:
1396 2256 1433 2279 ⁵⁵
1448 2247 1694 2302 gignantur.

260 2320 354 2361 quae
376 2315 518 2346 tamen
539 2305 570 2346 si
598 2304 836 2346 tolerabiles
863 2313 1000 2354 erunt,
1021 2304 1203 2345 ferendae
1234 2312 1355 2345 sunt:
1387 2312 1430 2344 et
1460 2304 1527 2344 hic
1558 2303 1695 2345 honos

257 2361 387 2402 veteri
417 2362 610 2402 amicitiae
641 2361 889 2405 tribuendus
919 2370 996 2411 est,
1019 2371 1066 2402 ut
1086 2361 1119 2401 is
1150 2361 1189 2401 in
1212 2361 1336 2415 culpa
1361 2360 1429 2410 sit,
1450 2361 1522 2415 qui
1552 2360 1693 2412 faciat,

257 2433 344 2459 non
376 2419 447 2474 qui
477 2418 659 2473 patiatur
691 2418 899 2473 injuriam.
960 2418 1146 2458 Omnino
1176 2418 1366 2458 omnium
1397 2416 1549 2457 horum
1572 2416 1696 2458 vitio-

256 2490 365 2526 rum,
386 2483 512 2530 atque
536 2473 906 2515 incommodorum
938 2488 1022 2514 una
1049 2473 1189 2514 cautio
1219 2483 1295 2524 cst,
1323 2484 1451 2528 atque
1481 2488 1565 2514 una
1593 2488 1694 2529 pro-

255 2531 373 2583 visio,
394 2540 442 2573 ut
461 2545 513 2572 ne
533 2531 657 2572 nimis
675 2531 760 2572 cito
786 2530 961 2585 diligere
986 2530 1251 2585 incipiamus,
1274 2544 1372 2571 neve
1404 2544 1489 2571 non
1518 2529 1690 2586 dignos-

299 2671 338 2696 53
364 2663 576 2705 Neoptolemus]
603 2665 699 2696 Quod
721 2667 759 2696 de
780 2664 952 2704 Neoptole-
994 2672 1052 2702 est,
1070 2664 1189 2694 dissidia
1203 2676 1213 2693 .·
1238 2665 1331 2704 idque
1354 2671 1383 2694 ct
1404 2675 1450 2695 res
1476 2665 1509 2695 h.
1529 2664 1550 2695 l.
1573 2665 1696 2695 deside-

255 2719 309 2739 mo
325 2709 378 2739 hic
391 2710 532 2747 traditur,
542 2719 654 2740 omnes
663 2716 780 2740 veteres
793 2710 831 2738 de
840 2708 952 2738 Achil·
994 2715 1051 2739 rat.

252 2752 287 2782 le
300 2759 438 2783 narrant.
1039 2758 1077 2782 55
1098 2748 1274 2790 gignantur]
1307 2751 1358 2781 Sic
1389 2751 1452 2782 Ms.
1476 2751 1575 2782 Goth.
1598 2751 1692 2781 bene.

297 2803 337 2825 54
360 2796 516 2825 amicorum
532 2791 672 2835 discidia]
698 2794 751 2824 Sic
773 2793 843 2824 libri
866 2800 951 2824 vete.-
993 2794 1100 2834 Vulgo
1115 2803 1160 2826 cst
1173 2794 1346 2834 ‘gignuntur‘

253 2846 299 2868 res
316 2847 376 2869 scr.
393 2845 429 2871 ut
443 2845 473 2870 et
491 2839 555 2872 Erf.
570 2837 684 2871 salisb.
705 2846 784 2876 non,
802 2844 838 2868 ut
852 2837 951 2878 vulgo
