1844 3202
593 110 1015 150 CONSULATUS.
1441 109 1517 157 869

93 220 301 264 desiderat
335 218 730 268 nomenclationem,
765 216 1030 264 blanditiam,
1063 215 1366 265 assiduitatem,
1398 216 1521 257 beni-

92 276 318 343 gnitatem,
338 289 564 324 rumorem,
585 288 702 329 spem
735 273 775 313 in
807 272 1036 328 republica.
1099 272 1284 312 Primum
1315 272 1371 322 id,
1403 272 1519 327 quod

93 336 210 385 iacis,
231 343 279 375 ut
308 333 500 374 homines
528 331 655 381 noris,
685 329 888 385 significa,
917 337 964 369 ut
992 337 1220 383 appareat:
1251 337 1294 368 et
1323 342 1445 382 auge,
1472 338 1520 369 ut

92 390 280 447 quotidie
311 389 461 430 melius
497 387 581 427 fiat.
621 386 726 427 nihil
763 385 868 426 mihi
905 394 991 425 tam
1021 383 1237 440 populare,
1270 398 1404 438 neque
1434 393 1519 423 tam

92 455 262 502 gratum
291 444 466 485 videtur.
524 442 692 484 Deinde
710 442 768 493 id,
791 440 906 497 quod
938 450 1086 482 natura
1115 454 1198 480 non
1229 440 1373 489 habes,
1395 440 1520 479 indue

92 504 133 544 in
165 502 368 551 animum,
389 500 447 540 ita
474 499 756 540 simulandum
789 513 893 547 esse,
923 507 970 538 ut
1000 507 1148 538 natura
1178 496 1312 537 facere
1342 494 1520 535 videare.

92 573 188 600 nam
217 557 395 598 comitas
425 556 502 597 tibi
529 571 612 597 non
641 555 760 596 deest
788 569 850 605 ea,
872 569 966 609 quae
996 554 1110 593 bono
1137 566 1185 593 ac
1215 552 1328 593 suavi
1349 551 1521 591 homine

91 614 221 670 digna
247 623 324 654 est.
357 612 431 654 sed
459 627 566 668 opus
587 622 652 653 est
670 624 928 666 magnopere
959 609 1189 650 blanditia:
1222 623 1316 665 quae
1339 608 1467 649 etiam
1489 607 1522 647 si
1538 617 1568 648 b.

90 671 239 712 vitiosa
258 678 335 720 est,
357 678 400 710 et
420 669 553 723 turpis
572 668 614 709 in
636 678 775 709 cetera
794 667 889 717 vita,
909 675 1049 707 tamen
1070 666 1112 706 in
1140 665 1342 720 petitione
1362 674 1427 705 est
1447 678 1521 704 ne-

92 726 282 768 cessaria.
314 735 414 767 tunc
443 726 552 766 enirn
583 739 681 765 cum
713 723 964 764 deteriorem
983 722 1165 777 aliquem
1188 720 1437 762 assentando
1460 720 1524 760 fa-

92 784 164 834 cit,
186 783 377 837 improba
397 790 484 822 est:
517 796 615 822 cum
640 779 898 829 amiciorem,
918 793 1002 819 non
1025 788 1111 818 tam
1132 776 1419 832 vituperanda.
1450 790 1523 831 pe-

91 839 206 880 titori
237 853 332 879 vero
360 837 591 878 necessaria
619 846 695 887 est,
715 835 836 892 cujus
867 844 910 876 et
936 834 1065 885 frons,
1085 843 1128 875 et
1149 834 1301 884 vultus,
1322 843 1365 873 et
1385 847 1525 874 sermo

93 895 148 937 ad
183 909 346 946 eorum,
379 908 672 950 quoscumque
703 891 958 939 convenerit,
989 905 1157 931 sensum
1193 900 1235 931 et
1265 889 1524 931 voluntatem

95 951 423 993 commutandus
443 961 521 991 est.
579 951 675 991 Jam
696 947 952 989 assiduitatis
975 947 1138 987 nullum
1159 957 1224 987 est
1243 957 1523 1001 praeceptum:

95 1009 353 1063 verbumque
374 1007 512 1062 ipsum
536 1006 674 1055 docet,
697 1019 794 1061 quae
826 1019 889 1045 res
918 1004 984 1044 sit.
1015 1003 1187 1058 prodest
1206 1002 1376 1058 quidem
1400 1002 1525 1042 vehe-

95 1074 273 1114 menter,
287 1077 494 1119 nusquam
511 1062 654 1104 deesse
672 1079 681 1102 :
705 1061 778 1102 sed
795 1069 936 1102 tamen
958 1060 1026 1100 hic
1043 1060 1205 1101 fructus
1223 1069 1286 1100 est
1305 1057 1526 1100 assiduita-

94 1121 162 1171 tis,
183 1135 266 1161 non
287 1120 424 1161 solum
447 1134 535 1159 esse
558 1120 704 1160 Romae
735 1126 860 1173 atquc
891 1117 931 1157 in
963 1116 1071 1166 foro,
1093 1116 1165 1157 sed
1184 1115 1348 1157 assidue
1369 1125 1526 1170 petere,

94 1177 397 1232 saepe-eosdem
420 1174 655 1230 appellare:
676 1189 759 1215 non
781 1173 1062 1223 committere,
1079 1185 1127 1214 ut
1148 1173 1371 1228 quisquam
1393 1172 1528 1226 possit

96 1233 246 1283 dicere,
270 1232 384 1288 quod
411 1231 500 1288 ejus
528 1231 595 1282 sit,
620 1230 821 1285 consequi
850 1229 999 1285 possis,
1021 1237 1059 1261 43
1077 1229 1111 1270 si
1141 1230 1214 1270 abs
1245 1238 1286 1269 te
1317 1228 1369 1268 sit
1399 1242 1526 1282 roga-

95 1299 203 1340 tum,
225 1299 267 1330 et
287 1289 404 1330 valde
425 1302 473 1328 ac
495 1287 721 1342 diligenter
741 1296 956 1341 rogatum.
1014 1285 1261 1341 Benignitas
1283 1293 1424 1325 autem
1445 1284 1528 1325 late

96 1355 236 1402 patet:
267 1355 310 1386 et
328 1355 392 1386 est
412 1345 454 1385 in
477 1359 519 1385 re
540 1343 735 1385 familiari
752 1358 764 1392 3
796 1358 891 1398 quae
915 1356 1173 1398 quamquam
1204 1342 1255 1382 ad
1286 1339 1528 1382 multitudi-

97 1417 192 1444 nem
213 1402 422 1458 pervenire
443 1415 526 1441 non
545 1410 703 1456 potest,
722 1410 863 1440 tamen
885 1399 937 1439 ab
958 1399 1104 1439 amicis
1125 1398 1334 1448 laudatur,
1356 1406 1398 1438 et
1416 1397 1527 1437 mul-

96 1458 265 1500 titudini
286 1466 409 1514 grata
427 1466 506 1498 est.
563 1458 640 1497 Est
659 1457 702 1497 in
722 1455 919 1496 conviviis
937 1472 947 1506 3
980 1471 1075 1511 quae
1107 1454 1235 1495 facito
1255 1464 1298 1495 et
1314 1454 1387 1494 abs
1408 1463 1466 1504 te,
1486 1462 1529 1494 et

96 1516 150 1556 ab
185 1515 330 1556 amicis
367 1514 449 1555 tuis
484 1513 845 1562 concelebrentur,
878 1521 918 1544 44
935 1521 978 1552 et
1016 1512 1184 1567 passim,
1223 1519 1268 1551 et
1305 1510 1493 1551 tributim
1517 1526 1529 1549 z

96 1580 160 1613 est
179 1571 306 1612 etiam
327 1571 370 1611 in
390 1583 542 1625 opera3
569 1584 692 1625 quam
716 1569 922 1624 pervulga
941 1577 984 1608 et
1002 1567 1272 1609 communica
1290 1583 1300 1607 z
1331 1580 1533 1621 curaque,

97 1637 148 1670 ut
177 1627 315 1669 aditus
345 1625 398 1668 ad
430 1636 472 1667 te
505 1625 642 1667 diurni
674 1625 953 1679 nocturnique
987 1633 1173 1679 pateant,
1202 1637 1338 1679 neque
1369 1622 1533 1663 foribus

97 1684 232 1727 solum
265 1683 419 1724 aedium
450 1691 632 1732 tuarum,
663 1681 738 1722 sed
768 1681 895 1721 etiam
925 1680 1045 1722 vultu
1075 1695 1124 1721 ac
1154 1680 1307 1729 fronte,
1341 1694 1437 1734 quae
1467 1688 1535 1720 est

97 1740 226 1782 animi
248 1739 392 1795 janua.
424 1753 518 1794 quae
549 1739 583 1778 si
611 1737 864 1793 significant,
884 1735 1140 1778 voluntatem
1163 1736 1351 1777 abditam
1371 1749 1461 1776 esse
1481 1749 1532 1776 ac

97 1807 319 1846 retrusam,
357 1794 470 1850 parvi
504 1794 633 1835 refert
669 1803 812 1849 patere
853 1793 1026 1833 ostium.
1070 1793 1262 1833 homines
1296 1792 1407 1833 enim
1445 1806 1531 1832 non

98 1852 229 1895 modo
254 1851 445 1907 promitti
472 1851 565 1901 sibi,
584 1850 814 1906 praesertim
846 1865 941 1905 quae
976 1865 998 1890 a
1029 1848 1252 1890 candidato
1276 1856 1436 1904 petant,
1457 1848 1532 1888 sed

99 1909 225 1951 etiam
246 1908 365 1963 large
385 1917 511 1963 atque
531 1906 759 1948 honorifice
781 1906 972 1962 promitti
992 1906 1149 1947 volunt.
1182 1919 1310 1961 quare
1332 1905 1414 1945 hoc
1435 1905 1530 1959 qui-

99 1966 195 2008 dem
221 1964 343 2005 facile
372 1972 630 2019 praeceptum
656 1973 734 2014 est,
755 1973 817 2013 ut,
840 1962 956 2018 quod
976 1972 1145 2003 acturus
1168 1963 1237 2013 sis,
1258 1961 1300 2002 id
1321 1961 1530 2016 significes

99 2031 143 2064 te
161 2021 347 2063 studiose
362 2035 411 2062 ac
426 2020 606 2061 libenter
618 2033 709 2061 esse
725 2019 950 2061 facturum.
970 2018 1077 2061 illud
1097 2018 1318 2068 difficilius,
1335 2017 1532 2072 etrmagis

98 2078 153 2120 ad
174 2087 357 2133 tempus,
377 2091 504 2133 quam
535 2077 588 2118 ad
615 2086 808 2118 naturam
836 2075 1207 2118 accommodatum
1236 2083 1352 2116 tuam
1374 2091 1382 2115 z
1414 2073 1531 2129 quod

98 2136 235 2178 facere
257 2149 342 2174 non
362 2134 512 2189 possis,
533 2144 581 2174 ut
612 2133 654 2174 id
681 2142 753 2174 aut
778 2133 970 2188 jucunde
998 2132 1235 2188 promittas,
1257 2139 1330 2171 aut
1349 2130 1532 2185 ingenue

100 2205 245 2247 neges.
276 2205 457 2246 quorum
482 2190 662 2232 alterum
687 2199 752 2230 est
771 2189 874 2230 boni
893 2189 981 2240 viri,
1000 2189 1182 2230 alterum
1202 2188 1304 2228 boni
1324 2186 1530 2242 petitoris·

100 2248 215 2288 Nam
237 2261 336 2288 cum
361 2246 406 2287 .id
434 2247 605 2302 petitur,
626 2246 741 2302 quod
767 2245 957 2296 honeste,
978 2255 1051 2286 aut
1072 2245 1160 2285 sine
1181 2244 1433 2285 detrimento
1453 2257 1529 2283 no-
1551 2240 1612 2289 12

100 2312 187 2345 stro
216 2303 462 2359 promittere
491 2317 575 2344 non
604 2317 827 2358 possumus
859 2304 960 2357 (quo
985 2301 1132 2351 modO,
1154 2300 1189 2341 si
1219 2300 1292 2355 qui
1317 2309 1455 2355 roget,
1484 2308 1660 2349 utp.212.

100 2366 250 2400 contra
269 2359 453 2401 amicum
473 2359 657 2415 aliquem
678 2373 849 2400 causam
869 2358 1135 2413 recipiamus)
1156 2356 1267 2397 belle
1288 2355 1573 2411 negandum&

101 2424 181 2466 est,
202 2423 250 2456 ut
283 2415 479 2457 ostendas
513 2415 882 2465 necessitudinem,
907 2413 1168 2456 demonstres
1198 2427 1326 2468 quam
1353 2412 1533 2453 moleste

104 2472 230 2522 feras,
247 2471 338 2512 aliis
364 2480 407 2512 te
435 2472 476 2513 id
504 2473 629 2513 rebus
655 2480 918 2512 exsarturum
941 2485 1031 2511 esse
1051 2469 1319 2526 persuadeas.
1377 2467 1534 2509 Audivi

104 2527 188 2569 hoc
206 2527 346 2569 dicere
366 2526 577 2582 quendam
598 2529 652 2570 de
673 2527 928 2584 quibusdam
948 2527 1200 2577 oratoribus,
1221 2525 1276 2566 ad
1297 2539 1404 2580 quos
1432 2539 1534 2566 cau-

104 2598 195 2628 sam
217 2598 336 2626 suam
358 2583 588 2636 detulisset,
603 2585 833 2641 gratiorem
854 2583 934 2625 sibi
954 2583 1189 2625 orationem
1208 2582 1351 2631 fuisse,
1367 2581 1439 2636 qui
1461 2594 1534 2620 ne-

147 2708 187 2733 43
211 2700 236 2731 si
258 2701 308 2731 abs
331 2708 358 2730 te
379 2711 432 2730 non
454 2701 493 2729 sit
514 2695 658 2740 rogatum]
677 2712 731 2730 non
753 2706 800 2730 est
885 2707 925 2730 44
949 2706 976 2729 e!
990 2699 1103 2739 passim
1119 2704 1147 2728 et
1163 2696 1307 2735 tributim]
1327 2696 1453 2736 passim,
1469 2704 1538 2734 pro-

106 2744 198 2784 plane
213 2744 369 2774 alienum.
391 2744 496 2783 itaque
511 2744 622 2774 delevi.
638 2745 680 2774 ita
695 2744 799 2784 place-
842 2743 977 2778 misene,
993 2743 1062 2772 sine
1078 2747 1217 2781 respectu
1236 2740 1333 2769 tribus
1352 2747 1427 2776 tuae,
1445 2738 1538 2769 tribu-

107 2788 160 2817 bat
173 2787 375 2860 egssalermo,
392 2787 446 2826 qui
469 2797 487 2817 a
510 2787 595 2818 libris
608 2787 727 2827 scriptis
744 2787 799 2817 ab-
842 2785 908 2823 tim,
925 2785 1094 2816 tribulibus
1109 2785 1171 2815 tuis
1186 2782 1271 2813 solis.

103 2839 171 2860 osse
209 2836 271 2861 icit.
