1844 3202
598 113 778 156 LIBER
817 109 1064 152 PRIMUS.
1465 116 1542 158 717

105 236 254 266 nonam
275 224 465 277 velimus,
485 239 510 266 a
531 232 674 267 nostra
692 222 909 264 voluntate
930 219 1224 277 proficiscitur.
1248 217 1387 273 itaque
1409 235 1452 262 se
1473 220 1543 261 alii

106 281 161 322 ad
193 282 521 339 philosophiam,
542 281 611 322 alii
642 279 694 320 ad
719 279 790 335 jus
820 278 957 329 civile,
979 277 1048 318 alii
1079 275 1131 317 ad
1161 274 1444 329 eloquentiam
1467 291 1542 332 ap-

105 337 264 392 plicant
284 356 292 379 :
320 339 590 394 ipsarumque
616 337 817 377 virtutum
848 335 891 375 in
922 335 1004 375 alia
1022 333 1128 374 alius
1147 331 1305 372 mavult
1325 333 1540 374 excellere.

105 395 300 449 Quorum
324 409 421 435 vero
442 403 596 449 patres,
616 403 689 434 aut
711 393 892 448 majores
922 391 1063 445 aliqua
1086 388 1223 444 gloria
1243 388 1541 442 praestiterunt,
1559 395 1632 434 116

103 449 133 489 ii
165 450 333 491 student
364 451 612 506 plerumque
643 448 789 490 codem
821 449 862 489 in
893 461 1047 503 genere
1076 445 1211 487 laudis
1233 444 1462 484 excellere:
1497 454 1543 486 ut

105 507 160 561 Ω.
181 506 369 557 Mucius,
393 508 437 548 Ρ.
461 508 506 549 F.
536 508 578 547 in
600 508 698 563 jure
725 504 860 556 civili3
895 504 1012 545 Pauli
1041 502 1151 543 filius
1174 500 1400 542 Africanus
1429 501 1470 541 in
1498 516 1543 541 re

104 560 289 603 militari.
348 563 533 619 Quidam
567 572 708 604 autem
737 561 791 602 ad
820 575 889 602 eas
914 559 1073 610 laudes,
1094 573 1196 614 quas
1217 573 1240 598 a
1261 557 1450 612 patribus
1472 571 1543 598 ac-

103 629 322 672 ceperunt,
344 620 505 660 addunt
524 619 709 675 aliquam
731 632 849 659 suam
870 633 880 659 ε
910 626 959 658 ut
986 616 1055 658 hic
1075 615 1185 657 idem
1209 614 1435 655 Africanus
1453 613 1544 654 elo-

102 675 275 728 quentia
295 676 523 717 cumulavit
543 676 735 717 bellicam
756 674 953 729 gloriam.
975 672 1091 728 quod
1120 671 1230 713 idem
1266 670 1363 711 fecit
1393 670 1541 711 Timo-

102 730 242 781 theus,
265 731 454 774 Cononis
486 734 609 783 filius,
630 732 715 787 qui,
737 745 834 772 cum
857 731 956 771 belli
990 729 1114 770 laude
1141 743 1225 769 non
1246 727 1416 768 inferior
1437 727 1542 768 fuis-

102 795 181 835 set,
202 802 328 843 quam
362 800 506 844 pater3
539 789 591 830 ad
623 803 715 829 eam
746 787 931 837 laudem,
951 785 1155 827 doctrinae
1185 793 1227 825 et
1256 784 1414 839 ingenii
1444 784 1541 839 glo-

102 842 206 884 riam
229 845 397 900 adjecit.
457 847 524 887 Fit
544 854 684 886 autem
715 844 941 893 interdum,
961 852 1011 884 ut
1041 841 1247 891 nonnulli,
1268 840 1425 881 omissa
1444 840 1543 881 imi-

101 899 263 942 tatione
290 902 516 958 majorum,
547 911 586 934 2²³
601 917 722 943 suum
759 900 972 957 quoddam
1005 899 1246 940 institutum
1280 911 1544 953 consequan-

102 962 199 997 tur:
230 959 496 1015 maximeque
525 959 569 1000 in
599 974 651 1000 eo
681 958 930 1014 plerumque
960 956 1179 997 elaborant
1208 954 1251 1004 ii,
1283 954 1355 1010 qui
1385 966 1543 1009 magna

102 1011 182 1053 sibi
202 1026 458 1070 proponunt,
480 1015 670 1057 obscuris
689 1015 772 1055 orti
791 1014 1036 1071 majoribus.
1094 1013 1203 1053 Haec
1232 1010 1363 1066 igitur
1384 1011 1540 1061 onmia,
1559 1028 1630 1067 117
1653 1050 1657 1051 ⁷

103 1081 200 1109 cum
233 1072 477 1126 quaerimus,
497 1073 600 1128 quid
630 1072 791 1122 deceat,
811 1070 1036 1125 complecti
1058 1068 1199 1109 animo
1219 1077 1262 1108 et
1282 1067 1542 1122 cogitatione

101 1124 319 1168 debemus.
379 1130 428 1170 In
462 1130 608 1183 primis
635 1137 778 1169 autem
800 1125 1141 1168 constituendum
1163 1133 1240 1173 est,
1261 1138 1367 1179 quos
1388 1138 1479 1174 nos,
1501 1134 1545 1164 et

101 1181 246 1236 quales
269 1198 358 1224 csse
380 1185 570 1234 velimus,
590 1194 633 1225 et
659 1185 703 1225 in
735 1198 820 1238 quo
847 1197 1002 1239 genere
1021 1182 1115 1221 vitae
1135 1197 1144 1221 ε
1177 1196 1272 1235 quae
1295 1177 1542 1221 deliberatio

100 1246 166 1279 est
194 1240 386 1281 omnium
427 1241 685 1282 difficillima.
746 1242 922 1280 Ineunte
961 1239 1073 1279 enim
1113 1236 1411 1287 adolescentia,
1442 1251 1541 1277 eum

100 1303 167 1335 est
187 1297 370 1337 maxima
394 1297 659 1338 imbecillitas
689 1296 867 1346 consilii,
889 1306 981 1337 tum
1012 1295 1055 1335 id
1085 1294 1163 1335 sibi
1195 1294 1374 1350 quisque
1404 1308 1542 1348 genus

102 1353 238 1393 aetatis
270 1353 474 1408 degendae
508 1354 742 1404 constituit,
776 1353 892 1409 quod
921 1352 1103 1392 maxime
1138 1350 1361 1392 adamavit.
1398 1351 1539 1406 itaque
1553 1361 1650 1392 {³³24-

99 1418 198 1449 ante
228 1409 468 1465 implicatur
496 1410 638 1466 aliquo
657 1419 773 1451 certo
793 1423 962 1465 genere,
983 1421 1193 1462 cursuque
1215 1405 1390 1456 vivendi,
1413 1421 1540 1462 quam
1553 1406 1581 1427 a.

99 1466 254 1518 potuit,
286 1467 402 1522 quod
431 1468 642 1523 optimum
673 1476 798 1516 esset,
822 1465 1029 1523 judicare.
1089 1473 1129 1497 29
1145 1465 1258 1504 Nam
1282 1462 1396 1518 quod
1428 1464 1632 1505 Her-118

100 1521 242 1563 culem
277 1523 516 1565 Prodicium
549 1524 695 1565 dieunt
729 1526 793 1578 (ut
823 1531 887 1563 est
916 1521 1029 1578 apud
1060 1520 1409 1576 Xenophontem)
1444 1535 1543 1560 cum

97 1578 284 1631 primum
314 1581 565 1635 pubesceret
597 1580 729 1636 (quod
762 1589 934 1635 tempus
967 1593 992 1619 a
1011 1587 1162 1618 natura
1181 1577 1234 1617 ad
1254 1575 1544 1630 deligendum,

100 1649 226 1689 quam
251 1637 429 1692 quisque
449 1639 555 1678 viam
578 1637 737 1678 vivendi
766 1637 820 1677 sit
839 1637 1119 1690 ingressurus,
1139 1633 1287 1674 datum
1307 1635 1386 1685 est)
1411 1634 1544 1674 exisse

100 1690 140 1731 in
173 1692 461 1745 solitudinem,
492 1704 618 1750 atque
648 1694 707 1734 ibi
737 1692 968 1742 sedentem,
994 1691 1068 1731 diu
1098 1700 1241 1731 secum
1275 1689 1545 1745 multumque

100 1746 329 1801 dubitasse,
352 1765 450 1791 cum
482 1751 585 1792 duas
607 1758 796 1791 cerneret
816 1750 916 1799 vias,
939 1762 1065 1789 unam
1085 1746 1345 1802 VoluptatiS,
1366 1746 1542 1788 alteram

100 1804 296 1856 Virtutis,
337 1816 476 1848 utram
515 1806 682 1862 ingredi
718 1806 870 1847 melius
909 1814 1046 1847 essetz
1078 1804 1161 1845 hoc
1195 1803 1388 1853 Herculi,
1426 1804 1543 1844 Jovis

100 1868 195 1901 satu
224 1862 354 1914 edito,
374 1864 515 1920 potuit
544 1865 721 1905 fortasse
750 1862 1026 1917 contingere:
1057 1861 1178 1901 nobis
1209 1875 1293 1900 non
1323 1860 1441 1910 item,
1470 1860 1544 1916 qui

100 1915 330 1970 imitamur,
351 1935 458 1976 quos
489 1921 644 1975 cuique
672 1921 804 1961 visum
826 1927 904 1969 est,
925 1927 1051 1974 atque
1071 1917 1125 1958 ad
1146 1931 1292 1958 eorum
1317 1916 1459 1958 studia
1477 1918 1544 1957 in-

99 1974 332 2031 stitutaque
353 1976 624 2032 impellimur.
685 1976 876 2032 Plerique
897 1984 1040 2016 autem
1059 1973 1296 2030 parentium
1318 1974 1543 2029 praeceptis

97 2028 266 2082 imbuti,
288 2033 340 2074 ad
367 2047 515 2074 eorum
544 2033 893 2075 consuetudinem
915 2045 1166 2087 moremque
1185 2030 1450 2071 deducimur.
1472 2030 1545 2071 alii

99 2087 383 2131 multitudinis
396 2089 562 2146 judicio
583 2091 788 2140 feruntur,
811 2103 990 2146 quaeque
1018 2088 1170 2144 majori
1199 2087 1309 2143 parti
1339 2087 1544 2142 pulcerri-

98 2155 170 2183 ma
195 2145 401 2197 videntur,
422 2161 472 2188 ea
498 2148 681 2188 maxime
708 2154 933 2202 exoptant:
962 2145 1155 2186 nonnulli
1179 2152 1323 2184 tamen
1343 2144 1426 2184 sive
1447 2143 1541 2184 feli-

98 2198 226 2242 citate
255 2203 453 2258 quadam,
483 2204 567 2244 sive
595 2203 786 2245 bonitate
825 2210 1002 2252 naturae,
1033 2201 1117 2243 sive
1146 2201 1384 2257 parentium
1413 2200 1541 2241 disci-

98 2255 228 2310 plina,
256 2268 417 2301 rectam
446 2260 541 2301 vitae
570 2261 703 2301 secuti
732 2268 830 2302 sunt
857 2259 980 2300 viam.
1042 2258 1156 2299 Illud
1183 2267 1326 2299 autem
1356 2257 1539 2298 maxime
1551 2259 1622 2309 33

98 2325 240 2355 rarum
269 2330 405 2371 genus
435 2325 500 2358 est
525 2331 689 2368 eorum,
709 2317 781 2372 qui
810 2325 885 2358 aut
912 2314 1153 2357 excellentis
1182 2314 1343 2370 ingenii
1372 2315 1538 2370 magni-
1556 2337 1630 2377 119

100 2369 263 2422 tudine,
289 2382 363 2414 aut
387 2373 588 2429 praeclara
616 2373 852 2415 eruditione
879 2382 1007 2428 atque
1034 2371 1241 2422 doctrina,
1261 2380 1335 2412 aut
1361 2379 1540 2427 utraque

99 2439 146 2466 re
178 2429 329 2480 ornati,
348 2430 530 2485 spatium
557 2429 814 2471 deliberandi
840 2429 1095 2479 habuerunt,
1116 2442 1242 2484 quem
1270 2428 1541 2483 potissimum

100 2482 196 2523 vitae
216 2498 386 2526 cursum
407 2487 525 2543 sequi
543 2487 699 2529 vellent
716 2504 726 2528 :
756 2487 799 2528 in
819 2500 903 2542 qua
922 2485 1223 2527 deliberatione
1243 2484 1296 2525 ad
1324 2499 1442 2525 suam
1464 2499 1541 2525 cu-

94 2537 255 2596 jusque
293 2549 486 2583 naturam
525 2543 751 2585 consilium
788 2553 853 2584 est
893 2556 1020 2583 omne
1058 2541 1355 2583 revocandum.
1423 2541 1539 2582 Nam

100 2609 198 2636 cum
220 2597 262 2638 in
282 2598 495 2649 omnibus,
514 2615 610 2656 quae
629 2608 816 2656 aguntur
846 2613 897 2640 ex
923 2614 974 2640 eo
995 2598 1141 2650 modo,
1162 2613 1248 2654 quo
1267 2597 1445 2653 quisque
1465 2611 1539 2637 na-

101 2659 171 2692 tus
191 2663 269 2706 est,
293 2659 360 2710 (ut
378 2669 504 2711 supra
534 2656 695 2699 dictum
716 2658 796 2709 est)
821 2655 925 2712 quid
945 2655 1108 2708 deceat,
1127 2654 1386 2711 exquirimus
1402 2670 1415 2704 3
1446 2661 1540 2694 tum

143 2770 184 2798 028
208 2777 288 2798 suum
300 2768 440 2810 quoddam
453 2769 617 2801 institutum
628 2770 799 2814 consequan—
886 2778 927 2804 29
949 2770 1030 2800 Nam
1059 2769 1136 2811 quod
1158 2767 1212 2808 H.]
1241 2769 1363 2800 Verum
1386 2774 1433 2798 est
1457 2766 1542 2810 quod.

103 2808 165 2849 tur]
194 2811 214 2841 i.
238 2821 266 2841 e.
297 2820 537 2852 persequantur,
566 2820 735 2854 sectentur,
763 2822 800 2847 ut
841 2823 920 2844 nam
945 2814 972 2843 ei
995 2814 1161 2852 respondet
1184 2813 1217 2844 in
1242 2818 1456 2853 consequente
1482 2811 1543 2842 hoc.

100 2851 168 2883 aliis
183 2853 270 2885 loeis.
281 2863 312 2884 v.
328 2855 416 2885 Clav.
841 2856 928 2888 male
942 2856 995 2887 alii
1015 2857 1160 2897 Namque.

160 2908 275 2938 VOL.
297 2909 365 2938 1v.
390 2911 428 2938 P.
452 2910 509 2939 11.
846 2913 872 2952 3
894 2911 924 2939 A
