1844 3202
252 114 330 155 772
779 110 856 148 DE
892 109 1161 149 OFFICIIS

251 217 387 259 lentes
418 216 514 269 sint,
549 224 594 258 et
629 217 866 259 habeantur
899 219 1114 260 salubres,
1146 219 1381 275 ignoretur,
1414 217 1457 260 in
1475 219 1692 264 omnibus

252 273 460 316 cubiculis
490 289 691 330 apparere
721 284 963 330 serpentes·
953 307 964 326 ,
997 275 1162 316 (3111510
1203 276 1447 327 materiatae,
1485 278 1694 318 ruinosae.

255 330 328 371 sed
356 331 453 382 1100,
488 342 640 386 pr‘eter
672 331 908 382 dominum,
937 347 1062 373 nemo
1096 333 1213 373 sciat.
1245 348 1406 388 quaero,
1427 333 1461 373 si
1493 333 1574 374 1100
1605 348 1696 374 em·-

254 386 420 428 toribus
441 388 631 429 venditor
652 403 736 429 non
757 388 921 438 dixeiit,
944 389 1137 444 aedesque
1170 390 1401 431 vendiderit
1431 389 1562 445 pluris
1582 390 1694 431 mul-

256 454 316 494 to,
343 459 468 500 quam
501 460 545 485 se
573 445 839 486 100111111111111
871 446 1043 500 putarit,
1074 451 1113 476 6⁴
1127 460 1228 486 num
1259 446 1302 487 id
1332 446 1499 502 injuste,
1530 462 1582 488 an
1613 446 1694 488 im-

193 510 242 542 55
256 502 388 556 probe
418 501 577 542 fecerit.
639 508 676 533 δὲ·
696 501 773 541 Ille
803 516 916 552 vero,
946 502 1083 557 inquit
1114 502 1350 557 Antipater,
1371 503 1473 559 quid
1492 504 1604 544 enim
1632 511 1698 544 est

150 847 248 882 μω.

255 557 386 607 aliud,
408 558 561 598 erranti
585 558 691 598 viam
714 572 798 598 non
817 568 1064 610 monstrare,
1091 558 1222 614 (quod
1242 558 1422 601 Athenis
1441 561 1696 601 exsecratio-

257 615 380 656 nibus
414 614 593 670 publicis
611 614 820 655 sancitum
841 617 936 666 est,)
971 615 1002 655 si
1037 615 1118 656 1100
1150 630 1234 655 11011
1266 623 1344 666 est,
1375 625 1581 657 emtorem
1609 616 1697 671 pati

256 686 391 721 ruere,
414 684 456 712 et
483 686 555 725 per
585 685 773 712 errorem
803 672 844 712 in
865 671 1090 712 maximam
1112 671 1302 713 fraudem
1326 672 1568 714 incurrere?
1602 673 1697 728 plus

255 728 382 768 etiam
414 737 492 778 est,
523 743 650 784 quam
680 728 787 769 viam
819 742 902 768 non
933 738 1180 770 monstrare.
1212 743 1307 768 nam
1340 738 1403 769 est
1433 729 1631 770 scientem
1653 744 1697 769 ln

257 799 443 826 errorem
465 784 642 826 alterum
665 784 876 826 inducere.
934 786 1152 841 Diogenes
1171 796 1343 827 contra:
1374 786 1493 826 Num
1515 795 1555 827 te
1579 800 1697 827 eme-

259 855 303 882 re
333 847 422 882 coe'
412 841 490 895 git,
523 841 595 896 qui
626 856 677 882 ne
707 841 898 883 hortatus
929 841 1098 897 quidem
1128 844 1222 883 est?
1255 842 1340 893 ille,
1361 842 1477 897 quod
1503 858 1586 884 non
1608 843 1698 898 pla-

242 898 396 949 ·cebat,
427 897 700 953 prosmipsit:
732 907 794 947 tu,
825 899 939 953 quod
970 898 1177 953 placebat,
1213 898 1366 939 emisti.
1399 899 1514 954 quod
1556 899 1589 940 si
1626 914 1698 954 qm

258 954 542 1009 proscribunt,
581 967 778 994 viLLAM
824 968 1022 1005 BONAM,
1060 969 1301 996 BENEQUE
1340 969 1699 1006 AEnxrchiAxr,

259 1025 344 1051 non
366 1010 658 1051 existimantur
679 1010 898 1074 fefellisse,
911 1011 1036 1051 etiam
1061 1012 1095 1051 si
1115 1011 1186 1052 illa
1206 1025 1281 1051 nec
1311 1011 1425 1051 bona
1445 1022 1522 1062 est,
1542 1026 1619 1052 nec
1641 1027 1698 1052 ae-

258 1066 428 1107 dificata
456 1067 643 1117 ratione3
675 1066 812 1108 multo
843 1067 960 1107 minu
964 1082 997 1117 s,
1029 1067 1098 1123 qui
1132 1067 1309 1108 domum
1341 1083 1424 1108 11011
1464 1067 1700 1109 laudarunt.

260 1124 349 1164 Ubi
368 1124 480 1164 enim
503 1122 712 1179 judicium
747 1123 922 1164 emtoris
946 1132 1025 1174 est,
1046 1124 1104 1164 ibi
1127 1124 1239 1165 fraus
1259 1124 1486 1165 venditoiis
1505 1140 1599 1180 quae
1621 1139 1701 1180 po-

258 1188 342 1222 test
371 1181 494 1221 esse?
529 1180 591 1221 sin
629 1189 771 1221 autem
812 1180 972 1222 dictum
1013 1196 1096 1222 non
1135 1195 1260 1222 omne
1298 1181 1584 1246 praestandum
1622 1190 1702 1232 cst,

259 1236 375 1293 quod
397 1237 558 1278 dictum
589 1252 671 1278 non
705 1246 783 1288 est,
812 1237 855 1278 id
886 1237 1172 1292 praestandum
1192 1239 1347 1293 putas?
1380 1238 1496 1293 Ouid
1524 1253 1619 1279 vero
1637 1247 1702 1279 est

259 1294 447 1345 stultius,
476 1309 605 1349 quam
634 1294 909 1344 venditorem,
932 1293 1021 1350 ejus
1051 1294 1124 1344 rei,
1146 1309 1288 1359 quam·
1301 1295 1465 1345 vendat,
1486 1295 1583 1335 vitia
1605 1309 1702 1336 nar-

259 1352 380 1392 rare?
414 1351 515 1407 quid
546 1359 688 1392 autem
720 1360 805 1392 tam
837 1351 1083 1399 absurdum,
1105 1366 1231 1407 quam
1257 1351 1291 1392 si
1321 1326 1515 1392 domitii
1500 1366 1624 1407 jussu
1643 1351 1704 1393 ita

198 1422 403 1464 55praeco
420 1407 648 1463 praedicet?
674 1421 868 1449 DoMUM
892 1421 1255 1452 ,PESTILENTEM
1283 1422 1475 1450 VENDO.
1507 1409 1576 1449 Sic
1596 1422 1704 1464 ergo

260 1466 303 1506 in
335 1464 590 1520 quibusdam
618 1464 755 1506 causis
781 1464 920 1505 dubiis
948 1479 998 1506 ex
1022 1464 1153 1506 altera
1172 1474 1290 1520 parte
1311 1464 1551 1506 defenditur
1569 1465 1703 1506 hone-

259 1532 359 1573 stas,
381 1536 433 1562 ex
453 1521 584 1562 altera
603 1520 662 1561 ita
680 1520 733 1562 de
754 1521 934 1563 utilitate
954 1521 1121 1571 dicitur,
1143 1532 1191 1562 ut
1221 1521 1278 1572 id,
1300 1521 1415 1577 quod
1437 1522 1539 1562 utile
1561 1521 1702 1563 videa-

261 1586 344 1629 tur,
367 1593 451 1620 non
481 1577 613 1618 modo
639 1578 776 1619 facere
800 1577 1027 1619 honestum
1055 1577 1137 1619 sit:
1169 1578 1242 1618 sed
1271 1579 1414 1628 etiam,
1447 1593 1531 1619 non
1551 1578 1703 1629 facere,

261 1645 398 1691 turpe.
458 1635 567 1675 Haec
596 1643 662 1676 est
685 1635 771 1685 illa,
792 1649 887 1690 quae
919 1634 1081 1676 videtui
1102 1634 1268 1675 utilium
1292 1634 1377 1675 fieri
1397 1650 1494 1676 cum
1517 1635 1704 1676 honestis

263 1706 376 1747 saepe
397 1690 617 1744 dissensio.
676 1692 785 1732 Ouae
817 1690 1089 1754 dijudicanda
1119 1700 1229 1731 sunt.
1256 1705 1340 1732 non
1366 1692 1492 1742 enim,
1513 1700 1560 1733 ut·
1583 1706 1702 1755 quae-

200 1768 249 1808 57
264 1763 466 1799 remmus,
493 1748 780 1803 exposuimus,
802 1747 874 1788 sed
906 1757 954 1788 ut
981 1746 1303 1801 explicaremus.
1361 1748 1464 1789 Non
1492 1748 1623 1804 igitur
1642 1763 1702 1788 vx-

263 1805 386 1846 detur
418 1819 492 1846 nec
523 1810 563 1835 66
582 1804 880 1846 frumentarius
898 1804 970 1845 ille
1001 1803 1205 1856 Rhodios,
1227 1819 1303 1845 nec
1333 1804 1401 1845 hic
1429 1804 1585 1846 aedium
1605 1819 1705 1845 ven-

262 1862 377 1903 ditor
395 1861 531 1904 celare
562 1870 745 1903 emtores
773 1861 982 1918 debuisse
1042 1867 1079 1898 67
1100 1862 1253 1925 Neque
1272 1861 1386 1902 enim
1406 1861 1450 1902 id
1470 1871 1534 1903 est
1554 1861 1704 1912 celare,

261 1918 468 1984 quidquid
490 1919 693 1960 reticeas.
723 1917 796 1959 sed
817 1933 931 1969 cum,
951 1917 1067 1974 quod
1095 1925 1143 1958 tu
1163 1933 1284 1969 scias,
1305 1918 1378 1959 id'
1367 1932 1563 1973 ignorare
1582 1931 1704 1959 emo-

261 1976 443 2018 iumenti
472 1975 534 2016 tui
563 1990 692 2016 causa
719 1974 818 2016 velis
849 1989 937 2025 eos,
958 1989 1141 2038 quorum
1171 1974 1334 2015 intersit
1363 1975 1404 2015 1(1
1425 1975 1543 2015 scire.
1603 1975 1704 2015 Hoc

262 2042 407 2074 autem
427 2032 593 2074 celandi
611 2047 746 2087 genus
766 2031 892 2096 quale
912 2031 979 2082 sit,
1001 2039 1043 2072 et
1062 2030 1183 2087 cujus
1204 2031 1402 2082 11011111115,
1422 2031 1516 2086 quis
1537 2045 1623 2071 non
1643 2031 1703 2074 vi-

262 2090 360 2131 det
351 2091 365 2117 ³
396 2097 510 2130 certe
538 2104 623 2129 non
643 2088 792 2152 aperti,
812 2102 897 2129 non
918 2087 1135 2143 simplicis,
1153 2102 1236 2129 non
1265 2087 1452 2151 ingenui,
1473 2102 1558 2128 non
1579 2086 1702 2143 justi,

264 2160 351 2189 non
370 2146 446 2187 viri
466 2145 582 2196 boni,
602 2144 757 2186 versuti
778 2145 935 2200 potius,
957 2145 1141 2195 obscuri,
1159 2144 1303 2195 astuti,
1324 2143 1497 2196 fallacis,
1517 2144 1703 2185 malitio-

264 2203 313 2253 si,
333 2202 489 2253 callidi,
512 2202 767 2253 veteiatoris,
786 2201 902 2242 vafri.
923 2201 1015 2243 haec
1047 2209 1112 2241 tot
1138 2210 1182 2243 et
1213 2200 1294 2241 alia
1323 2200 1459 2257 plura,
1481 2214 1619 2242 nonne
1639 2200 1702 2241 in-

264 2259 370 2302 utile
389 2268 467 2305 est.
488 2259 685 2300 vitiorum
706 2258 847 2299 subire
868 2258 1069 2299 nomina?

185 2320 256 2367 14.
322 2316 452 2374 Quod
473 2316 507 2357 si
527 2315 791 2372 vituperandi
809 2324 921 2367 sunt,
943 2314 1015 2371 qui
1036 2314 1317 2356 reticuerunt:
1347 2313 1451 2371 quid
1471 2313 1523 2356 de
1544 2313 1594 2355 iis
1615 2312 1702 2354 exi-

201 2393 252 2425 58

309 2458 347 2484 63
372 2453 447 2483 male
470 2459 540 2484 mat.
565 2453 699 2493 ruinosae]
726 2454 869 2484 Pearcius
884 2455 965 2484 bene
1008 2464 1075 2483 num
1091 2452 1163 2494 qnid
1176 2463 1231 2492 pro
1247 2463 1313 2482 num
1329 2451 1370 2482 121.

264 2497 334 2526 addi
360 2497 428 2526 vult
450 2497 509 2526 sint
530 2504 560 2527 et
582 2497 676 2527 deleri
693 2498 750 2527 ml.
767 2506 965 2536 quamquam
1051 2503 1089 2526 05
1119 2495 1171 2525 Ille
1186 2495 1268 2534 vcro]
1289 2496 1341 2525 Est
1354 2494 1562 2525 adfirmantis.

264 2539 323 2569 sint
339 2550 354 2569 e
369 2540 581 2579 superioribus
601 2541 692 2578 repeti
710 2548 741 2570 et
763 2540 893 2579 intelligi
910 2549 965 2579 po-
1051 2544 1091 2568 66
1107 2539 1203 2578 frum.
1218 2538 1267 2567 ille
1280 2537 1414 2577 Rhodios]
1430 2539 1506 2568 Mss.
1519 2537 1636 2577 pluroe,
1649 2537 1707 2566 eti-

263 2589 344 2613 10511
368 2590 476 2613 lamen
495 2584 609 2613 melius
624 2585 766 2613 addatur.
1007 2592 1060 2612 am
1078 2582 1458 2613 G‹›th.1)uisb.habent
1473 2580 1610 2616 Rhodius,
1629 2580 1708 2610 item

308 2631 350 2657 64
373 2637 437 2655 mm.
467 2626 496 2653 ²1!
516 2625 620 2666 injuste
642 2637 680 2654 an
701 2625 823 2664 improbe
835 2624 960 2665 faerit]
1007 2626 1077 2655 edd.
1099 2625 1192 2662 Μῦς.
1215 2625 1285 2654 Col.
1311 2625 1405 2654 Rom.
1427 2630 1458 2654 et
1479 2623 1559 2653 aliae.
1577 2623 1708 2661 recepit—

263 2669 340 2699 Non
362 2669 464 2708 piacet
487 2671 560 2699 hoe.
607 2669 750 2699 Pfflrcius
765 2679 778 2697 e
798 2669 876 2699 Mis.
892 2669 964 2707 qui·
1007 2678 1069 2708 que
1086 2668 1241 2698 Pearcius.
1262 2668 1357 2697 male.
1377 2673 1453 2698 sunt
1468 2667 1555 2696 enim
1572 2666 1636 2695 duo
1652 2666 1706 2696 hic

263 2712 324 2742 bus
347 2713 505 2743 consentit
527 2713 624 2742 Got‘n.
649 2712 726 2741 Cur.
748 2718 779 2741 et
800 2712 870 2742 edd.
888 2718 962 2741 vett.
1007 2710 1166 2750 exempla,
1185 2712 1381 2741 frumentarii
1398 2718 1428 2740 et
1446 2703 1615 2739 venditoris
1631 2709 1708 2738 aedi-

262 2765 293 2785 v.
310 2765 339 2785 c.
358 2756 451 2786 Rom.
470 2757 596 2794 corrigit
619 2761 671 2784 emt
692 2754 826 2793 improbe.
850 2756 903 2784 <ed
921 2754 965 2783 in·
1007 2764 1079 2790 um,
1097 2754 1149 2784 ille
1164 2755 1246 2785 celat
1263 2755 1415 2790 Rhodios,
1433 2753 1485 2782 hic
1501 2759 1649 2782 emtores

251 2798 336 2836 juste
356 2806 386 2828 et
408 2798 533 2837 improbe
551 2799 636 2828 idem
653 2804 711 2834 est,
729 2799 834 2836 itaque
850 2797 964 2827 malim
1051 2803 1088 2832 67
1116 2798 1217 2840 Neque
1232 2798 1307 2829 enim
1319 2797 1353 2828 id
1365 2805 1407 2828 est
1421 2795 1527 2837 celare]
1547 2794 1662 2826 Malim
1677 2793 1711 2824 id

261 2843 416 2881 corrigere
437 2850 536 2884 atque.
560 2842 625 2874 Ms.
648 2842 724 2873 Cur.
747 2843 845 2872 etiam
868 2841 965 2872 habet
1006 2841 1126 2873 abesse.

1842 675 1844 681 .
1842 659 1844 664 .
1840 531 1844 637 ,-.---
1837 228 1844 522 “mama—*vv-
