1844 3202
242 114 340 157 “744
783 109 863 148 DE
898 108 1164 149 OFFICIIS
1225 118 1229 122 ⁴

258 233 344 260 non
365 217 418 260 de
436 224 479 259 te
497 225 577 270 est,
596 217 669 260 sed
690 217 743 260 de
761 231 917 283 genere
941 228 1048 261 toto.
1078 219 1355 275 quamobrem
1384 232 1611 275 pergamus
1639 220 1694 263 ad

195 283 322 325 46ea,
342 290 436 331 qua
455 283 627 317 restant
686 276 751 317 Ut
779 275 912 331 igitur
940 276 982 317 in
996 276 1182 340 reliquis
1214 276 1338 317 rebus
1368 277 1505 317 multo
1533 278 1697 333 major-a

215 336 247 367 b·
261 341 359 373 sunt
377 346 505 387 opera
524 332 666 383 animi,
688 347 814 396 quam
840 333 1056 396 corporis:
1088 333 1146 373 sic
1166 332 1231 373 hae
1252 348 1331 383 res,
1353 348 1456 388 quas
1478 334 1695 398 persequi-

258 403 356 430 mur
372 389 544 444 ingenio
570 403 618 430 ac
643 390 817 439 ratione,
838 388 1050 443 graviores
1072 399 1183 439 sunt,
1205 404 1331 444 quam
1354 390 1452 440 illae,
1474 405 1577 445 quas
1597 391 1695 431 viri-

241 445 353 487 -bus.
415 447 550 486 Prima
584 446 714 501 igitur
750 445 1062 486 commendatio
1099 445 1377 500 proficiscitur
1411 462 1436 487 a
1470 446 1695 497 modestia,

259 509 353 543 tum
374 501 529 557 pietate
549 502 590 543 in
613 510 819 557 parentes,
841 511 931 543 tum
952 502 994 542 in
1016 516 1114 542 suos
1133 502 1437 543 benevolentia.
1480 503 1694 544 Facillime

256 567 400 600 autem
421 567 462 599 et
482 558 525 599 in
547 559 750 613 optimam
774 567 935 622 parterii
955 569 1273 613 cognoscuntur
1302 559 1601 608 adolescenteS‚
1623 560 1694 614 qui

257 629 303 656 se
332 615 387 656 ad
414 615 547 656 claros
577 624 620 656 et
647 616 851 669 sapientes
873 631 909 655 vi
914 630 995 665 ros,
1016 616 1120 655 bene
1142 615 1407 656 consulentes
1435 616 1692 670 reipublicae,

242 671 546 712 contulerunt:
571 672 753 728 4⁵quibu
758 686 874 712 scum
895 672 929 712 si
947 673 1189 727 irequentes
1205 681 1314 721 sunt,
1331 673 1572 736 opinionem
1592 673 1694 712 affe-

258 738 355 769 runt
374 728 548 783 popuIO,
567 735 606 761 46
620 743 764 769 eorum
783 728 873 769 fore
890 728 1060 779 similes,
1063 743 1184 792 ’quos
1202 729 1306 769 sibi
1298 730 1374 792 11151
1393 744 1407 769 c
1409 729 1623 791 lelegerint
1645 727 1700 769 ad

195 790 246 831 47
259 784 525 825 mutandum
585 786 628 825 P.
653 786 797 825 Rutilii
818 785 1141 826 adolescentiam
1167 785 1217 825 ad
1239 800 1306 839 op
1314 785 1407 825 nior
1402 800 1479 825 em
1502 795 1544 825 et
1570 799 1693 826 nmo·

257 841 423 891 centice,
443 841 547 897 etju
553 841 606 882 xis
627 842 826 893 scientiae,
850 844 894 882 P.
915 842 1051 882 Mucii
1072 843 1381 882 coi.›1nen‹lnit
1403 842 1692 883 (loirius.11am

256 899 308 939 L.
332 897 503 952 quidem
524 898 716 948 Crassus,
737 913 836 939 cum
857 908 964 938 esset
986 898 1214 938 admodum
1237 898 1496 961 adolescens,
1517 913 1601 938 non
1622 899 1698 938 ali-

257 953 372 995 unde
391 961 610 995 mutuatus
639 963 717 1004 est,
739 954 813 995 sed
844 954 922 995 sibi
954 955 1043 1009 ipse
1074 955 1238 1009 peperit
1266 955 1493 1004 maximam
1530 955 1698 995 laudem

257 1025 310 1051 ex
337 1017 374 1047 47
391 1010 464 1050 illa
495 1010 762 1051 accusatione
796 1011 928 1051 nobili
965 1020 1008 1051 et
1036 1011 1237 1065 gloriosa.
1267 1020 1323 1061 et,
1355 1026 1439 1066 qua
1469 1021 1592 1051 aetate
1624 1010 1697 1075 qui

255 1075 519 1118 exercentur,
551 1066 675 1108 laude
705 1067 813 1108 affici
842 1066 994 1118 solent,
1031 1071 1094 1120 (ut
1125 1067 1177 1108 de
1210 1068 1319 1108 Den.
1326 1067 1500 1108 osthene
1533 1068 1699 1123 accepi-

257 1125 370 1177 mus)
394 1138 444 1164 ea
462 1131 584 1165 aetate
604 1125 654 1165 L.
679 1123 857 1165 Crassus
878 1123 1077 1175 ostendit,
1097 1124 1139 1165 id
1164 1139 1207 1165 se
1233 1125 1273 1164 in
1301 1125 1393 1165 loro
1416 1124 1576 1179 optime
1601 1139 1693 1179 Jtm

259 1180 410 1232 facere,
431 1180 547 1236 quod
568 1189 607 1213 48
623 1180 751 1222 etiam
773 1188 864 1222 tum
885 1190 1050 1236 poterat
1075 1180 1191 1222 dorni
1213 1195 1308 1222 eum
1339 1181 1462 1222 laude
1490 1180 1632 1221 niedit
1625 1181 1699 1222 iri.

179 1230 248 1278 14
261 1237 343 1278 Sed
373 1253 471 1279 cum
496 1237 653 1293 duplex
682 1238 790 1279 ratio
819 1237 874 1278 sit
897 1237 1113 1288 orationis,
1134 1252 1313 1293 quarum
1342 1238 1383 1278 in
1406 1238 1536 1278 altera
1557 1253 1584 1277 5
1580 1253 1648 1278 ;“;1·1
1656 1252 1696 1278 :o

194 1303 246 1337 48
260 1294 328 1345 sit,
362 1293 405 1335 in
437 1294 568 1336 altera
602 1294 848 1336 contentio.
881 1309 964 1335 non
999 1302 1062 1335 est
1093 1294 1136 1335 id
1167 1293 1336 1349 quidem
1368 1295 1544 1335 dubium
1539 1325 1564 1344 .,
1595 1295 1698 1350 quin

256 1351 475 1392 contentio
502 1351 703 1392 orationis
734 1353 937 1407 majorem
969 1351 1052 1392 vim
1085 1350 1239 1392 habeat
1261 1351 1313 1392 ad
1339 1351 1534 1406 gloriam.
1565 1366 1615 1391 ea
1634 1359 1699 1392 est

258 1408 387 1459 enim,
410 1422 538 1464 quam
566 1408 852 1464 eloquentiam
882 1408 1076 1449 dicimus.
1108 1408 1181 1448 sed
1211 1417 1352 1448 tamen
1385 1407 1552 1449 difficile
1579 1407 1698 1449 dictu

259 1473 341 1515 est,
364 1473 623 1529 quantopere
645 1465 843 1506 conciliet
873 1465 1035 1506 animos
1066 1464 1286 1506 hominum
1316 1464 1494 1505 comitas
1525 1464 1703 1505 affabili-

259 1529 408 1578 tasque
434 1522 652 1563 sermonis.
711 1523 890 1563 Exstant
918 1521 1124 1577 epistolae,
1149 1531 1192 1562 et
1218 1521 1399 1577 Philippi
1429 1522 1483 1562 ad
1512 1521 1700 1562 Alexan-

259 1577 399 1630 drum,
420 1587 461 1619 et
489 1578 706 1633 Antipatri
735 1578 791 1619 ad
822 1578 1122 1629 Cassandrum,
1143 1586 1186 1619 et
1214 1578 1426 1633 Antigoni
1456 1577 1509 1618 ad
1541 1578 1700 1633 Philip-

259 1648 362 1690 pum
392 1635 541 1685 filium,
571 1635 701 1675 trium
728 1634 1170 1698 prudentissimorum,
1196 1635 1272 1685 (sic
1300 1635 1411 1675 enim
1438 1635 1695 1690 accepimus)

259 1692 413 1747 quibus
435 1692 699 1747 praecipiunt,
721 1700 768 1732 ut
796 1690 986 1732 oratione
1015 1691 1200 1746 benigna
1228 1691 1510 1732 multitudinis
1536 1692 1700 1732 animos

257 1748 313 1789 ad
333 1748 667 1790 benevolentiam
691 1747 891 1799 alliciant,
911 1747 1150 1802 militesque
1179 1748 1332 1789 blande
1352 1747 1603 1803 appellando
1625 1747 1700 1789 de-

151 1824 182 1854 p.
196 1819 246 1844 432
259 1805 432 1846 leniant.
492 1806 602 1847 Quae
625 1813 765 1846 autem
797 1804 839 1845 in
865 1803 1138 1845 multitudine
1159 1819 1257 1846 cum
1278 1804 1547 1845 contentione
1568 1804 1702 1863 habc-

218 1866 247 1887 ²·
260 1869 330 1903 tur
350 1862 500 1913 oratio,
522 1876 572 1902 ea
590 1875 700 1917 saepe
722 1861 954 1902 universam
977 1861 1146 1902 excitat.
1205 1863 1373 1917 Magna
1401 1870 1465 1902 est
1490 1861 1603 1902 enim
1624 1861 1702 1903 ad·

236 1918 429 1960 miratio
461 1919 648 1983 copiose,
677 1919 969 1974 sapienterque
999 1917 1204 1958 dicentis:
1244 1933 1370 1974 quem
1401 1917 1473 1973 qui
1507 1917 1701 1970 audiunt,

257 1975 497 2039 intelligere
524 1976 667 2026 etiam,
689 1984 732 2016 et
761 1989 905 2030 sapere
936 1974 1046 2029 plus,
1070 1989 1197 2030 quam
1228 1985 1406 2025 ceterOS,
1429 1974 1700 2016 arbitrantur.

259 2032 305 2073 Si
324 2047 421 2073 vero
442 2033 551 2074 inest
579 2031 622 2072 in
652 2032 844 2073 oratione
871 2030 998 2071 mista
1027 2030 1247 2072 modestiae
1267 2031 1464 2086 gravitaS‚
1486 2031 1543 2071 nil
1564 2030 1701 2072 admi-

259 2089 432 2130 rabilius
452 2088 545 2129 fieri.
559 2096 725 2152 potest3
757 2102 893 2143 eoque
912 2087 1063 2142 magiS,
1086 2088 1120 2128 si
1149 2102 1200 2128 ea
1229 2096 1327 2128 sunt
1350 2087 1392 2127 in
1420 2087 1700 2129 adolescente.

194 2147 248 2190 49
261 2144 359 2196 Sed,
379 2154 420 2179 49
437 2160 534 2186 cum
565 2145 648 2185 sint
683 2145 804 2200 plura
834 2158 1055 2185 causarum
1084 2158 1255 2199 genera,
1286 2159 1380 2199 quae
1411 2144 1700 2200 eloquentiam

259 2201 514 2253 desiderant,
530 2201 766 2256 multique
758 2216 799 2241 m
819 2210 963 2241 nostra
981 2200 1198 2255 republica
1217 2200 1504 2242 adolescentes
1525 2211 1568 2242 et
1587 2199 1700 2256 apud

251 2257 434 2314 111ἀὶοε5,
449 2266 491 2298 et
507 2257 619 2312 apud
636 2267 828 2299 senatum
845 2256 1025 2298 dicendo
1047 2256 1215 2298 laudem
1238 2257 1417 2298 assecuti
1439 2257 1702 2307 sint3n1axi-

236 2329 330 2356 .ma
349 2314 572 2356 admiratio
592 2323 656 2355 est
683 2315 725 2355 in
751 2313 948 2370 judiciis:
981 2328 1162 2369 quorum
1183 2314 1290 2355 ratio
1311 2313 1467 2369 duplex
1487 2321 1566 2356 est.
1598 2328 1697 2355 nam

258 2385 310 2412 ex
330 2371 610 2422 accusatione,
631 2379 674 2412 et
693 2370 937 2412 defensione
965 2379 1156 2411 constat.
1191 2385 1369 2426 quarum
1399 2370 1477 2410 etsi
1507 2369 1701 2411 laudabi-

257 2427 339 2470 lior
358 2436 422 2469 est
441 2427 644 2479 defensio,
664 2436 806 2469 tamen
825 2428 955 2469 etiam
981 2427 1194 2468 accusatio
1214 2426 1393 2482 probata
1413 2441 1601 2482 persaepe
1620 2435 1699 2468 est.

361 2552 609 2595 ffisifrcquentes
623 2550 700 2590 sunt]
718 2551 769 2581 Sic
785 2551 881 2581 habet
893 2550 956 2580 Ms.
1000 2549 1042 2579 ob
1057 2549 1244 2580 seditionem
1266 2549 1502 2581 Gracchanum.
1522 2559 1552 2580 v.
1569 2550 1608 2580 ad
1625 2550 1699 2581 Div.

261 2562 380 2627 Duisbq
383 2576 489 2626 'Gom
505 2595 591 2634 quod
607 2594 722 2624 melius
738 2595 772 2624 h.
789 2594 810 2624 l.
827 2601 873 2623 est
888 2593 958 2622 vul·
1002 2593 1061 2628 IX,
1080 2600 1132 2622 21.

260 2647 333 2678 gato
348 2640 416 2669 sint.
1045 2642 1084 2665 48
1110 2635 1198 2664 etiam
1214 2633 1289 2674 tum]
1315 2636 1458 2666 Graevius
1482 2635 1570 2664 etiam
1592 2635 1703 2666 delen-

303 2688 344 2714 46
367 2692 461 2712 corum
473 2680 544 2721 flore
559 2692 586 2710 se
602 2678 719 2718 similes]
738 2679 845 2709 Nemo
868 2678 960 2708 haesit
1002 2679 1082 2708 dum
1109 2686 1208 2718 putat.
1233 2689 1298 2708 non
1327 2679 1420 2709 male.
1446 2679 1491 2709 sic
1517 2685 1547 2708 et
1574 2679 1701 2709 Pearcio

257 2726 292 2757 in
314 2737 362 2755 se:
386 2725 471 2765 quod
494 2733 552 2763 ego
573 2733 698 2762 semper
720 2723 827 2762 putavi
850 2723 957 2751 delen·
1000 2722 1105 2751 visum
1123 2728 1178 2750 cst.

257 2771 350 2798 dum.
379 2768 455 2808 quia
478 2768 575 2807 reperi
598 2766 705 2796 abesse
728 2775 746 2796 a
770 2766 834 2796 Ms.
857 2765 956 2795 Goth.
1044 2772 1085 2797 49
1108 2775 1171 2793 cum
1194 2764 1362 2806 sint—quae
1383 2763 1417 2794 d·
1411 2763 1560 2805 uiderant]
1581 2765 1700 2804 Legen-

256 2812 370 2841 delevi.
1001 2808 1080 2838 dum
1096 2814 1141 2837 est
1156 2807 1326 2840 desiderem.

301 2861 341 2888 47
367 2853 422 2883 illa
448 2852 628 2882 accusatione
657 2849 762 2893 nobili]
789 2851 956 2889 Carbonss,
