1844 3202
572 117 979 157 FRAGMENTA.
1419 125 1492 166 891

66 223 218 275 dicam,
238 238 509 281 quocumque
534 238 618 265 non
643 224 773 266 modo
794 239 928 276 mens,
948 239 1091 266 verum
1112 224 1238 266 etiam
1261 225 1373 266 oculi
1392 225 1497 267 inci·

66 281 202 322 derint
224 298 233 322 ε
265 283 381 323 curia
399 282 470 323 illa
488 280 539 322 de
564 281 811 336 gravissimo
837 281 1077 337 principatu
1097 281 1226 336 patris
1247 282 1498 323 fortissimo-

97 352 150 379 ue
186 346 378 380 testatur.
445 339 495 378 L.
531 337 619 392 ipse
651 338 868 389 Metellus,
901 352 1000 378 avus
1037 338 1179 394 hujus,
1214 338 1500 379 sanctissimos

99 408 171 435 eos
191 394 265 436 illo
287 393 553 436 constituisse
580 394 624 435 in
654 394 814 451 templo
842 394 1017 445 videtur,
1036 395 1077 436 in
1098 402 1232 435 vestro
1253 405 1502 449 conspectu,

64 449 244 506 judices,
265 459 313 492 ut
331 450 507 492 salutem
531 465 555 491 a
574 451 691 493 vobis
714 451 878 507 nepotis
900 452 963 493 sui
984 451 1321 509 deprecarentur.

132 505 377 548 CARISIUS
403 506 431 548 Z.
448 510 504 560 2.)
538 508 754 549 Universe.

128 563 368 616 Fnowro.)
398 563 499 606 Adii
519 578 666 606 causas
686 564 931 606 Oratorum.

127 619 255 672 Idem)
285 620 355 661 De
375 629 418 662 te
435 620 645 663 recordor.

127 675 256 729 Idem)
291 677 390 718 Hoc
419 677 589 718 nomine
616 678 777 729 audito,
797 678 915 734 quod
933 692 1008 735 per
1029 691 1176 720 omnes
1196 684 1345 733 gentes
1365 687 1509 731 perva-

76 739 224 787 gatum
245 741 324 774 est.

131 788 260 843 Idem)
296 790 345 830 In
363 790 434 832 illa
454 790 567 832 bona
584 790 775 832 invadere
798 790 916 832 nullo
937 789 1068 832 modo
1087 789 1308 846 potuisset.

757 879 837 921 Pro

449 958 505 999 A.
537 958 794 1000 GABINIO
827 958 1000 999 ORAT.
1023 958 1148 999 XIX.

138 1035 362 1078 HIERON.
382 1036 507 1092 Apol.
528 1037 718 1079 adversus
740 1037 803 1078 Ru
837 1037 964 1090 num.)
1007 1038 1101 1092 Ego
1121 1051 1219 1079 cum
1241 1050 1388 1077 omnes
1409 1035 1516 1077 ami-

82 1091 200 1133 citias
220 1092 395 1135 tuendas
417 1108 582 1150 semper
601 1093 743 1150 putavi
764 1108 930 1135 summa
949 1094 1153 1149 religione
1169 1103 1212 1135 et
1230 1093 1324 1144 fide,
1339 1101 1428 1134 tum
1447 1107 1517 1133 eas

82 1149 280 1200 maxime,
302 1164 398 1205 quae
419 1160 557 1192 essent
578 1165 628 1191 ex
649 1150 877 1192 inimicitiis
900 1159 1102 1192 revocatae
1121 1151 1163 1192 in
1180 1149 1360 1206 gratiam
1377 1167 1386 1190 ι
1418 1163 1518 1205 pro-

82 1212 239 1261 pterea,
254 1205 371 1261 quod
389 1207 562 1262 integris
583 1207 778 1248 amicitiis
797 1207 982 1248 officium
1000 1208 1342 1263 praetermissum,
1356 1206 1518 1262 impru-

84 1261 253 1312 dentiae,
282 1262 345 1303 vel
380 1265 443 1315 (ut
472 1264 639 1319 gravius
668 1264 1005 1320 interpretemur)
1044 1264 1315 1320 negligentiae
1347 1277 1520 1304 excusa-

84 1318 202 1359 tione
223 1318 486 1362 defenditur:
518 1329 615 1376 post
641 1320 823 1362 reditum
856 1321 897 1361 in
927 1321 1122 1377 gratiam,
1143 1322 1177 1361 si
1196 1320 1299 1377 quid
1319 1328 1383 1361 est
1403 1333 1522 1360 com-

87 1374 277 1427 missum,
299 1375 342 1417 id
361 1391 445 1417 non
467 1376 724 1433 neglectum,
743 1377 816 1418 sed
836 1378 1038 1419 violatum
1058 1386 1244 1434 putatur,
1264 1391 1341 1418 nec
1361 1376 1523 1431 impru-

89 1430 258 1484 dentiae,
277 1432 350 1474 sed
368 1433 553 1490 perfidiae
574 1433 789 1490 assignari.
801 1434 924 1476 solet.

651 1523 724 1565 Ad
745 1524 864 1566 Orat.
887 1538 964 1579 pro

611 1603 656 1644 P.
686 1603 728 1661 Q
740 1604 783 1645 U
796 1604 814 1644 I
827 1603 944 1645 NTI
958 1603 1012 1645 O.

150 1678 384 1733 ULPIAN.)
416 1680 571 1737 Turpis
592 1673 823 1722 occultatio
845 1680 922 1722 sui.

655 1779 729 1822 Ad
753 1780 872 1822 Orat.
892 1794 970 1836 pro

543 1860 760 1903 ROSCIO
793 1859 1081 1901 COMOEDO

490 1957 511 1984 e
538 1941 680 1983 Codice
707 1939 902 1995 mseripto
932 1939 1138 1982 Vaticano.

160 2026 194 2058 1.
226 2017 326 2060 Hoc
353 2017 434 2060 sibi
460 2019 640 2077 quisque
658 2026 883 2076 proponat,
904 2031 989 2074 quo
1012 2017 1150 2059 minus
1170 2014 1322 2057 fucatis
1344 2013 1534 2071 capiatur

101 2072 264 2116 officiis.

156 2139 196 2171 2.
228 2131 336 2172 Rara
354 2145 419 2173 res
439 2140 504 2173 est
522 2131 720 2174 amicitia.

156 2195 196 2228 3.
227 2186 345 2244 Quid
373 2188 485 2229 enim
516 2197 605 2230 tam
635 2188 812 2244 simplex
841 2194 1120 2243 apertumque
1149 2194 1227 2227 est.
1285 2183 1422 2240 Atqui
1451 2197 1536 2224 non

103 2250 188 2284 tam
209 2243 254 2284 in
273 2243 360 2286 alto
380 2244 484 2286 latet
503 2259 651 2287 aurum
671 2253 996 2301 argentumque.

160 2307 199 2341 4.
229 2301 372 2342 Hasce
393 2316 465 2343 ore
486 2301 658 2344 adverso
679 2301 787 2343 inuri
807 2300 1023 2343 cicatrices
1042 2313 1091 2340 ac
1108 2306 1229 2340 notas
1244 2297 1406 2339 virtutis
1426 2295 1536 2337 acci-

106 2353 219 2410 pitis,
240 2370 291 2398 ne
314 2357 431 2413 quod
458 2358 638 2414 accipiat
660 2358 774 2399 fama
794 2357 933 2399 vultus
953 2355 1245 2412 perhorrescit,
1265 2368 1393 2411 quem
1413 2366 1539 2395 num-

107 2426 236 2469 quam
255 2412 493 2456 incursione
514 2414 703 2456 hostium
722 2427 1004 2456 commovere.

165 2476 203 2510 5.
234 2470 336 2512 Erat
352 2485 521 2513 mecum
541 2480 683 2514 autem
701 2472 860 2528 ubique
881 2469 1053 2511 inveniri
1072 2468 1160 2510 sine
1179 2467 1270 2509 ullo
1287 2466 1431 2508 labore
1452 2465 1541 2506 sine

109 2522 197 2566 ulla
215 2525 548 2583 investigatione.

669 2615 742 2657 Ad
764 2615 883 2657 Orat.
904 2629 982 2671 pro

599 2695 667 2737 M.
706 2692 1054 2736 FONTEIO.

170 2771 438 2814 MARCELL.
459 2771 489 2814 l.
511 2773 589 2827 15.)
627 2772 741 2814 Galli
770 2769 950 2827 posthac
977 2769 1154 2813 dilutius
1180 2765 1407 2824 potabunt,
1426 2764 1544 2822 quod

111 2827 173 2871 issi
191 2843 397 2872 venenum
418 2843 508 2872 esse
528 2828 856 2873 arbitrabuntur.
