1844 3202
620 129 1026 169 coNsotA‘rm.
1450 139 1529 181 999

106 239 320 282 veritatem
340 239 564 288 intueatur,
584 252 792 294 sensuque
810 237 1026 293 percipiat,
1046 251 1142 278 eum
1162 237 1247 277 voti
1267 237 1331 279 sui
1350 252 1529 295 compo-

107 304 208 347 tem,
228 310 404 352 vereque
423 296 592 337 beatum
613 308 714 336 esse.
735 294 853 350 quod
872 294 907 336 si
926 295 1048 334 beata
1068 293 1150 334 vita
1165 294 1407 360 quaerenda
1410 295 1532 336 nobis

107 361 184 403 est,
215 367 291 393 nec
321 351 548 407 quidquam
579 351 828 406 fugiendum
860 349 1057 405 magis,q
1061 363 1157 389 uam
1190 363 1240 389 ne
1271 351 1531 392 miseriarum

107 410 311 472 gravitate
331 422 599 463 premamur:
631 408 733 462 quid
759 407 832 448 illo
858 407 1030 447 homine
1031 365 1233 455 qstultiUS,
1250 416 1323 446 aut
1340 406 1533 448 stolidius

107 464 276 519 reperiri
307 473 458 519 potest,
488 464 559 519 qui
590 473 821 504 ceterorum
855 472 990 504 morte
1020 463 1079 503 ita
1108 461 1290 516 angitur,
1322 471 1368 502 ut
1401 464 1534 504 beatae

109 520 202 561 vitae
225 520 396 583 oblitus,
417 520 626 570 miseram,
647 529 772 575 atque
793 519 1002 560 infelicem
1022 519 1317 559 consectetur?
1344 520 1535 573 profecto

109 577 219 617 enirn
251 576 309 616 ita
339 590 382 616 se
413 590 477 617 res
506 576 648 639 habet,
668 585 728 624 ut,
750 576 825 616 nisi
858 576 1020 638 mortis,
1042 574 1284 629 dolorisque
1313 574 1467 615 timore
1487 575 1538 615 li-

109 633 278 673 beratus
311 632 378 681 sit,
397 633 523 673 etiam
555 632 587 672 si
617 633 770 673 multas
800 632 1005 686 cognitas,
1037 640 1334 686 perceptasque
1364 631 1538 672 virtutes

109 688 275 738 habeat,
299 699 556 744 rectumque,
576 697 616 728 et
639 702 806 743 aequum
828 688 943 728 omni
964 689 1104 751 plane
1105 686 1276 728 utilitati
1295 697 1539 742 anteponat,

110 745 260 786 beatus
290 754 430 786 tamen
459 759 549 785 esse
579 759 703 785 nemo
734 744 879 799 possit.
911 743 1013 799 quid
1041 743 1152 785 enim
1184 743 1297 784 aliud
1318 743 1438 784 dolor
1459 752 1538 808 est,

112 800 190 842 nisi
209 801 418 842 cruciatus
445 800 586 849 animi,
606 801 724 855 isque
783 801 1008 855 erpetuus?
1041 799 1141 855 quid
1162 799 1277 840 aliud
1297 800 1438 851 timor,
1460 800 1540 841 nisi

114 856 305 898 assiduus
338 856 559 897 invisarum
594 870 643 897 ac
678 815 946 898 molestarum
979 871 1119 897 rerum
1153 858 1323 896 metus?
1371 867 1414 897 at
1454 870 1540 912 quo

114 913 244 954 modo
261 912 372 964 felix,
393 923 466 954 aut
485 914 632 954 beatus
652 927 741 953 esse
762 913 928 977 poterit,
951 913 1021 969 qui
1042 912 1208 953 assiduo
1229 913 1431 964 cruciatu,
1449 927 1541 954 me-

115 979 245 1025 tuque
274 969 525 1024 urgebitur?
558 969 672 1025 Ouin
702 984 754 1010 eo
784 969 988 1033 miserior,
1005 979 1135 1033 ‘atque
1167 969 1369 1009 infelicior
1398 969 1541 1010 existi-

115 1026 220 1066 mari
249 1025 389 1076 debet,
412 1025 525 1080 quod
556 1040 638 1066 non
669 1025 807 1066 solum
839 1025 948 1066 sibi
938 1025 1016 1081 ipsi
1036 1025 1288 1074 molestiam,
1309 1025 1540 1066 miseriam-

115 1096 198 1138 que
220 1082 496 1136 comparabit,
517 1082 587 1122 sed
618 1081 657 1122 in
685 1093 920 1123 ceterorum
942 1083 1070 1122 etiam
1091 1096 1343 1132 sermonem,
1363 1096 1411 1122 ac
1433 1082 1539 1123 vitu-

116 1139 375 1202 perationem
395 1138 590 1179 incurret.
610 1138 712 1178 nihil
733 1139 844 1179 enim
864 1139 993 1179 nimio
1013 1137 1157 1179 dolore
1176 1137 1421 1188 deformius,
1439 1138 1543 1179 nihil

116 1209 140 1236 a
169 1194 256 1236 viro
284 1194 472 1236 alienius.
504 1204 560 1246 et,
589 1194 623 1235 si
652 1195 838 1249 corporis
868 1194 1138 1250 pravitatibus
1165 1194 1412 1249 vituperatio
1443 1208 1541 1249 pro-

116 1251 254 1315 posita
273 1260 352 1302 est,
371 1251 478 1292 vitiis
498 1252 612 1306 ipsis,
634 1251 785 1314 quibus
806 1251 969 1292 laborat
986 1266 1163 1299 animus,
1183 1251 1286 1291 nihil
1317 1250 1542 1306 turpitudi-

118 1307 195 1357 nis,
229 1307 333 1348 nihil
362 1308 550 1349 inuretur
584 1307 795 1348 inr'amiae?
830 1307 907 1348 Illa
936 1322 1031 1347 vero
1064 1317 1106 1348 et
1137 1307 1327 1362 graviora
1359 1316 1469 1358 sunt,
1501 1319 1545 1348 et

118 1363 269 1419 majori
307 1364 662 1405 animadversione
700 1363 955 1413 vindicanda,
989 1378 1074 1427 quo
1112 1362 1375 1415 nobiliorem,
1415 1379 1544 1419 quam

118 1434 271 1475 corpus
307 1430 385 1471 est,
422 1420 579 1471 sedem,
616 1434 766 1484 nempe
803 1419 992 1460 animum
1032 1420 1183 1483 ipsum,
1220 1430 1544 1476 occupaverunt.

120 1477 236 1532 quod
267 1477 301 1517 si
331 1477 462 1531 turpis
483 1477 604 1518 dolor
634 1477 802 1526 nimius,
832 1485 874 1516 et
904 1476 1204 1540 vituperatione
1234 1475 1402 1531 dignus,
1432 1486 1546 1518 certe

119 1533 225 1574 illud
254 1542 549 1589 consequetur,
579 1542 640 1583 ut,
671 1533 742 1588 qui
776 1533 905 1573 nimio
935 1531 1070 1573 dolori
1099 1532 1281 1596 seipsum
1313 1532 1466 1584 tradat,
1496 1547 1548 1574 ne

118 1588 244 1630 laude
264 1589 434 1654 quidem
454 1589 539 1630 ulla
560 1589 713 1644 dignus
735 1599 966 1629 censeatur.
987 1598 1051 1629 est
1071 1589 1183 1629 enim
1205 1589 1330 1629 series
1351 1589 1547 1645 quaedam

120 1645 300 1686 maxime
323 1645 482 1686 veritati
504 1655 797 1695 consentanea,
817 1655 865 1685 ut
894 1644 1207 1695 sententiarum,
1228 1645 1286 1686 sic
1308 1660 1474 1687 rerum:
1506 1655 1549 1686 et

121 1701 510 1766 quemadmodum'
502 1717 543 1742 in
575 1716 782 1752 sermone,
804 1701 1168 1756 disputationeque
1197 1712 1339 1742 nostra
1368 1702 1550 1744 nectitur

121 1757 236 1799 aliud
263 1772 312 1798 ex
341 1758 469 1808 alio,
459 1769 518 1799 ita
535 1758 608 1813 qui
628 1772 670 1798 se
688 1772 772 1798 una
790 1757 929 1813 aliqua
950 1758 1013 1798 vel
1032 1757 1312 1821 deformitate,
1332 1758 1394 1799 vel
1414 1759 1548 1814 turpi-

120 1813 267 1855 tudine
287 1814 490 1869 implicari
511 1814 682 1870 patitur,
700 1814 844 1854 multis
865 1813 1004 1854 statim
1026 1813 1216 1863 miseriis,
1235 1829 1283 1855 ac
1303 1814 1548 1856 deformita-

122 1870 237 1911 tibus
265 1871 540 1927 opprimetur.
598 1872 693 1912 Nec
722 1885 818 1911 vero
848 1869 962 1911 credi
992 1870 1128 1921 velim,
1158 1886 1242 1922 me,
1277 1871 1376 1926 quia
1411 1871 1549 1913 dolori

124 1926 255 1967 nimio
277 1941 523 1982 repugnem,
545 1927 698 1968 iccirco
726 1926 916 1967 dolorem
943 1926 1058 1968 omni
1083 1941 1133 1967 ex
1161 1936 1277 1982 parte
1297 1928 1549 1983 improbare,

126 1997 356 2047 omnesque
387 1984 499 2038 illius
532 1999 581 2024 ex
614 1984 754 2024 animo
787 1983 908 2024 fibras
943 1982 1174 2024 evellendas
1205 1984 1454 2025 existimare.
1485 1995 1550 2025 est

126 2040 253 2090 enim,
274 2032 477 2095 quatenus
499 2040 629 2081 homo
649 2040 802 2089 doleat,
824 2050 880 2088 et,
906 2039 1037 2094 (quod
1058 2039 1281 2095 prudenter
1300 2055 1323 2081 a
1345 2040 1552 2082 Crantore

125 2096 287 2136 dictum
316 2098 410 2148 est,)
435 2097 518 2138 sive
549 2107 712 2137 secetur
741 2111 834 2151 pars
855 2096 996 2160 aliqua
1015 2097 1216 2150 corporis,
1237 2097 1318 2138 sive
1338 2112 1384 2137 av
1387 2097 1552 2148 ellatur,

126 2167 271 2193 sensus
299 2161 438 2193 tamen
458 2153 601 2194 adesse
627 2153 765 2193 debet.
792 2153 900 2193 istuc
919 2153 1031 2194 enim
1052 2153 1154 2194 nihil
1184 2153 1342 2204 dolere,
1363 2153 1449 2195 fieri
1470 2168 1553 2194 non

128 2218 281 2263 potest,
303 2209 418 2264 quin,
436 2209 794 2273 quemadmodum
815 2209 1020 2250 feritatem
1043 2209 1230 2274 corporis
1247 2210 1474 2265 quandam,
1494 2210 1554 2251 sic

127 2265 255 2306 animi
276 2276 492 2320 stuporem
518 2266 745 2306 maximum
776 2265 945 2306 indicet.
1004 2265 1086 2305 Sed
1116 2266 1313 2306 nimirum
1342 2266 1447 2308 illud
1475 2276 1553 2317 est,

131 2320 246 2376 quod
268 2321 572 2377 improbamuS‚
593 2321 729 2362 dolori
758 2336 832 2362 nos
859 2323 969 2385 ipsos
1000 2321 1059 2362 ita
1088 2322 1264 2372 tradere,
1285 2332 1332 2363 ut
1357 2323 1399 2363 in
1427 2323 1552 2364 aliam

129 2377 305 2418 fortasse
335 2380 567 2433 graviorem
598 2393 650 2419 ex
674 2378 754 2418 alia
784 2388 900 2433 parte
930 2379 1276 2433 vituperationem
1305 2379 1554 2420 incidamus.

130 2448 226 2474 nam
248 2434 621 2489 quemadmodum,
643 2435 715 2490 qui
736 2435 837 2475 nihil
857 2449 1027 2490 prorsus
1061 2434 1215 2486 doleat,
1235 2435 1465 2477 desciscere
1497 2436 1555 2476 vi-

130 2489 279 2531 deatur
308 2491 360 2530 ab
389 2491 570 2532 hominis
596 2503 758 2541 natura,
778 2506 873 2546 quae
899 2501 1034 2532 morte
1055 2492 1261 2555 perculsa,
1282 2491 1486 2542 dolorem,
1507 2506 1555 2533 ac

131 2545 294 2587 luctum
327 2547 467 2602 aliquo
494 2548 624 2589 modo
652 2547 835 2588 indicare
863 2548 1060 2603 cogitur:
1090 2547 1162 2599 ita,
1185 2564 1257 2603 qui
1275 2548 1409 2589 dolori
1432 2548 1556 2589 nimis

131 2602 364 2666 indulgeat,
384 2603 577 2645 humanae
611 2615 769 2644 naturae
795 2605 959 2659 penitus
979 2604 1180 2655 oblivisci,
1201 2618 1558 2669 communemque

133 2660 324 2700 omnium
354 2659 638 2701 conditionem
667 2675 857 2700 recusare
881 2660 1152 2716 judicabitur.
1175 2661 1326 2716 quibus
1346 2661 1502 2703 rebus
1492 2676 1556 2702 1n-

135 2715 353 2770 telligitur‚
371 2717 551 2770 graviter
569 2731 742 2771 peccare
769 2716 975 2767 homines,
997 2732 1095 2758 curn
1123 2717 1188 2757 vel
1215 2731 1277 2767 ea,
1299 2732 1392 2772 quae
1421 2717 1559 2758 omni-

135 2772 215 2813 bus
247 2772 505 2837 perferenda,
540 2773 837 2829 subeundaque
871 2783 982 2823 sunt,
1015 2773 1245 2814 detrectare
1279 2773 1449 2824 audent,
1482 2774 1559 2824 vel,

135 2828 236 2884 quid
273 2829 386 2885 ipsos
413 2829 458 2870 in
487 2829 570 2877 vita
598 2829 757 2881 deceat,
788 2844 966 2900 quaeque
995 2829 1127 2886 sequi,
1156 2838 1231 2871 aut
1258 2829 1451 2904 refugere
1486 2829 1560 2872 de-
