1844 3202
547 116 735 153 LIBER
771 115 1048 152 TERTIUS.
1434 120 1506 158 681
1562 144 1568 150 ·

88 222 190 265 toris
220 222 342 279 copia
371 224 432 265 vel
467 222 519 264 ad
549 221 818 273 hortandum,
849 220 912 262 vel
941 220 993 262 ad
1029 219 1295 263 docendum:
1327 239 1506 279 quorum

86 293 289 334 generum
325 280 367 320 in
405 289 582 334 utroque
615 292 793 333 magnus
827 286 968 318 noster
1006 276 1115 318 Cato
1155 287 1232 318 est.
1293 280 1505 337 Quodque
1519 293 1567 325 41

87 335 217 386 addit,
245 350 385 377 causas
409 334 551 390 populi
583 341 725 385 teneto,
753 343 817 374 est
847 333 1028 374 senatori
1061 334 1353 384 necessarium,
1386 352 1506 379 nosse
1519 341 1551 372 b·

86 392 403 447 rempublicam.
435 391 560 446 idque
590 391 673 432 late
703 398 843 446 patet:
876 390 977 446 quid
1007 389 1159 430 habeat
1189 390 1385 442 militum,
1407 394 1508 447 quid

86 447 218 488 valeat
254 447 413 498 aerario,
451 462 555 503 quos
602 448 737 488 socios
778 445 1011 502 respublica
1048 445 1213 496 habeat,
1252 461 1357 502 quos
1402 450 1509 489 ami-

83 516 170 553 COS,
206 517 312 558 quos
349 503 652 558 stipendiarios,
686 518 768 559 qua
802 503 977 558 quisque
1017 502 1068 542 sit
1106 501 1213 557 lege,
1249 503 1508 555 conditione,

82 558 266 600 foedere:
299 568 438 600 tenere
477 560 820 601 consuetudinem
864 557 1128 608 decernendi,
1159 573 1278 599 nosse
1317 561 1510 616 exempla.

82 614 304 671 majorum.
362 616 525 657 Videtis
551 616 658 672 jam,
685 630 819 671 genus
850 615 932 656 hoc
963 630 1088 656 omne
1108 615 1305 665 scientiae,
1326 616 1507 672 diligen-

82 671 166 721 tiae,
186 672 399 713 memoriae
421 687 525 722 esse,
546 673 633 713 sine
652 687 736 728 quo
759 682 926 727 paratus
946 685 1035 712 esse
1056 680 1223 712 senator
1245 671 1361 713 nullo
1381 685 1506 728 pacto

80 736 236 782 potest.
295 729 506 784 Deinceps
527 739 625 770 sunt
643 743 740 770 cum
761 728 920 784 populo
941 728 1124 768 actiones
1143 744 1152 768 t
1184 727 1225 768 in
1247 729 1399 783 quibus
1421 731 1505 785 pri·
1515 743 1565 775 42

81 797 214 834 mum,
234 793 277 825 et
295 785 540 836 maximum,
565 785 639 826 Vis
659 784 805 826 abesto.
828 784 928 825 nihil
956 793 1019 825 est
1038 783 1148 824 enim
1171 784 1383 825 exitiosius
1405 786 1504 827 civi-

80 840 250 891 tatibus,
274 841 376 882 nihil
396 851 480 882 tam
501 842 754 883 contrarium
778 841 863 897 juri
886 851 928 882 et
954 840 1133 896 legibus,
1153 840 1256 881 nihil
1287 842 1423 882 minus
1445 844 1506 884 ci-

78 895 157 936 vile
174 904 217 937 et
247 897 493 949 humanum,
514 913 656 954 quam,
686 897 922 952 composita
950 907 992 938 et
1020 897 1249 938 constituta
1278 899 1506 953 republica,

77 951 308 1008 quidquam
329 955 398 1009 agi
423 969 496 1010 per
515 955 611 995 vim.
671 956 813 995 Parere
828 954 952 1010 jubet
972 953 1233 994 intercessori
1254 970 1262 994 :
1295 969 1380 1009 quo
1401 955 1507 996 nihil

77 1010 358 1064 praestantius.
389 1010 580 1066 impediri
609 1011 720 1052 enim
751 1011 906 1051 bonam
936 1025 1024 1051 rem
1055 1009 1217 1060 melius,
1246 1025 1371 1065 quain
1402 1026 1503 1052 con-

77 1064 169 1106 cedi
191 1067 326 1107 malae.
385 1067 517 1110 Quod
536 1082 632 1109 vero
648 1067 800 1109 actoris
814 1067 948 1122 jubeo
968 1080 1056 1107 esse
1075 1066 1280 1117 fraudem,
1301 1067 1344 1108 id
1365 1076 1503 1110 totum
1521 1070 1588 1125 19

78 1120 162 1162 dixi
196 1137 246 1164 ex
282 1122 436 1172 Crassi,
474 1123 764 1180 sapientissimi
797 1123 993 1171 hominis,
1024 1123 1253 1164 sententia:
1286 1138 1410 1178 quem
1440 1134 1506 1166 est

77 1187 244 1219 senatus
267 1189 448 1230 secutus,
471 1194 568 1221 cum
599 1180 859 1228 decrevisset,
883 1179 934 1219 C.
955 1178 1135 1219 Claudio
1155 1178 1325 1219 consule
1348 1179 1399 1220 de
1424 1180 1504 1221 Cn.

78 1232 286 1275 Carbonis
307 1235 511 1276 seditione
531 1236 747 1285 referente,
769 1235 895 1276 invito
923 1249 989 1285 eo,
1010 1234 1081 1290 qui
1101 1249 1198 1275 cum
1220 1235 1380 1290 populo
1403 1251 1502 1292 age-

75 1299 152 1339 ret,
185 1290 430 1333 seditionem
462 1307 545 1333 non
575 1306 699 1347 posse
730 1291 829 1341 fieri,
850 1292 1003 1347 quippe
1023 1290 1091 1331 cui
1121 1291 1242 1332 liceat
1260 1292 1503 1345 concilium,

75 1345 329 1403 simulatque
367 1348 656 1399 intercessum,
687 1347 927 1403 turbarique
957 1357 1146 1402 coeptum
1178 1347 1244 1398 sit,
1276 1348 1502 1391 dimittere.

75 1403 204 1458 Quod
227 1404 297 1459 qui
317 1414 544 1459 permovet,
566 1419 663 1446 cum
689 1405 759 1459 agi
790 1403 893 1444 nihil
914 1413 1068 1459 potest,
1091 1403 1173 1444 vim
1195 1404 1358 1459 quaerit.
1380 1405 1503 1461 cujus

72 1458 363 1514 impunitatem
395 1461 550 1502 amittit
579 1461 657 1502 hac
692 1461 801 1516 lege.
861 1460 1058 1515 Sequitur
1086 1459 1204 1501 illud.
1265 1460 1502 1503 Intercessor

71 1515 131 1556 rei
147 1515 286 1567 «παίω,
307 1516 502 1558 salutaris
523 1517 620 1558 civis
641 1524 737 1558 esto.
796 1517 905 1559 Quis
939 1531 1022 1557 non
1054 1516 1240 1557 studiose
1259 1517 1498 1572 reipublicae
1512 1529 1561 1562 43

72 1573 325 1624 subvenerit,
363 1573 441 1615 hac
481 1583 567 1615 tam
605 1573 806 1629 praeclara
844 1573 949 1628 legis
986 1586 1087 1613 voce
1126 1573 1349 1615 laudatus?
1395 1575 1503 1617 Sunt

70 1627 221 1670 deinde
239 1630 378 1685 posita
397 1630 606 1686 deinceps,
627 1645 721 1685 quae
742 1629 945 1670 habemus
972 1629 1098 1670 etiam
1120 1630 1160 1670 in
1181 1630 1362 1685 publicis
1382 1631 1502 1672 insti-

70 1685 173 1726 tutis
203 1695 329 1742 atque
356 1686 547 1742 legibus:
579 1686 761 1741 auspicia
790 1693 990 1737 servante,
1008 1685 1167 1741 mlguri
1181 1693 1366 1741 parento.
1425 1689 1502 1729 Est

71 1755 212 1785 autem
243 1742 344 1783 boni
369 1744 554 1798 auguris,
580 1743 834 1791 meminisse,
862 1741 1052 1782 maximis
1070 1742 1311 1797 reipublicae
1333 1752 1500 1799 ternpo-

69 1798 186 1839 ribus
215 1808 368 1854 praesto
398 1814 486 1839 esse-
516 1799 694 1840 debere:
724 1798 902 1854 Jovique
933 1798 1093 1853 optimo
1124 1799 1308 1840 maximo
1333 1814 1375 1840 se
1395 1814 1500 1841 con-

70 1854 286 1905 siliarium,
306 1864 432 1910 atque
453 1856 748 1896 administrum
779 1855 940 1905 datum,
960 1863 1008 1894 ut
1027 1854 1105 1894 sibi
1126 1869 1211 1906 eos,
1234 1870 1339 1911 quos
1359 1856 1403 1896 in
1422 1871 1496 1897 au·
1510 1868 1625 1900 P·1923.

68 1910 200 1965 spicio
233 1925 322 1952 esse
346 1912 545 1968 jusserit:
575 1912 756 1968 coelique
786 1920 924 1966 partes
956 1910 1034 1951 sibi
1067 1910 1258 1952 definitas
1291 1926 1381 1953 esse
1412 1914 1538 1954 tra—³·

69 1966 194 2017 ditas,
228 1975 265 2000 ⁵3
282 1967 336 2008 de
369 1968 522 2024 quibus
557 1982 668 2023 saepe
703 1982 826 2024 opem
862 1967 1013 2008 referre
1043 1968 1188 2022 possit.
1246 1968 1412 2009 Deinde
1446 1969 1499 2010 de

67 2024 425 2079 promulgatione,
455 2024 513 2065 de
538 2024 713 2080 singulis
744 2024 867 2065 rebus
897 2022 1082 2079 agendiS,
1113 2023 1166 2064 de
1194 2024 1378 2079 privatis,
1408 2040 1499 2066 ma-

66 2079 362 2134 gistratibusve
393 2081 624 2122 audiendis.
681 2082 793 2122 Tum
827 2080 941 2135 leges
972 2080 1301 2135 praeclarissimae
1334 2080 1385 2121 de
1418 2090 1561 2124 211144

67 2136 223 2178 tabulis
253 2137 412 2179 tralatae
441 2137 564 2178 duae:
595 2152 773 2193 quarum
805 2137 935 2178 altera
963 2136 1177 2192 privilegia
1197 2137 1308 2178 tollit
1324 2151 1336 2187 3
1368 2137 1500 2179 altera

67 2191 120 2232 de
147 2193 283 2249 capite
309 2194 408 2235 civis
438 2195 591 2249 rogari,
612 2194 690 2234 nisi
719 2193 902 2234 maximo
928 2192 1163 2244 comitiam,
1184 2202 1310 2244 vetat,
1335 2202 1373 2225 ⁵4
1391 2209 1497 2235 non-

68 2247 170 2289 dum
190 2250 302 2291 initis
329 2251 538 2292 seditiosis
558 2251 735 2291 tribunis
755 2249 905 2305 plebis,
927 2264 979 2290 ne
998 2249 1196 2304 cogitatis
1217 2249 1402 2304 quidem,
1424 2250 1498 2290 ad·

33 2341 36 2344 .
68 2304 319 2358 mirandum,
355 2316 519 2349 tantum
557 2307 738 2362 majores
775 2306 816 2346 in
856 2314 1073 2361 posterum
1111 2306 1365 2361 providisse:
1399 2307 1497 2347 ⁵⁵in

65 2361 204 2417 privos
243 2362 436 2405 homines
465 2364 580 2419 leges
610 2363 706 2404 ferri
736 2363 992 2404 noluerunt:
1022 2361 1067 2403 id
1095 2371 1160 2404 est
1188 2363 1300 2403 enim
1331 2363 1498 2417 privile-

111 2493 148 2517 53
173 2485 207 2516 de
225 2484 341 2527 quibus]
366 2487 420 2518 Est
441 2498 496 2527 pro
518 2500 533 2518 e
555 2488 668 2530 quibus,
694 2490 712 2519 i.
730 2498 757 2519 e.

67 2530 164 2566 unde,
179 2536 215 2560 ut
229 2539 293 2559 non
309 2538 389 2569 opus
403 2531 442 2560 sit
463 2532 597 2561 scribere
612 2543 626 2560 e
641 2541 696 2571 pro
711 2531 757 2568 de,

67 2579 104 2602 ut
129 2573 202 2602 fecit
228 2573 386 2603 Davisius.
413 2580 444 2604 at
469 2584 523 2613 pro
548 2574 654 2614 nferre
677 2575 758 2605 bene

65 2615 187 2645 editum
203 2622 249 2645 est
252 2616 349 2656 ferre.

111 2666 151 2689 54
173 2658 293 2688 nondum
316 2658 399 2687 initis
423 2658 480 2688 sed.
505 2659 626 2688 tribunis
649 2657 754 2697 plebis]

65 2699 147 2730 initis
167 2701 236 2730 sine
258 2701 355 2731 dubio
374 2701 524 2731 vitiosum
539 2709 594 2732 est.
640 2702 758 2740 Legam

65 2744 206 2778 inventis,
222 2745 308 2782 quod
323 2751 353 2774 et
366 2744 518 2774 Turnebo
533 2744 663 2783 placuit,
676 2746 759 2775 favet

67 2786 131 2817 Ms.
149 2786 182 2816 in
199 2795 243 2816 m.
259 2787 307 2816 ed.
324 2787 358 2817 L.
375 2786 428 2826 qui
446 2787 557 2816 habuit
572 2787 687 2816 invitis.
703 2787 757 2817 alii

64 2829 149 2865 notit,
160 2828 278 2868 cognitis
289 2830 347 2858 &c.
364 2829 505 2868 Sequens
518 2828 678 2869 Negotiatis
691 2829 756 2870 qui-

802 2487 864 2517 dem
879 2487 1046 2517 manifeste
1059 2486 1220 2516 vitiosum.
1254 2487 1427 2518 Lambinus
1444 2488 1497 2517 be·

803 2540 843 2560 ne
858 2530 991 2561 correxit
1006 2541 1040 2558 ne
1054 2529 1188 2568 cogitatis
1202 2530 1345 2568 quidem,
1362 2532 1448 2569 quod
1466 2538 1497 2561 et

801 2574 949 2604 Davisius
966 2573 1092 2611 recepit,
1110 2582 1208 2610 quem
1224 2580 1351 2603 secutus
1367 2583 1451 2603 sum.

846 2624 883 2648 55
908 2616 938 2644 in
955 2614 1072 2654 privos]
1091 2614 1143 2645 Sic
1159 2615 1326 2654 vulgatum
1342 2617 1375 2648 in
1389 2616 1494 2653 priva-

801 2666 841 2688 tos
857 2659 937 2689 bene
952 2667 1113 2688 correxere
1127 2659 1183 2688 viri
1199 2659 1295 2695 docti,
1310 2659 1395 2697 quod
1414 2659 1494 2687 mihi

801 2703 943 2741 primum
959 2701 1074 2739 legenti
1092 2701 1124 2730 in
1141 2708 1283 2731 mentem
1305 2701 1400 2730 venit.
1419 2710 1493 2730 nam

802 2746 886 2775 hanc
906 2744 1173 2784 permutationem
1196 2745 1290 2772 etiam
1315 2744 1383 2773 aliis
1406 2744 1438 2772 in
1459 2743 1495 2772 li-

801 2788 862 2818 bris
880 2793 1032 2826 repertam
1049 2795 1115 2817 esse
1131 2795 1252 2816 nomin.
