1844 3202
266 114 347 156 930
641 107 699 145 Μ.
729 106 942 145 TULLII
980 105 1312 146 CICERONIS

657 237 730 278 Ex
758 236 826 278 ΖὶΖ.
848 238 881 278 J.
916 238 997 279 DE
1027 238 1299 279 LEGIBUS.

323 315 474 357 LACT.
497 315 566 356 lib.
583 325 621 357 5.
643 331 675 357 c.
695 317 748 368 8.)
791 315 910 356 Sicut
941 330 1039 365 una,
1069 316 1301 380 eademque
1333 321 1480 356 natura
1507 314 1691 357 mundus

266 372 464 413 omnibus
484 373 696 427 partibus
687 382 793 413 mter
814 387 857 412 se
879 372 1211 426 congruentibus
1233 372 1432 422 cohaeret,
1452 385 1499 412 ac
1520 371 1688 412 nititur·
1675 403 1689 422 ‚

267 428 327 468 sic
348 443 494 469 omncs
513 429 706 470 homines
726 429 832 470 inter
851 443 895 469 se
916 439 1064 468 natura
1080 428 1260 479 confusi,
1281 428 1480 484 pravitate
1498 427 1689 468 dissenti-

266 494 358 536 unt,
374 500 447 526 nec
466 500 509 525 se
526 485 769 539 intelligunt
783 498 873 524 esse
889 485 1242 548 consanguineos:
1257 494 1299 525 et
1315 485 1526 540 subiectos
1543 498 1690 524 omnes

267 542 346 582 sub
370 557 495 582 unam
528 540 788 596 eandemque
819 541 1025 581 tutelam:
1056 540 1171 597 quod
1200 541 1234 582 si
1263 549 1485 591 teneretur,
1516 540 1689 582 deorum

264 598 457 653 profecto
478 598 605 638 vitam
627 612 774 638 omnes
794 612 855 638 xix
858 606 987 638 erent

732 675 804 716 Ex
824 674 894 716 lib.
913 676 968 716 ΙΙ.
990 674 1038 716 de
1058 673 1224 732 legibus.

320 743 472 783 LACT.
496 741 565 783 lib.
585 752 619 782 1.
639 757 671 782 c.
691 751 754 782 20.
758 743 771 793 )
806 743 1033 797 Magnum,
1051 741 1268 797 audaxque
1287 741 1509 783 consilium
1527 742 1693 783 Graecia

263 799 464 862 suscepit,
485 799 601 854 quod
623 798 898 854 Cupidinum,
915 807 957 839 et
975 799 1186 840 Amorum
1208 798 1458 840 simulacra
1448 814 1490 839 m
1510 813 1691 855 gymna-

265 857 336 896 siis
355 855 624 896 consecravit.

734 933 806 974 Ex
826 932 896 973 lib.
922 934 966 974 V
987 933 1036 974 de
1057 932 1225 990 legzhzcs.

320 1000 490 1042 MAcR.
512 991 582 1042 bil).
599 1006 637 1042 6.
660 1016 691 1042 c.
709 1003 765 1055 4.)
809 1002 940 1043 Visne
971 1002 1114 1057 igitur,
1136 1000 1335 1058 quoniam
1366 1000 1430 1041 sol
1459 1000 1692 1055 paullulum

264 1071 290 1097 a
311 1057 525 1098 meridie
509 1073 601 1114 jam
629 1058 810 1099 devexus
837 1058 1012 1110 videtur,
1032 1073 1169 1114 neque
1196 1057 1298 1098 dum
1327 1057 1427 1097 satis
1455 1058 1508 1097 ab
1531 1057 1594 1097 his
1615 1071 1693 1098 no-

261 1112 380 1153 vellis
409 1115 628 1156 arboribus
658 1116 795 1155 omnis
826 1115 895 1155 hic
924 1116 1044 1155 locus
1074 1123 1291 1170 opacatur,
1313 1113 1614 1154 descendamus
1641 1113 1695 1154 ad

261 1169 411 1220 Lirim,
426 1185 573 1228 eaque,
591 1187 685 1228 quae
706 1181 879 1224 restant,
900 1172 942 1213 in
964 1171 1044 1212 illis
1066 1172 1259 1213 alnorum
1280 1168 1534 1211 umbraculis
1553 1184 1695 1226 persc-

261 1229 470 1282 quamur?

667 1308 740 1350 Eae
761 1307 830 1349 lib.
818 1323 860 1348 ὀ
884 1307 1030 1348 incerto
1051 1306 1099 1347 de
1120 1306 1291 1363 legzlus.

318 1375 470 1417 LACT.
507 1375 578 1416 lib.
606 1386 644 1417 3.
679 1386 768 1431 cap.
801 1378 880 1429 19.)
929 1375 1289 1440 Gratulcmurque
1327 1376 1462 1427 nobis,
1496 1375 1694 1431 quoniam

260 1446 378 1473 mors
398 1441 472 1474 aut
492 1432 727 1484 meliorem,
745 1447 872 1488 quam
895 1431 967 1489 qui
987 1439 1050 1472 est
1072 1447 1113 1472 1n
1134 1432 1232 1483 vita,
1249 1441 1321 1473 aut
1340 1443 1454 1473 certe
1475 1446 1559 1473 non
1579 1431 1695 1473 dete-

259 1488 414 1530 riorem
435 1497 499 1530 est
518 1489 695 1530 allatura
721 1498 893 1530 statum.
923 1503 1018 1529 nam
1043 1488 1131 1529 sine
1151 1503 1341 1544 corpore,
1357 1489 1498 1530 animo
1514 1488 1696 1544 vigente,

260 1544 340 1585 du
321 1560 399 1585 ma
417 1555 482 1587 est
499 1546 613 1587 vita:
645 1560 768 1586 sensu
790 1545 948 1586 carenti
969 1544 1071 1585 nihil
1092 1546 1280 1598 profecto
1300 1556 1363 1586 cst
1383 1545 1496 1585 mali.

317 1601 548 1643 AUGUST.
569 1601 638 1642 lib.
656 1612 720 1642 21.
747 1601 868 1642 Civit.
892 1615 924 1641 c.
948 1602 1024 1653 11.)
1075 1601 1186 1642 Octo
1217 1616 1436 1656 poenarum
1468 1615 1623 1656 genera
1652 1602 1696 1642 in

259 1657 426 1713 legibus
446 1659 727 1709 continentur,
747 1658 965 1708 damnum,
980 1657 1157 1709 vincula,
1173 1658 1357 1709 verbera,
1378 1658 1521 1709 talio,
1511 1658 1695 1713 ignomi-

260 1714 344 1765 nia,
367 1715 590 1765 exsulium,
610 1729 741 1765 mors,
762 1715 952 1755 servitus.

740 1804 813 1845 Ex
840 1802 910 1843 lib.
939 1803 1022 1843 DE
1051 1803 1220 1844 FATO.

320 1882 477 1924 GELL.
500 1881 568 1922 lib.
584 1891 622 1921 5.
640 1896 673 1922 c.
688 1882 744 1934 3.)
782 1881 1062 1945 Chrysippus
1067 1890 1263 1933 aestuans,
1279 1881 1571 1937 laboransque,
1587 1896 1695 1937 quo-

264 1952 361 1979 nam
384 1948 507 1994 pacto
529 1937 722 1993 explicet,
742 1946 785 1978 ct
806 1939 893 1979 fato
913 1953 1056 1979 omma
1074 1938 1173 1990 ficri,
1195 1947 1237 1979 et
1261 1953 1353 1980 esse
1379 1938 1570 1995 aliquid
1560 1953 1600 1979 m
1618 1954 1696 1981 no-

262 1994 344 2043 bis,
365 1995 584 2036 intricatur
602 1995 684 2035 hoc
704 1994 848 2036 modo.

322 2052 490 2093 MACR.
515 2050 583 2091 lib.
601 2052 658 2102 3.)
701 2052 831 2102 Nam,
863 2066 960 2092 cum
995 2059 1105 2093 esset
1135 2051 1246 2107 apud
1282 2067 1326 2093 se
1359 2051 1412 2093 ad
1446 2051 1695 2094 Lavernium

265 2106 423 2162 Scipio,
443 2121 610 2162 unaque
633 2107 836 2158 Pontius3
867 2107 1018 2149 allatus
1045 2116 1109 2149 est
1135 2109 1243 2150 forte
1262 2108 1449 2163 Scipioni
1469 2108 1695 2174 acipenser,

266 2178 340 2218 qui
371 2163 603 2204 admodum
632 2178 726 2204 raro
756 2165 934 2219 capitur,
955 2164 1028 2205 sed
1055 2173 1120 2205 est
1148 2165 1287 2220 piscis,
1308 2174 1356 2206 ut
1374 2164 1558 2215 ferunt,
1549 2179 1590 2204 1n
1611 2166 1698 2219 pri-

267 2234 347 2259 mis
369 2220 536 2261 nobilis.
596 2219 708 2260 Cum
730 2229 871 2261 autem
896 2221 1038 2276 Scipio
1057 2237 1187 2262 unum
1210 2231 1253 2262 et
1271 2221 1449 2263 alterum
1469 2234 1518 2261 ex
1538 2220 1601 2272 iis,
1623 2222 1697 2277 qui

267 2289 365 2316 eum
387 2276 613 2317 salutatum
634 2286 842 2328 venerant,
865 2277 1092 2329 invitasset,
1112 2278 1334 2342 pluresque
1354 2278 1478 2318 etiam
1500 2277 1697 2319 invitatu-

267 2346 339 2372 rus
369 2332 604 2373 videretur:
635 2333 678 2373 in
706 2348 851 2374 aurem
885 2334 1072 2385 Pontius,
1105 2335 1261 2389 Scipio,
1294 2334 1443 2390 inquit,
1471 2333 1563 2375 vide
1592 2333 1695 2390 quid

268 2402 398 2458 agas:
430 2389 643 2444 acipenser
662 2390 739 2430 iste
759 2404 993 2445 paucorum
1013 2390 1233 2431 hominum
1255 2400 1331 2431 cst.

382 2474 454 2514 Ex
479 2475 708 2526 TIMAEO,
740 2477 851 2518 SEU
879 2478 961 2518 DE
988 2478 1143 2519 UNIV
1147 2477 1306 2529 ERSO,
1327 2493 1377 2518 ex
1396 2476 1582 2518 Platone.

327 2554 784 2608 NON.Curriczcl1mz.)
835 2556 890 2596 Re
875 2557 1012 2596 tione
1043 2556 1188 2611 igitur,
1223 2564 1265 2596 et
1296 2563 1438 2596 mente
1472 2554 1608 2595 divina
1642 2553 1695 2595 ad

272 2609 479 2664 originem
499 2612 700 2666 temporis
719 2612 1004 2653 curriculum
994 2627 1059 2653 mx
1062 2622 1207 2654 cutum
1228 2622 1291 2655 est
1310 2612 1423 2665 solis,
1439 2620 1483 2653 et
1502 2611 1625 2653 lunae.

330 2666 787 2724 PR1sc.lih.1.pa›t.)
821 2669 1119 2712 rDefensnix.
