1844 3202
586 147 665 185 DE
704 143 1081 183 SENECTUTE.
1474 155 1545 187 ⁸01

229 254 315 291 Tum
333 255 478 307 equidem
496 255 533 292 in
547 261 675 291 senecta
693 253 750 290 hoc
768 252 886 303 deputo
903 252 1135 296 miserrimum,

231 309 374 354 Sentire,
392 322 431 346 ea
448 315 552 344 aetate
569 321 633 345 csse
651 320 684 344 se
699 307 840 343 odiosum
858 305 968 342 alteri.

119 388 363 434 Jueundum
396 391 553 448 potiuS,
585 406 713 449 quam
747 390 958 432 odiosum.
987 396 1036 430 ut
1065 387 1179 429 enim
1209 387 1546 435 adolescentibus
1559 401 1611 439 26

119 447 233 489 bona
252 447 391 489 indole
410 448 596 503 praeditis
616 449 822 513 sapientes
841 460 959 488 senes
979 445 1254 496 delectantur,
1272 445 1483 503 leviorque
1503 450 1547 490 fit

119 516 264 545 eorum
293 513 500 556 senectus,
523 505 594 561 qui
622 520 647 546 a
667 511 890 562 juventute
914 502 1111 544 coluntur
1130 511 1173 542 et
1193 501 1456 558 diliguntur:
1488 505 1547 547 sic

117 559 403 602 adolescentes
435 575 583 603 senum
615 561 835 618 praeceptis
865 559 1068 615 gaudent,
1091 558 1244 615 quibus
1265 558 1319 600 ad
1343 559 1546 603 virtutum

114 616 256 658 studia
290 617 514 659 ducuntur.
546 632 623 659 nec
659 618 797 659 minus
828 616 1021 672 intelligo
1051 628 1119 656 me
1154 615 1285 667 vobis,
1317 631 1443 672 quam
1474 633 1547 660 vos

118 671 236 723 mihi,
272 688 363 714 esse
390 672 621 729 jucundos.
681 674 764 715 Sed
802 673 962 723 videtis,
997 680 1046 714 ut
1076 680 1267 713 senectus
1301 688 1386 714 non
1415 674 1547 716 modo

116 728 319 784 languida
351 739 477 786 atque
513 731 621 772 iners
655 745 740 771 non
770 730 837 778 sit,
868 743 1009 770 verum
1040 728 1165 769 etiam
1198 729 1251 769 sit
1281 743 1472 784 operosa,
1503 740 1547 772 et

115 798 280 842 semper
301 801 430 842 agens
460 787 619 843 aliquid
645 797 688 828 et
717 786 895 827 moliens
914 801 925 836 3
958 785 1039 827 tale
1061 785 1234 836 scilicet,
1255 785 1378 841 quale
1399 789 1545 844 cujus-

146 856 197 882 ue
227 842 415 884 studium
445 843 486 884 in
518 842 732 900 superiore
758 843 843 884 vita
873 842 967 883 fuit.
1026 841 1158 891 Quid,
1179 842 1294 896 quod
1318 843 1447 884 etiam
1467 843 1546 885 ad-

115 856 284 940 discunt
312 899 503 956 aliquid?
537 910 583 941 ut
613 900 813 940 Solonem
843 899 1029 940 versibus
1057 898 1309 953 gloriantem
1337 899 1544 952 videmus,

114 954 186 1010 qui
216 967 259 996 se
289 956 479 1011 quotidie
509 956 668 1012 aliquid
698 955 998 1005 addiscentem,
1029 969 1172 996 senem
1205 955 1293 996 fieri
1325 955 1456 998 dicit:
1496 967 1546 999 ut

114 1024 197 1066 ego
218 1011 313 1062 feci,
336 1013 407 1067 qui
434 1013 605 1054 Graecas
633 1013 792 1054 litteras
825 1026 950 1053 senex
984 1011 1111 1052 didici
1131 1027 1140 1052 :
1172 1025 1274 1068 quas
1294 1012 1464 1067 quidem
1486 1014 1546 1055 sic

115 1067 233 1109 avide
254 1069 424 1124 arripui,
446 1070 563 1125 quasi
595 1069 838 1110 diuturnam
870 1068 982 1110 sitim
1016 1067 1181 1122 explere
1209 1068 1397 1123 cupiens,
1421 1078 1469 1110 ut
1496 1085 1547 1111 ea

115 1123 206 1179 ipsa
225 1124 328 1165 mihi
352 1135 452 1167 nota
472 1134 625 1176 essent,
644 1125 797 1181 quibus
826 1139 895 1166 me
925 1139 1036 1165 nunc
1067 1125 1268 1180 exemplis
1296 1123 1358 1165 uti
1382 1125 1544 1168 videtis.

115 1180 229 1235 quod
260 1195 355 1221 cum
387 1182 532 1223 fecisse
563 1183 782 1223 Socratem
813 1181 855 1222 in
885 1181 1036 1222 fidibus
1057 1188 1096 1212 28
1113 1181 1318 1232 audirem,
1340 1190 1380 1215 2⁹
1396 1182 1545 1224 vellem

113 1236 306 1291 equidem
330 1247 374 1278 et
392 1237 522 1279 illud:
554 1238 772 1279 discebant
792 1237 904 1279 enim
926 1237 1077 1278 fidibus
1100 1237 1262 1294 antiqui
1280 1254 1289 1279 ε
1322 1237 1395 1279 sed
1414 1239 1457 1279 in
1477 1239 1548 1280 lit-

112 1292 211 1333 teris
233 1302 345 1334 certe
370 1294 592 1336 elaboravi.

167 1350 237 1390 Ne
264 1365 375 1392 nunc
406 1350 575 1407 quidem
595 1350 699 1392 vires
721 1349 911 1391 desidero
932 1348 1228 1402 adolescentis,
1254 1350 1304 1405 (is
1324 1351 1435 1392 enim
1455 1359 1544 1393 erat
1556 1356 1593 1411 9

111 1404 232 1455 locus
253 1406 357 1448 alter
377 1407 428 1448 de
448 1407 555 1448 vitiis
575 1408 818 1460 senectutis)
844 1415 885 1439 30
898 1421 982 1447 non
1002 1406 1111 1462 pluS,
1131 1421 1258 1462 quam
1284 1407 1608 1469 adolescens,27

110 1463 235 1514 tauri,
256 1472 328 1504 aut
355 1464 567 1519 elephanti
591 1463 895 1505 desiderabam.
928 1462 1044 1561 (god
1065 1471 1144 1513 est,
1166 1477 1217 1503 eo
1238 1463 1364 1514 decet
1377 1465 1442 1506 uti
1460 1481 1470 1506 ε
1501 1474 1544 1506 et
1557 1478 1589 1508 b.

105 1519 312 1575 ‘quicquid
333 1533 449 1575 agas,
464 1533 589 1576 agere
609 1533 686 1575 pro
707 1519 875 1561 viribus.
983 1535 1047 1560 uae
1067 1519 1179 1560 enim
1198 1534 1277 1560 vox
1294 1528 1439 1575 potest
1455 1535 1546 1562 esse

113 1576 382 1627 contemtior,
401 1591 528 1632 quam
548 1576 727 1618 Milonis
747 1575 1033 1618 Crotoniatae?
1067 1575 1154 1631 qui,
1175 1590 1271 1617 cum
1297 1576 1389 1632 jam
1419 1591 1547 1619 senex

113 1640 238 1682 esset,
275 1632 542 1689 athletasque
580 1647 624 1673 se
660 1633 702 1674 in
740 1633 953 1674 curriculo
990 1640 1229 1673 exercentes
1265 1633 1439 1684 videret,
1471 1633 1547 1675 ad-

113 1688 295 1742 spexisse
321 1689 500 1731 lacertos
530 1704 628 1731 suos
657 1688 827 1739 dicitur,
847 1688 1198 1744 illacrymansque
1225 1688 1394 1740 dixisse,
1414 1690 1476 1731 At
1500 1689 1545 1732 hi

113 1743 283 1799 quidem
305 1745 398 1802 jam
427 1745 583 1786 mortui
604 1746 716 1786 sunt.
774 1747 878 1786 Non
898 1759 994 1785 vcro
1014 1753 1100 1785 tam
1123 1744 1204 1795 isti,
1225 1760 1353 1800 quam
1372 1756 1421 1787 tu
1440 1746 1453 1786 i
1485 1760 1547 1797 se,

105 1809 311 1855 nugator.
341 1814 392 1842 ne
425 1817 478 1843 ue
506 1802 617 1842 enim
650 1815 702 1843 ex
729 1809 772 1842 te
802 1815 1005 1857 umquam
1034 1816 1078 1841 es
1109 1800 1371 1852 nobilitatus,
1392 1817 1436 1844 se
1494 1817 1546 1844 ex

112 1856 314 1899 lateribus
344 1867 387 1899 et
434 1859 581 1900 acertis
612 1859 710 1900 tuis.
768 1857 891 1899 Nihil
916 1856 1116 1898 S.AElius
1147 1858 1246 1909 tale,
1267 1858 1372 1900 nihil
1398 1858 1546 1900 multis

111 1913 230 1954 annis
250 1922 346 1955 ante
363 1914 429 1955 Ti.
452 1914 743 1956 Coruncanius
763 1931 771 1954 :
803 1913 907 1955 nihil
931 1914 1061 1955 modo
1083 1914 1127 1955 P.
1149 1914 1326 1955 Crassus
1346 1931 1357 1957 ε
1394 1930 1419 1956 a
1449 1915 1546 1973 qui-

111 1968 191 2010 bus
216 1969 314 2026 jura
343 1971 503 2012 civibus
531 1971 934 2026 praescribebantur:
966 1985 1143 2025 quorum
1165 1985 1299 2026 usque
1328 1970 1379 2012 ad
1407 1981 1545 2013 extre-

112 2038 232 2073 mum
266 2027 460 2083 spiritum
495 2036 559 2068 est
588 2036 786 2083 provecta
817 2025 1052 2083 prudentia.
1111 2027 1280 2077 Orator,
1307 2035 1469 2079 metuo,
1492 2041 1606 2074 ne'28

104 2081 357 2138 'languescat
376 2093 604 2126 senectute.
625 2094 689 2126 est
705 2084 819 2125 enim
837 2097 990 2125 munus
1011 2083 1100 2140 ejus
1117 2097 1202 2123 non
1218 2084 1376 2139 ingenii
1391 2085 1545 2136 solum,

106 2137 187 2179 *sed
207 2138 385 2181 laterum
405 2141 547 2192 etiarn,
569 2148 606 2173 81
626 2149 669 2182 et
688 2141 853 2182 virium.
914 2140 1099 2181 Omnino
1130 2154 1334 2181 canorum
1365 2140 1471 2182 illud
1501 2141 1547 2182 in

111 2209 213 2236 voce
235 2196 489 2252 splendescit
507 2198 650 2249 etiam,
672 2197 812 2239 nescio
832 2211 917 2253 quo
937 2206 1078 2252 pacto,
1096 2197 1138 2237 in
1160 2206 1377 2238 senectute
1393 2213 1405 2248 ;
1427 2197 1546 2253 quod

111 2251 308 2308 equidem
329 2253 467 2295 adhuc
487 2267 572 2294 non
592 2253 712 2295 amisi
733 2271 742 2295 ε
773 2263 817 2295 et
846 2252 992 2294 videtis
1022 2267 1153 2294 annos
1177 2269 1187 2294 :
1220 2253 1293 2294 sed
1318 2263 1461 2294 tamen
1480 2263 1547 2296 est

112 2306 290 2350 decorus
312 2323 450 2351 sermo
471 2311 593 2362 senis,
614 2308 780 2375 quietus
809 2319 852 2351 et
878 2309 1075 2350 remissus
1097 2326 1107 2350 :
1144 2309 1329 2366 facitque
1357 2324 1546 2367 persaepe

111 2364 203 2420 ipsa
222 2363 301 2406 sibi
321 2365 577 2407 audientiam
599 2365 744 2408 diserti
763 2367 870 2407 senis
892 2375 1035 2407 comta
1053 2374 1096 2406 et
1115 2365 1228 2406 mitis
1250 2366 1398 2407 oratio.
1427 2367 1546 2423 quod

111 2420 147 2461 si
177 2420 265 2475 ipse
293 2423 464 2478 exsequi
492 2435 687 2480 nequeas,
709 2423 842 2478 possis
869 2432 1010 2464 tamen
1032 2422 1219 2478 Scipioni
1238 2423 1479 2478 praecipere,
1502 2431 1545 2464 et

106 2476 262 2518 lLaelio.
317 2477 438 2521 'Quid
465 2480 578 2521 enim
608 2489 672 2521 est
697 2479 928 2536 jucundius
960 2487 1191 2531 senectute,
1219 2479 1371 2536 stipata
1397 2478 1545 2521 studiis

153 2614 193 2638 28
216 2606 363 2648 audirem]
379 2609 431 2639 An
447 2608 615 2641 audierim?
634 2620 711 2642 nam
727 2610 804 2640 illud
849 2610 913 2640 iam
943 2611 1086 2641 additum
1116 2616 1162 2641 est
1192 2610 1223 2640 in
1254 2610 1325 2640 edd.
1351 2610 1421 2640 Col.
1447 2610 1545 2642 Rom.

110 2660 176 2680 non
193 2652 340 2681 convenit
357 2652 398 2689 τῷ
411 2651 527 2682 vellem.
850 2654 930 2683 ven.
949 2661 1040 2687 1471.
1057 2654 1143 2683 Med.
1160 2653 1232 2683 Ald.
1271 2654 1308 2682 In
1331 2654 1393 2683 Ms.
1413 2653 1475 2683 Erf.
1491 2664 1546 2683 su·

155 2700 195 2726 29
217 2692 323 2723 vellem
345 2694 474 2736 equidem
497 2701 525 2723 e!
547 2694 636 2734 illud]
653 2695 705 2725 Sc.
718 2696 805 2736 quod
848 2706 903 2735 pra
925 2696 1003 2726 tauri
1026 2697 1218 2735 adscriptum
1242 2703 1300 2731 est,
1319 2696 1351 2726 in
1374 2696 1490 2734 quibus
1513 2703 1545 2727 et

111 2734 272 2767 Socratem
285 2737 395 2767 fecisse
408 2738 486 2773 dixi,
501 2743 539 2767 ut
559 2738 674 2768 fidibus
695 2748 807 2769 canere
849 2745 895 2769 est
909 2738 1078 2778 elephantis.
1093 2739 1209 2770 delevit
1223 2738 1390 2767 Victorius.
1408 2738 1500 2768 bene.

109 2778 301 2810 didicissem.
891 2787 927 2811 31
954 2788 982 2810 et
1003 2780 1128 2820 virium]
1149 2782 1220 2811 Hoc
1243 2780 1361 2817 delent,
1378 2781 1455 2811 item
1470 2787 1544 2811 ante

155 2827 196 2851 30
219 2832 271 2850 non
287 2821 368 2861 plus,
385 2834 414 2864 q.
433 2834 462 2852 a.
484 2822 575 2859 tauri,
591 2829 643 2852 ant
663 2822 806 2863 elephanti
848 2823 935 2853 etiam
961 2824 1096 2864 Langius
1119 2831 1149 2854 et
1172 2823 1333 2853 Graevius:
1359 2822 1408 2851 sed
1422 2829 1449 2852 et
1470 2822 1544 2853 late-

111 2862 183 2904 des.]
203 2865 265 2896 Int.
288 2874 306 2895 e
327 2865 539 2905 superioribus
554 2865 645 2903 vires,
661 2868 746 2905 quod
762 2874 805 2897 et·
849 2877 922 2896 rum.
938 2866 1060 2900 omnino.
1095 2867 1155 2898 Sed
1172 2877 1201 2897 v.
1218 2865 1306 2897 Clav.
1321 2866 1354 2896 in
1371 2864 1458 2897 latus.

865 2920 981 2964 31³3
