1844 3202
265 112 345 160 69⁶
794 111 870 149 DE
906 110 1166 150 OFFICIIS

266 225 305 251 6⁵
324 219 551 274 appellari?
596 221 866 284 Quamquam
891 220 932 261 id
954 235 1107 261 nomen
1134 220 1256 261 duriu
1261 235 1277 261 s
1303 220 1391 277 jam
1423 220 1561 262 effecit
1582 229 1698 263 vetu-

266 283 365 317 stas.
397 281 436 307 ⁶⁶
454 290 478 317 a
495 290 719 332 peregrino
740 277 850 317 enim
875 278 1061 327 recessit,
1084 286 1126 317 et
1150 278 1321 342 proprie
1341 279 1382 318 in
1403 292 1469 328 eo,
1489 278 1562 333 qui
1582 292 1700 319 arma

202 344 254 377 38
267 339 414 373 contra
430 333 571 382 ferret,
589 333 802 373 remansit.
835 332 948 373 Cum
965 347 1063 374 vero
1081 332 1158 373 de
1149 335 1325 389 1mperio
1345 334 1594 384 decertatur,
1607 334 1699 375 bel-

267 389 396 445 loque
424 389 624 445 quaeritur
645 389 797 443 gloria,
818 403 963 429 causas
984 390 1157 430 omnino
1180 391 1350 431 subesse
1371 400 1510 431 tamen
1531 399 1701 446 oportet

265 445 449 496 easdem,
471 459 574 500 quas
605 445 690 485 dixi
720 445 864 500 paullo
894 454 990 485 ante
1015 445 1153 501 justas
1183 460 1327 486 causas
1356 462 1445 488 esse
1473 447 1699 488 bellorum.

266 501 350 543 Sed
388 516 435 543 ea
475 501 599 550 bella,
633 501 785 556 quibus
827 501 989 556 'mperii
1021 501 1159 556 gloria
1197 517 1243 557 pl
1247 513 1411 556 oposita
1449 512 1527 552 est,
1559 504 1699 544 minus

265 572 361 599 ace1
364 559 415 599 be
436 558 621 613 gerenda
642 566 753 598 sunt.
806 559 869 598 Ut
888 557 999 598 enim
1021 564 1057 593 67
1078 572 1175 598 cum
1197 558 1371 600 civiliter
1390 559 1700 610 contendimus,

266 614 399 665 aliter,
418 630 451 654 si
473 624 537 655 est
556 614 764 664 inimicus,
781 614 916 664 aliter,
937 615 971 654 si
991 614 1273 669 competitor:
1293 629 1390 656 cum
1412 615 1544 656 altero
1565 623 1702 660 certa-

265 684 364 711 men
385 669 570 720 honoris,
592 679 634 712 et
653 670 869 726 dignitatis
889 672 978 723 est3
1009 685 1107 711 cum
1136 671 1270 712 altero
1301 671 1464 727 capitis,
1485 681 1529 712 et
1550 672 1700 712 famae:

266 727 326 768 sic
355 742 453 768 eum
485 726 726 777 Celtiberis,
758 742 856 768 cum
889 727 1074 768 Cimbris
1105 727 1281 778 bellum,
1311 737 1360 768 ut
1391 742 1488 768 cum
1521 727 1702 768 inimicis
1839 730 1844 777 ξ

264 784 507 839 gerebatur,
530 793 621 825 uter
641 793 765 834 esset,
787 799 870 825 non
890 794 985 824 uter
1012 784 1262 848 imperaret3
1292 799 1391 825 cum
1425 784 1602 835 Latinis,
1623 784 1700 824 Sa-

266 840 390 891 binis,
427 840 701 891 Samnitibus,
736 841 888 890 Poenis,
923 840 1084 896 Pyrrho
1116 840 1169 881 de
1200 840 1378 905 imperio
1409 840 1703 882 dimicabatur.

267 897 386 938 Poeni
408 896 635 951 foedifragi,
656 897 835 937 crudelis
858 897 1089 947 Hannibal,
1110 897 1258 952 reliqui
1275 897 1492 954 justiores.
1555 895 1702 954 Pyrrhi

246 952 437 1008 'quidem
461 953 512 992 de
532 961 667 1008 captu
670 967 704 993 1s
726 952 962 1004 reddendis,
984 953 1054 993 illa
1077 953 1306 1008 praeclara:

179 1050 211 1082 p.
226 1047 256 1073 9.
375 1034 447 1071 Nec
465 1034 509 1069 mi
530 1046 650 1069 aurum
666 1043 738 1082 pos
726 1047 774 1076 c,0
795 1046 851 1069 nec
871 1034 916 1069 mi
932 1034 1074 1082 pretium
1091 1033 1127 1070 dt
1122 1034 1269 1070 ἅενίίὶε·
1260 1050 1270 1080 3

226 1092 256 1115 ⁸·
378 1087 448 1124 Nec
465 1093 687 1137 cauponantes
707 1086 841 1130 bellum,
859 1087 917 1123 scd
934 1086 1180 1137 belligerantes,

377 1141 486 1184 Ferro,
506 1152 567 1176 non
586 1154 668 1176 auro
685 1140 797 1176 vitam
816 1153 988 1177 cernamus
1008 1141 1151 1191 utrique.

379 1193 478 1230 Vbsnc
497 1194 596 1237 velit,
616 1207 661 1230 an
681 1207 731 1229 me
747 1206 900 1243 regnare,
921 1193 1000 1230 hera
1019 1193 1352 1244 quidveseratfhrs‚

377 1248 514 1284 Virtute
531 1248 750 1296 experiamur.
779 1254 811 1283 et
830 1246 888 1283 hoc
903 1248 1006 1284 simul
1022 1253 1061 1278 68
1076 1248 1215 1298 accipite
1233 1247 1357 1285 dictum
1372 1264 1384 1284 .·

379 1302 525 1350 Quorttm
543 1301 671 1338 virtuti
690 1300 766 1337 belli
769 1301 919 1348 fortuna
935 1302 1092 1351 superfit,

374 1353 570 1391 Eorumdcm
591 1366 640 1390 me
655 1353 805 1391 libertati
819 1365 954 1403 parcere
972 1361 1098 1391 certum
1117 1362 1166 1391 est
1183 1370 1196 1391 .-

372 1407 484 1451 Dono,
503 1407 626 1451 ducite,
644 1406 760 1458 doque,
779 1407 961 1444 volentibu'
980 1422 1052 1445 cum
1072 1409 1204 1458 magnis
1222 1407 1299 1445 diis.

186 1478 252 1526 13
269 1480 439 1537 Regalis
461 1495 573 1531 sane,
594 1488 636 1522 et
656 1480 786 1536 digna
805 1480 1079 1523 AEacidarum
1100 1496 1256 1537 genere
1283 1481 1500 1523 sententia.
1549 1481 1705 1547 Atque

202 1553 254 1595 39
268 1538 397 1579 etiam
428 1538 462 1579 si
491 1537 594 1594 quid
612 1537 783 1593 singuli,
806 1538 1068 1594 temporibus
1089 1538 1275 1589 adducti‚
1293 1538 1404 1579 hosti
1424 1539 1707 1594 promise1int,

267 1603 334 1635 est
365 1593 407 1635 in
437 1608 488 1635 eo
518 1609 610 1649 lpso
642 1594 742 1635 fides
773 1594 1083 1635 conservanda:
1126 1597 1189 1636 Ut
1218 1595 1356 1659 primo
1389 1595 1546 1636 Punico
1576 1595 1708 1646 bello,

267 1650 458 1706 Regulus
484 1659 633 1706 captus
659 1665 684 1691 a
713 1651 866 1701 Poenis,
884 1665 981 1691 cum
1003 1650 1056 1691 de
1081 1651 1255 1706 captivis
1285 1651 1598 1693 commutandis
1619 1652 1708 1693 Ro-

266 1722 381 1748 mam
402 1707 556 1749 missus
577 1717 701 1757 esset,
717 1706 986 1763 jurassetque
1006 1722 1049 1748 se
1071 1708 1325 1749 rediturum·
1347 1708 1546 1763 primum,
1568 1717 1617 1749 ut
1636 1722 1706 1749 ve·-

267 1764 345 1816 nit,
366 1764 552 1820 captivos
575 1763 809 1805 reddendos
839 1780 880 1805 1n
906 1773 1055 1805 senatu
1085 1779 1168 1805 non
1199 1765 1389 1815 censuit,
1420 1764 1587 1815 deinde,
1607 1779 1708 1806 cum

267 1821 518 1862 retineretur
548 1836 572 1861 a
601 1821 862 1877 propinquis,
882 1829 925 1861 <t
954 1821 1007 1861 ab
1035 1821 1195 1872 amicis,
1217 1821 1269 1862 ad
1298 1821 1552 1876 supplicium
1573 1820 1708 1862 redire

204 1887 258 1920 40
270 1877 434 1928 maluit,
467 1892 593 1932 quam
625 1877 748 1918 fidem
783 1877 896 1918 hosti
923 1876 1064 1918 datam
1097 1877 1254 1919 falleime
1315 1885 1355 1912 69
1372 1877 1550 1919 Secundo
1571 1884 1708 1918 antem

269 1933 422 1976 Punico
445 1933 562 1985 hello,
579 1941 671 1988 post
697 1934 946 1975 Cannensem
971 1944 1173 1990 pugnam,
1204 1949 1301 1990 quos
1330 1934 1463 1975 decem
1489 1933 1710 1976 Han-nibal

269 1991 441 2032 Romam
458 1991 673 2031 adstrictos
688 1991 799 2031 misit
807 1990 1080 2045 jem-'cyurando
1099 2005 1140 2032 se
1157 1991 1354 2032 redituros
1374 1990 1563 2041 esse,m'si
1578 1991 1627 2032 de.
1642 2006 1707 2032 re-

269 2047 504 2088 diruendis·
493 2047 555 2098 cis,
574 2046 644 2103 qui
667 2046 777 2102 capti
798 2055 930 2098 cram,
948 2048 1261 2102 ῑνη])είν.(ι.ςςεηί.·
1283 2062 1346 2089 eos
1366 2061 1499 2088 omnes
1517 2062 1709 2099 censores,

271 2104 406 2159 quoad
425 2103 596 2167 quisque
616 2118 753 2144 eorum
773 2103 896 2153 vixit,
917 2118 999 2159 qm
1007 2104 1270 2159 pejetmassenss
1287 2103 1329 2144 in
1347 2102 1510 2145 cerariis
1529 2102 1707 2167 relique·
1731 2145 1735 2147 a

271 2167 488 2211 runt371ec
507 2174 642 2201 mmus
665 2159 798 2211 illum,
820 2160 892 2215 qm·
900 2160 1181 2215 ywzsywandz
1187 2160 1350 2224 fraude
1366 2159 1560 2215 culpam
1545 2174 1706 2202 znvene-

270 2223 353 2258 rat.
416 2217 518 2258 Cum
538 2217 645 2258 enim
667 2207 920 2258 Hannibalzs
943 2217 1145 2272 permissu
1169 2216 1315 2259 exisset
1335 2217 1384 2258 de
1405 2216 1563 2269 castris,
1584 2216 1707 2258 rediit

315 2335 354 2362 65
382 2327 541 2369 appellari]
575 2330 657 2359 Libri
683 2330 815 2369 quidam
844 2339 903 2360 scr.
934 2335 970 2360 ut
1057 2335 1097 2361 68
1110 2330 1207 2369 accipe
1222 2327 1346 2370 dictum]
1365 2330 1472 2360 Quia'
1467 2340 1499 2360 m
1515 2331 1625 2361 ceteris
1638 2329 1710 2370 plu-

271 2375 370 2404 Goth.
401 2374 475 2403 Cur.
507 2373 583 2402 item
611 2374 680 2402 cdd.
707 2383 752 2412 pr.
783 2373 872 2412 Mog.
899 2373 969 2403 Col.
1014 2373 1085 2403 ralis
1102 2383 1255 2404 numerus
1267 2379 1325 2409 est,
1342 2379 1377 2403 ut
1398 2379 1425 2402 et
1444 2373 1552 2411 ducite,
1568 2374 1710 2404 Jortinus

270 2417 366 2448 Rom.
382 2416 501 2446 habent
517 2415 675 2454 appellare.
1012 2415 1140 2446 volebat
1168 2416 1229 2456 legi
1263 2415 1398 2455 accipite,
1428 2417 1514 2455 quod
1550 2422 1710 2447 contracte

314 2464 355 2490 66
384 2472 403 2488 a
429 2458 579 2498 peregrino
599 2459 667 2498 jam
697 2456 822 2496 recessit]
856 2458 967 2488 Delevi
1012 2459 1245 2498 pronuntietur,
1262 2459 1366 2498 acpite.
1389 2459 1465 2497 quia
1485 2460 1530 2490 sic
1554 2460 1648 2500 reperi
1674 2460 1708 2489 in

261 2503 341 2542 jam,
359 2503 444 2542 quod
465 2511 484 2531 a
503 2501 614 2532 multis
635 2502 714 2531 Mss.
737 2502 833 2531 etiam
852 2501 968 2532 Duisb.
1014 2502 1077 2532 Ms.
1095 2502 1192 2531 Goth.
1207 2508 1237 2531 et
1252 2501 1381 2540 vestigia
1401 2502 1500 2541 hujus
1515 2502 1658 2533 lectionis
1675 2502 1708 2532 in

269 2546 360 2576 abest
378 2552 409 2576 et
428 2545 468 2574 ab
484 2545 554 2575 edd.
570 2554 617 2583 pr.
633 2545 723 2583 Mog.
739 2544 809 2575 Col.
827 2545 926 2575 Rom.
939 2550 970 2574 et
1012 2545 1061 2574 ed.
1089 2544 1186 2575 Rom.
1211 2553 1284 2584 quae
1309 2544 1404 2575 habet
1433 2545 1571 2586 accipere,
1595 2545 1709 2585 recepi.

269 2588 350 2620 aliis.
373 2587 488 2619 delevit
503 2594 533 2617 et
548 2587 704 2617 Pearcius.
1012 2587 1117 2619 Habet
1131 2594 1162 2617 et
1176 2589 1225 2618 ed.
1241 2588 1432 2618 Anemoecii.

315 2637 353 2667 67
379 2642 441 2661 curn
464 2630 527 2660 civi
549 2630 637 2659 aliter
651 2629 853 2666 contendimus,
870 2629 895 2659 si
911 2628 966 2669 est]
1056 2635 1096 2663 69
1118 2630 1246 2660 Secundo
1263 2629 1335 2669 &c.]
1356 2631 1418 2661 Hic
1436 2637 1519 2661 totus
1535 2630 1624 2660 locus
1640 2630 1710 2660 lite·

270 2674 394 2704 Omnes
418 2674 497 2704 Mss-
521 2674 618 2703 etiam
645 2673 707 2702 mei
732 2673 873 2712 itemque
898 2673 968 2702 edd.
1013 2673 1052 2703 ris
1068 2673 1198 2704 cursivis
1213 2683 1391 2713 expressus,
1408 2674 1493 2705 abest
1508 2683 1526 2702 a
1544 2674 1624 2704 Mss.
1642 2673 1710 2713 ple·

269 2718 391 2748 habent
413 2727 476 2746 cum
499 2715 632 2745 civiliter
646 2715 849 2751 contendimus,
866 2715 967 2752 aliter,
1011 2716 1114 2755 risque
1129 2722 1160 2746 et
1175 2717 1245 2746 edd.
1262 2717 1384 2755 primis.
1405 2717 1509 2756 itaque
1532 2726 1588 2756 pro
1609 2716 1710 2747 insiti-

269 2760 294 2788 εἰ
324 2767 366 2789 est
395 2759 540 2796 inimicus,
570 2759 647 2789 item
676 2759 746 2788 edd.
778 2758 867 2797 Mog.
897 2758 967 2789 Col.
1011 2759 1054 2789 tio
1078 2760 1223 2789 habetur.
1252 2759 1392 2790 defendit
1418 2765 1526 2790 tamen
1549 2759 1707 2796 Pearcius,

272 2802 368 2832 Rom.
395 2802 528 2833 Mediol.
553 2803 613 2832 διο.
637 2801 812 2831 Lambinus
834 2802 969 2832 correxit
1011 2809 1048 2833 ut
1063 2808 1094 2833 et
1108 2802 1328 2834 Anemoecius.

271 2853 349 2876 cum
364 2845 427 2875 civi
442 2844 529 2875 aliter
542 2855 551 2873 .·
574 2845 661 2885 quod
675 2844 728 2874 alii
743 2845 844 2876 secuti
858 2851 944 2875 sunt.
