1844 3202
1102 81 1111 102 S

600 142 677 179 DE
713 137 1087 178 SENECTUTE.
1479 145 1556 187 807

136 244 385 290 desideratio
405 247 588 304 quidem.
646 245 767 288 Nihil
795 253 937 287 autem
962 245 1204 296 molestum,
1226 245 1341 300 quod
1371 262 1452 288 non
1483 247 1557 289 de-

136 304 306 346 sideres.
363 306 476 346 Bene
508 302 754 358 Sophocles,
787 316 886 344 cum
917 317 968 343 ex
1000 316 1051 342 eo
1078 302 1250 357 quidam
1281 301 1371 356 jam
1407 305 1557 346 affecto

139 369 277 412 aetate,
314 369 530 426 quaereret,
566 367 807 400 utereturne
846 359 969 400 rebus
1009 359 1219 400 venereis:
1257 357 1332 398 Dii
1370 360 1557 411 meliora,

135 415 285 471 inquit.
314 417 493 458 hbenter
515 430 611 456 vero
641 415 777 466 istinc,
807 424 1024 472 tamquam
1054 429 1080 455 a
1109 414 1282 455 domino
1311 415 1480 468 agresti,
1510 430 1557 456 ac

136 473 294 513 furioso
312 471 498 528 profugi.
517 471 680 527 cupidis
699 471 812 512 enim
839 486 976 513 rerum
999 470 1147 512 talium
1168 470 1365 511 odiosum
1392 479 1436 511 et
1464 485 1558 511 mo-

135 527 290 568 lestum
313 537 377 569 est
396 528 571 570 fortasse
591 542 745 570 carere.
767 528 924 569 satiatis
945 541 1041 568 vero
1061 537 1104 568 et
1130 526 1305 582 expletis
1327 527 1557 581 jucundius

136 592 201 625 est
224 598 378 635 carere,
399 599 526 640 quam
554 585 650 626 frui.
671 599 928 640 quamquam
959 598 1040 625 non
1067 583 1249 634 caretis,
1271 584 1343 639 qui
1372 598 1456 624 non
1487 582 1559 623 de-

135 639 302 682 siderat.
340 642 456 696 Ergo
477 641 558 682 hoc
579 656 662 682 non
681 641 926 691 desiderare,
947 640 1043 681 dico
1063 654 1153 681 esse
1165 639 1412 696 jucundiuS‚
1432 653 1556 694 quam

137 695 233 737 frui.
292 698 420 754 Quod
451 698 485 738 si
515 698 604 738 istis
630 698 730 753 ipsis
750 697 1032 751 voluptatibus
1064 696 1177 737 bona
1205 704 1305 737 aetas
1329 696 1482 736 fruitur
1508 695 1622 737 li-48

137 752 332 804 bentius3
363 754 548 809 primum
578 753 758 808 parvulis
788 753 941 794 fruitur
965 753 1103 803 rebus,
1124 761 1172 793 ut
1197 752 1405 793 diximus:
1441 751 1559 792 dein—

136 807 189 849 de
208 809 272 860 iis,
292 810 445 866 quibus
476 819 682 860 senectus,
705 810 738 850 si
769 824 853 850 non
880 808 1047 850 abunde
1076 809 1251 864 potitur,
1272 823 1355 849 non
1386 809 1559 850 omnino

135 874 264 906 caret.
328 867 385 908 Ut
412 866 624 922 Turpione
642 866 842 907 Ambivio
870 865 1006 921 magis
1033 865 1280 915 delectatur,
1306 865 1377 920 qui
1407 865 1448 905 in
1476 865 1561 920 pri-

135 935 206 962 ma
226 936 350 963 cavea
366 931 527 978 spectat
539 938 550 974 3
583 922 815 964 delectatur
832 932 974 963 tamen
993 921 1121 962 etiam
1143 921 1216 978 qui
1234 921 1275 962 in
1295 921 1470 963 ultima:
1502 921 1561 962 sic

135 977 416 1020 adolescentia
428 979 664 1034 voluptates
684 992 815 1034 prope
831 979 996 1020 intuens
1015 978 1150 1033 magis
1167 978 1343 1018 fortasse
1363 977 1532 1019 laetatur
1550 994 1560 1016 t

137 1033 210 1074 sed
238 1034 469 1077 delectatur
496 1035 625 1077 etiam
655 1044 846 1076 senectus
877 1034 1026 1090 procul
1055 1048 1124 1075 eas
1154 1044 1360 1089 spectanS,
1380 1043 1561 1085 tantum,

135 1100 342 1145 quantum
373 1101 437 1134 sat
464 1099 542 1132 est.
600 1092 662 1132 At
690 1091 762 1132 illa
790 1091 937 1147 quanti
968 1100 1077 1141 sunt,
1109 1091 1312 1141 animum,
1343 1099 1559 1146 tamquam
1572 1104 1625 1147 49

137 1148 321 1188 emeritis
367 1147 584 1203 stipendiis
622 1147 818 1198 libidinis,
857 1147 1111 1197 ambitionis,
1147 1147 1444 1198 contentionis,
1481 1147 1560 1188 ini-

136 1203 405 1254 micitiarum,
444 1204 726 1259 cupiditatum
766 1204 971 1254 omnium,
1009 1218 1152 1244 secum
1190 1216 1294 1253 esse,
1333 1217 1563 1258 secumque

141 1260 208 1308 (ut
235 1259 402 1314 dicitur)
436 1260 597 1301 vivere?
631 1260 665 1301 si
694 1274 790 1301 vcro
819 1260 948 1301 habet
978 1259 1150 1316 aliquod
1179 1267 1394 1315 tamquam
1426 1259 1561 1315 pabu-

136 1315 228 1357 lum
250 1316 378 1358 studii
396 1325 523 1373 atque
552 1316 770 1367 doctrinae,
790 1316 895 1358 nihil
923 1325 987 1357 est
1014 1317 1149 1357 otiosa
1169 1325 1382 1357 senectute
1405 1316 1562 1372 jucun·

136 1372 245 1414 dius.
265 1380 305 1406 39
322 1373 430 1414 mori
450 1387 569 1429 paene
590 1372 834 1414 videbamus
855 1373 896 1413 in
920 1372 1062 1414 studio
1091 1371 1340 1413 dimetiundi
1371 1372 1466 1413 coeli
1498 1381 1562 1414 at-

138 1443 220 1485 que
251 1438 371 1470 terrae
405 1430 456 1470 C.
488 1429 677 1480 Gallum,
706 1429 957 1470 familiarem
994 1429 1124 1484 patris
1162 1429 1239 1479 tui,
1270 1429 1426 1483 Scipio.
1455 1443 1562 1484 quo·

136 1486 216 1526 ties
245 1485 365 1527 illum
395 1486 466 1527 lux
496 1494 627 1527 noctu
655 1495 696 1518 40
716 1485 875 1541 aliquid
912 1485 1147 1526 describere
1175 1485 1426 1540 ingressum,
1456 1500 1566 1541 quo-

135 1543 214 1583 ties
245 1557 327 1583 nox
361 1543 580 1598 oppressit,
612 1557 711 1583 cum
743 1556 866 1583 mane
900 1541 1125 1597 coepisset?
1164 1556 1291 1596 quam
1328 1541 1567 1583 delectabat

137 1612 252 1649 eum,
286 1598 540 1640 defectiones
577 1598 693 1649 solis,
724 1607 766 1639 et
802 1597 913 1638 lunae
946 1598 1084 1639 multo
1121 1597 1241 1638 nobis
1277 1606 1372 1638 ante
1410 1597 1565 1653 praedi-

137 1656 265 1696 cere?
298 1655 414 1711 Quid
444 1656 487 1696 in
518 1655 744 1696 levioribus
769 1653 932 1704 studiis,
960 1653 1034 1694 sed
1064 1663 1207 1695 tamen
1240 1653 1405 1694 acutis?
1438 1668 1563 1708 quam
1577 1667 1630 1698 50

138 1711 352 1766 gaudebat
370 1711 484 1753 bello
504 1726 580 1752 suo
604 1710 760 1751 Punico
787 1710 958 1751 Naevius
975 1710 983 1750 !
1016 1725 1141 1765 quam
1161 1710 1420 1751 Truculento
1441 1711 1565 1752 Plau-

139 1768 238 1808 tus!
271 1782 397 1823 quam
420 1767 658 1809 Pseudolo!
688 1766 790 1809 Vidi
817 1766 941 1808 etiam
973 1781 1114 1807 senem
1146 1765 1341 1807 Livium:
1373 1767 1446 1822 qui
1466 1781 1611 1812 cumb.

139 1832 371 1865 sex'annos
404 1833 514 1874 ante,
548 1837 674 1880 quam
710 1837 793 1878 ego
828 1832 949 1863 natus
979 1837 1088 1873 sum,
1120 1822 1305 1863 fabulam
1340 1822 1567 1873 docuisset,

142 1879 337 1922 Centone
363 1880 659 1936 Tuditanoque
695 1879 954 1928 consulibus,
986 1892 1119 1934 usque
1154 1878 1208 1918 ad
1241 1879 1568 1921 adolescentiam

140 1951 278 1978 meam
309 1937 514 1991 processit
535 1945 671 1977 aetate.
693 1935 795 1991 quid
826 1935 878 1976 de
907 1936 949 1975 P.
977 1935 1127 1977 Licinii
1151 1934 1306 1985 Crassi,
1329 1946 1372 1976 et
1398 1936 1567 1990 pontifi-

139 1993 208 2044 cii,
229 2001 272 2034 et
291 1993 420 2034 civilis
435 1992 542 2049 juris
564 1992 704 2034 studio
725 1992 902 2047 loquar?
935 2001 1008 2033 aut
1033 1991 1084 2032 de
1114 1991 1240 2047 hujus
1272 1993 1316 2032 P.
1348 1992 1570 2047 Scipionis,

141 2050 214 2105 qui
242 2048 307 2090 his
336 2049 480 2105 paucis
503 2049 661 2090 'diebus
691 2048 879 2104 pontifex
907 2048 1116 2088 maximus
1141 2048 1278 2089 factus
1307 2049 1401 2089 est?
1434 2048 1570 2104 Atqui

140 2120 214 2147 eos
235 2119 396 2156 omnes,
416 2120 523 2161 quos
553 2104 896 2155 commemoravi,
917 2104 982 2145 his
1014 2104 1162 2145 studiis
1195 2105 1419 2160 flagrantes
1453 2118 1570 2145 senes

139 2161 336 2203 vidimus.
393 2163 461 2203 M.
492 2176 590 2203 vero
623 2161 884 2217 Cethegum,
915 2174 1041 2216 quem
1073 2170 1185 2202 recte
1217 2161 1369 2202 Suadae
1405 2160 1571 2202 med-ul-

140 2217 227 2260 lam
258 2218 364 2260 dixit
393 2219 568 2269 Ennius,
600 2226 759 2274 quanto
789 2217 930 2258 studio
965 2218 1146 2258 exerceri
1174 2217 1217 2258 in
1248 2217 1430 2258 dicendo
1459 2217 1572 2258 vide—

142 2275 308 2327 bamus,
329 2275 458 2316 etiam
479 2289 621 2316 senem
639 2276 652 2315 ?
686 2275 796 2316 Quae
816 2283 914 2315 sunt
942 2273 1072 2329 igitur
1089 2274 1323 2329 epularum,
1344 2284 1418 2315 aut
1445 2273 1572 2315 ludo-

143 2345 252 2382 rum,
277 2341 350 2373 aut
381 2340 618 2373 scortorum
646 2330 881 2385 voluptates
913 2344 1011 2371 cum
1045 2329 1110 2370 his
1138 2329 1424 2385 voluptatibus
1452 2345 1572 2371 com-

142 2387 338 2443 parandae
358 2389 371 2428 ?
403 2388 549 2444 Atque
578 2387 670 2428 haec
699 2386 871 2442 quidem
893 2386 1032 2427 studia
1051 2385 1268 2428 doctrinae.
1290 2402 1385 2442 quae
1401 2387 1572 2442 quidem

144 2443 437 2499 prudentibus,
456 2454 499 2485 et
527 2445 634 2485 bene
653 2443 855 2484 institutis
884 2443 1040 2497 pariter
1069 2457 1169 2484 cum
1201 2451 1324 2485 aetate
1353 2451 1571 2484 crescunt:

143 2509 193 2542 ut
221 2500 447 2542 honestum
476 2499 583 2542 illud
613 2499 782 2541 Solonis
812 2499 880 2550 sit,
911 2499 1028 2555 quod
1056 2499 1115 2541 ait
1137 2499 1342 2541 versiculo
1372 2498 1574 2555 quodam,

144 2566 194 2598 ut
222 2565 320 2597 ante
350 2555 450 2606 dixi,
479 2570 694 2598 senescere
723 2570 782 2607 se,
812 2556 947 2596 multa
975 2555 1109 2596 indies
1138 2556 1454 2598 addiscentem:
1491 2570 1575 2611 qua
1629 2586 1631 2588 v

145 2612 361 2669 voluptate
380 2612 508 2654 animi
534 2613 649 2654 nulla
668 2621 780 2654 certe
804 2620 946 2669 potest
970 2627 1062 2654 esse
1085 2613 1234 2670 major.
1294 2612 1432 2654 Venio
1462 2626 1574 2653 nunc
1594 2607 1657 2657 l5

189 2742 230 2769 39
252 2735 323 2765 mori
345 2742 431 2776 paene
459 2734 643 2777 videbamus]
677 2737 838 2768 Transtuli
882 2739 1019 2768 nomicis
1041 2746 1146 2768 sermo
1164 2743 1229 2767 est:
1254 2736 1386 2776 pertinet
1406 2736 1511 2774 itaque
1528 2734 1577 2764 de-

147 2780 214 2810 huc
226 2784 324 2818 paene,
340 2786 376 2810 ut
396 2785 427 2808 et
444 2779 568 2809 Graevio
590 2779 744 2820 placebat,
761 2790 841 2811 cum
883 2780 1015 2817 scribere,
1032 2782 1070 2810 ad
1087 2790 1134 2811 res
1148 2779 1290 2811 coelestes
1305 2787 1480 2819 earumque
1495 2778 1577 2819 figu-

146 2821 243 2860 vulgo
258 2822 298 2852 sit
311 2828 384 2852 ante
400 2821 476 2850 coeli.
883 2833 944 2862 ras,
960 2823 1107 2854 zeiclmen.

191 2871 231 2896 40
253 2863 371 2906 aliquid
383 2861 551 2905 describere]
572 2865 621 2896 De
637 2865 729 2897 rebus
744 2871 840 2897 astro·
