1844 3202
581 117 992 156 CONSOLATIO.
1423 121 1521 162 1009

95 227 404 269 immortalibus
434 226 547 281 ipsiS,
579 227 619 266 in
649 240 794 267 eorum
826 234 939 265 coetu
970 224 1166 273 locatam,
1198 221 1248 263 ad
1281 221 1521 277 opinionem

95 283 285 325 omnium
318 283 556 324 mortalium
588 283 858 323 consecrabo.
916 282 982 321 Tu
1009 295 1111 335 ergo
1143 280 1182 319 in
1210 294 1261 319 eo
1288 280 1378 333 ipso
1409 279 1522 328 fano,

95 341 211 396 quod
231 340 283 380 ad
311 339 489 381 nominis
510 339 570 379 tui
599 338 861 388 memoriam,
884 352 931 378 ac
963 336 1141 385 cultum,
1163 344 1321 384 votum,
1353 334 1522 375 dedica-

98 407 273 452 tumque
312 406 389 446 est,
420 405 462 435 et
503 395 661 436 laudari
692 405 747 444 te,
769 404 811 435 et
850 394 932 434 coli
964 393 1128 433 senties.
1160 391 1340 431 maxime
1379 401 1519 430 autem

97 453 305 494 laetaberis
324 453 364 492 in
385 466 452 501 eO,
473 453 586 506 quod
608 462 650 493 et
670 466 767 492 eum
789 450 881 499 tibi,
902 463 1029 505 quem
1059 448 1238 488 maxime
1269 447 1410 496 debui,
1444 446 1523 486 ho-

98 524 242 549 norem
273 507 556 563 persolverim,
578 518 620 549 et
646 522 712 548 me
733 506 858 547 simul
887 505 1149 560 iniquissimo
1180 504 1360 544 fortunae
1391 503 1523 556 impe-

98 566 160 606 rio
182 564 347 620 penitus
368 564 626 604 exsolverim.
648 563 757 603 nosti
782 562 909 611 enim,
931 575 1057 616 quam
1087 573 1251 615 semper
1278 559 1417 608 alacri,
1438 560 1523 598 for-

98 622 213 676 tique
241 621 382 660 animo
410 621 572 661 cunctis
603 620 767 661 casibus
797 618 1048 658 restiterim:
1081 626 1130 657 ut
1160 631 1210 656 ne
1240 630 1308 656 me
1339 613 1525 671 quidem,

99 677 268 732 pulsum
289 677 436 731 patria,
458 677 657 731 omnique
677 675 798 730 plane
826 673 1032 729 dignitate
1061 673 1303 728 spoliatum,
1324 683 1409 712 tam
1441 670 1525 710 acri

99 734 261 788 impetu
282 734 488 788 frangere,
507 747 555 773 ac
584 731 763 787 dejicere
785 731 952 770 fortuna
981 729 1181 785 potuerit.
1241 728 1354 769 Cum
1384 725 1526 768 inimi-

99 789 159 830 cis
198 798 337 830 autem
374 799 530 845 quanta
567 787 837 829 contentione
874 786 1186 836 decertaverim,
1216 799 1396 840 quaeque
1433 796 1529 824 mea

101 846 229 887 fuerit
257 846 299 886 in
328 845 377 885 iis
408 844 653 895 refutandis,
683 842 1011 899 frangendisque
1032 843 1176 892 virtus,
1207 851 1249 882 et
1278 839 1528 890 constantia,

101 910 256 943 norunt
276 915 435 951 omnes,
457 901 529 956 qui
551 901 681 941 varios
702 900 877 941 civitatis
903 908 1056 940 nostrae
1078 913 1198 940 casus
1219 898 1382 939 curiose
1408 904 1529 937 nota-

101 966 262 999 verunt.
324 957 434 999 Cum
454 972 564 1007 vero,
585 956 737 1006 Tullia,
758 965 799 997 te
821 955 923 996 mihi
944 965 1133 998 extremo
1153 955 1248 996 loco
1269 955 1436 995 fortuna
1456 952 1529 994 ad-

102 1014 287 1064 emisset,
306 1022 397 1054 tum
418 1013 613 1069 equidem
635 1012 833 1064 intellexi,
855 1021 1059 1068 quantum
1078 1011 1148 1053 illa
1168 1012 1210 1052 in
1235 1011 1359 1052 rebus
1390 1018 1532 1065 posset

103 1070 312 1120 humanis,
334 1079 571 1126 quantaque
600 1069 794 1110 adversus
823 1083 892 1109 me
917 1069 1054 1124 ipsum
1075 1069 1127 1119 vi,
1149 1082 1196 1108 ac
1227 1076 1437 1124 potestate
1467 1065 1531 1106 ni-

103 1135 274 1167 teretur.
303 1126 444 1182 itaque
477 1126 581 1167 nihil
611 1126 752 1176 habui,
774 1124 889 1181 quod
910 1125 1108 1175 dicerem,
1129 1125 1220 1175 nisi,
1242 1124 1358 1173 cedo,
1381 1132 1422 1164 et
1441 1136 1531 1162 ma-

105 1197 207 1223 num
229 1182 351 1234 tollo,
371 1197 467 1224 cum
490 1193 575 1224 tam
594 1184 710 1238 gravi
730 1190 905 1238 accepto
926 1182 1109 1232 vulnere,
1130 1181 1253 1236 plane
1273 1180 1417 1221 dolore
1437 1192 1532 1234 per-

103 1238 261 1289 culsus,
275 1248 399 1294 atque
417 1239 593 1280 afflictus
611 1254 760 1280 essem.
779 1240 907 1280 Nunc
921 1247 1065 1279 autem
1081 1247 1124 1278 et
1137 1237 1356 1293 praeceptis
1371 1236 1535 1291 sapien-

107 1295 176 1336 tiae
203 1295 398 1336 adversus
422 1310 593 1336 omnem
623 1296 800 1336 fortunae
823 1295 903 1336 vim
933 1295 1218 1344 confirmatus,
1238 1304 1295 1344 et,
1316 1302 1357 1334 te
1385 1305 1533 1333 conse-

106 1361 236 1403 crata,
256 1352 299 1392 in
319 1352 559 1407 coelumque
580 1363 763 1407 recepta,
785 1360 900 1392 tanta
917 1351 1091 1392 affectus
1111 1350 1340 1406 voluptate,
1363 1363 1410 1390 ac
1430 1347 1537 1389 laeti-

107 1408 178 1457 tia,
196 1417 397 1463 quantam
411 1408 550 1449 animo
567 1422 714 1464 capere
730 1407 955 1449 maximam
974 1422 1170 1462 possum:
1191 1407 1397 1448 exsultare
1412 1404 1537 1460 plane

108 1463 264 1515 videor,
285 1465 499 1520 victorque
521 1464 572 1505 de
597 1465 779 1515 fortuna,
801 1479 848 1505 ac
871 1464 922 1505 de
944 1465 1059 1505 omni
1087 1478 1257 1519 prorsus
1288 1462 1433 1504 dolore
1461 1460 1536 1501 tri-

109 1520 285 1575 umpho.
343 1522 411 1562 Tu
429 1536 548 1576 ergo,
570 1521 738 1576 quando
759 1535 827 1561 me
856 1520 1026 1575 insigni,
1048 1529 1092 1561 et
1121 1519 1339 1561 excellenti
1367 1528 1536 1560 tuarum

108 1575 248 1627 laude,
275 1577 561 1633 memoriaque
589 1577 804 1628 virtutum,
826 1586 913 1618 tam
944 1577 1141 1632 praeolare
1164 1576 1322 1632 juvisti,
1342 1589 1454 1616 nuno
1484 1573 1537 1615 ab

109 1632 350 1674 hominibus
379 1633 580 1689 sejuncta,
601 1648 683 1674 non
712 1648 780 1674 me
810 1633 1017 1684 deserens,
1040 1633 1113 1674 sed
1141 1631 1366 1688 aliquando
1397 1645 1538 1686 respe-

110 1697 242 1739 ctans,
281 1688 438 1745 perduc
473 1704 538 1740 eo,
569 1689 642 1730 ubi
673 1698 745 1730 tua
775 1689 943 1730 tandem
974 1689 1258 1731 collocutione
1287 1695 1538 1743 conspectu-

111 1759 193 1800 que
212 1745 348 1787 fruar:
380 1755 427 1787 ut
454 1756 497 1787 et
526 1746 685 1802 parenti
714 1745 776 1786 tui
797 1746 1101 1797 amantissimo,
1123 1761 1250 1802 quam
1270 1745 1538 1802 potissimum

111 1810 257 1856 optare
286 1801 428 1852 debes,
447 1802 627 1858 gratiam
649 1802 815 1853 referas,
837 1811 880 1843 et
899 1817 981 1858 ego
1001 1803 1137 1844 multo
1162 1803 1266 1843 mihi
1294 1801 1539 1858 gratiorem,

111 1857 330 1920 multoque
351 1858 650 1914 jucundiorem
671 1873 945 1914 congressum
976 1868 1167 1901 nostrum
1194 1859 1384 1902 futurum
1414 1856 1540 1898 intel-

110 1912 254 1968 ligam,
275 1929 402 1971 quam
422 1915 615 1966 insuavis,
635 1925 676 1956 et
697 1916 872 1956 acerbus
892 1916 1104 1972 digressus
1125 1916 1218 1957 fuit.

693 2232 974 2273 FINIS.
