1844 3202
550 90 726 129 LIBER
762 88 1004 127 PRIMUS.
1415 87 1490 128 631

67 202 145 253 nis,
161 199 351 242 doctrina
370 198 576 249 differens,
592 204 631 230 ⁴³
643 195 830 239 discendi
875 194 1017 236 uidem
1035 193 1211 234 facultas
1227 208 1315 249 par.
1339 208 1433 236 nam
1451 203 1497 247 et

68 257 256 300 sensibus
276 256 421 297 eadem
437 254 581 296 omnia
597 251 850 308 comprehen
883 258 1010 292 untur
1031 266 1040 290 ι
1063 258 1106 290 et
1126 264 1189 301 ea,
1211 264 1305 305 quae
1325 258 1497 293 movent

69 327 226 362 senSuS,
241 312 386 353 itidem
402 318 572 353 movent
590 310 803 351 omnium:
829 321 1007 364 quaeque
1021 306 1061 347 in
1084 306 1232 347 animis
1249 305 1497 361 imprimun-

67 377 150 419 tur,
172 368 224 409 de
244 369 396 425 quibus
416 376 512 409 ante
541 366 641 418 dixi,
662 365 871 407 inchoatae
899 362 1204 418 intelligentiae,
1235 362 1426 403 similiter
1456 363 1497 403 in

66 424 262 466 omnibus
294 424 618 479 imprimuntur:
649 422 937 477 interpresque
965 428 1030 460 est
1057 419 1208 460 mentis
1233 418 1387 469 oratio,
1407 432 1497 458 ver-

65 481 132 522 bis
150 480 402 536 discrepans,
422 479 635 521 sententiis
655 492 908 533 congruens.
951 478 1044 520 Nec
1066 484 1130 516 est
1149 474 1370 531 quisquam
1391 488 1495 530 gen·
1509 481 1554 512 31

65 537 120 578 tis
146 537 287 588 ullius,
309 537 381 593 qui
406 536 558 577 ducem
582 545 772 576 naturam
806 542 968 584 nactus,
987 532 1040 573 ad
1059 533 1255 573 virtutem
1286 531 1499 586 pervenire

69 608 152 635 non
183 593 329 648 possit.
388 594 481 634 Nec
503 592 641 633 solum
666 592 706 632 in
737 590 876 642 rectis,
898 598 937 622 44
953 589 1025 630 sed
1055 588 1184 629 etiam
1215 587 1255 628 in
1287 586 1498 643 pravitati-
1519 591 1577 636 11

68 649 164 700 bus,
194 649 368 705 insignis
399 658 463 690 est
493 647 663 689 humani
697 646 863 703 generis
897 644 1143 687 similitudo.
1179 659 1274 686 nam
1311 652 1354 686 et
1382 643 1502 685 volu-

68 714 186 803 ptate
206 707 426 760 capiuntur
446 719 616 746 omnes:
636 720 729 760 quae
746 703 824 745 etsi
843 702 1038 744 illecebra
1057 700 1343 756 turpitudinis,
1361 709 1502 742 tamen

101 762 198 804 abet
217 761 418 817 quiddam
437 762 573 803 simile
595 761 793 802 naturalis
811 759 924 800 boni.
940 767 978 790 4⁵
994 757 1172 799 laevitate
1187 758 1298 798 enim
1312 767 1354 798 et
1370 756 1504 799 suavi-

68 825 155 860 tate
171 817 397 869 delectans,
417 818 475 859 sic
491 818 544 859 ab
564 831 703 858 errore
719 816 885 867 mentis,
899 823 1116 870 tamquam
1137 814 1315 855 salutare
1329 813 1382 854 ali
1415 811 1503 863 uid,

71 874 316 916 asciscitur:
348 874 559 931 similique
592 874 756 914 inscitia
787 887 901 913 mors
930 872 1108 928 fugitur,
1134 871 1253 926 quasi
1283 870 1395 911 disso
1416 869 1508 911 utio.

73 940 258 972 naturae:
290 932 372 972 vita
403 931 627 987 expetitur,
662 930 759 986 quia
789 944 880 979 nos,
913 929 953 969 in
982 942 1067 984 quo
1098 927 1186 969 nati
1214 942 1373 977 sumus,
1403 940 1505 967 con-

72 987 204 1029 tinet:
237 987 358 1029 dolor
385 988 428 1028 in
458 987 650 1029 maximis
677 986 798 1028 malis
827 985 1009 1036 ducitur,
1035 999 1132 1025 curn
1165 998 1241 1024 sua
1267 983 1505 1039 asperitate,

72 1053 162 1085 tum
185 1043 298 1100 quod
323 1053 481 1085 naturae
503 1044 696 1084 interitus
716 1042 880 1083 videtur
900 1042 1032 1097 sequi.
1093 1041 1350 1096 Propterque
1375 1039 1505 1080 hone-
1518 1045 1569 1077 32

74 1100 192 1141 statis
224 1110 266 1141 et
292 1101 440 1156 gloriae
470 1100 806 1148 similitudinem,
833 1099 960 1149 beati,
991 1098 1062 1153 qui
1090 1096 1285 1140 honorati
1314 1105 1426 1146 sunt,
1449 1095 1508 1136 vi-

74 1156 227 1197 dentur
245 1174 253 1196 :
286 1157 426 1197 miseri
446 1165 604 1206 autem,
622 1156 693 1211 qui
714 1154 897 1210 inglorii.
917 1153 1136 1203 molestiae,
1158 1153 1332 1202 laetitiae,
1348 1151 1510 1207 cupidi-

75 1221 197 1262 tates,
219 1213 405 1263 timores,
427 1212 618 1253 similiter
639 1211 826 1252 omnium
849 1219 1010 1250 mentes
1029 1218 1307 1264 pervagantur
1325 1225 1334 1250 :
1362 1223 1453 1258 nee,
1476 1209 1510 1249 si

75 1268 294 1325 opiniones
314 1268 405 1309 aliae
426 1277 523 1309 sunt
542 1267 654 1324 apud
679 1266 799 1318 alios,
821 1266 994 1316 idcirco,
1017 1265 1090 1321 qui
1117 1279 1278 1314 canem,
1300 1273 1343 1306 et
1370 1265 1510 1316 felem,

78 1334 124 1367 ut
151 1325 268 1377 deos,
289 1325 449 1375 colunt,
477 1339 559 1365 non
591 1324 737 1365 eadem
767 1323 1081 1379 superstitione,
1109 1337 1192 1377 qua
1219 1330 1369 1362 ceterae
1405 1336 1511 1377 gen-

76 1390 154 1433 tes,
188 1383 495 1423 conflictantur.
555 1381 666 1423 Quae
697 1390 838 1422 autem
869 1380 981 1421 natio
1010 1393 1095 1419 nou
1131 1378 1392 1429 comitatem,
1430 1393 1512 1419 non

76 1438 395 1494 benignitatem,
428 1453 511 1479 non
542 1447 710 1493 gratum
746 1437 934 1477 animum
970 1444 1013 1476 et
1051 1434 1242 1476 beneficii
1276 1449 1507 1476 memorem

76 1494 244 1550 diligit?
281 1510 375 1551 quae
407 1495 626 1550 superbos,
659 1508 753 1550 quae
786 1492 1015 1543 maleficos,
1049 1507 1145 1547 quae
1178 1490 1383 1542 crudeles,
1414 1506 1510 1547 quae
1522 1498 1555 1530 b.

78 1551 266 1607 ingratos
300 1566 383 1592 non
419 1561 678 1607 aspernatur,
714 1565 799 1591 non
831 1549 951 1591 odit?
984 1548 1138 1604 quibus
1172 1562 1222 1588 ex
1253 1548 1378 1589 rebus
1412 1563 1511 1589 cum

78 1621 204 1649 omne
223 1622 357 1664 genus
381 1608 602 1649 hominum
630 1607 835 1648 sociatum
864 1606 972 1647 inter
992 1620 1035 1646 se
1054 1619 1145 1645 esse
1163 1605 1440 1660 intelligatur,
1462 1604 1515 1646 il·

77 1664 154 1705 lud
172 1675 406 1706 extremum
433 1672 511 1715 est,
542 1663 657 1720 quod
686 1672 798 1704 recte
825 1662 984 1704 vivendi
1012 1662 1118 1703 ratio
1146 1661 1340 1702 meliores
1373 1661 1514 1703 efficit.

81 1721 192 1763 Quae
218 1721 252 1762 si
276 1721 534 1778 approbatis,
560 1735 733 1777 pergam
764 1719 818 1760 ad
849 1719 1035 1775 reliqua:
1068 1718 1131 1759 sin
1161 1717 1262 1773 quid
1292 1718 1515 1773 requiritis,

81 1777 124 1818 id
152 1778 409 1833 explicemus
436 1778 566 1834 prius.
624 1779 719 1818 Att.
748 1777 843 1818 Nos
871 1790 967 1817 vero
994 1774 1126 1816 nihil:
1159 1784 1207 1815 ut
1229 1789 1306 1830 pro
1335 1784 1516 1831 utroque

81 1834 374 1890 respondeam.
1604 1881 1610 1883 ⁴

140 1891 205 1931 M.
249 1891 449 1946 Sequitur
485 1891 630 1946 igitur,
672 1889 724 1930 ad
774 1886 1108 1944 participandum
1155 1886 1286 1928 alium
1326 1888 1380 1929 ab
1419 1887 1516 1938 alio,
1537 1880 1598 1927 12

83 1953 125 1978 4⁶
139 1947 626 2002 communicandumque
655 1946 762 1987 inter
787 1959 935 1987 omnes
959 1944 1046 1999 juS‚
1079 1958 1155 1984 nos
1181 1952 1328 1984 natura
1347 1958 1437 1985 esse
1454 1944 1516 1985 fa-
1530 1953 1579 1986 33

84 2011 192 2046 ctos.
212 2013 339 2060 atque
366 2004 448 2045 hoc
476 2005 519 2045 in
547 2003 663 2044 omni
693 2003 772 2043 hac
803 2000 1087 2057 disputatione
1120 2000 1178 2040 sic
1207 2000 1388 2056 intelligi
1409 2001 1520 2051 volo,

85 2067 124 2097 ⁴7
141 2060 256 2116 quod
285 2060 423 2102 dicam
454 2065 644 2102 naturam
675 2073 793 2100 esse:
823 2066 983 2100 tantam
1014 2064 1157 2098 autem
1187 2071 1277 2097 esse
1303 2066 1525 2113 corrupte-

85 2116 172 2158 lam
198 2116 321 2158 malae
341 2116 672 2167 consuetudinis,
694 2125 742 2158 ut
768 2115 821 2156 ab
853 2128 904 2156 ea
933 2122 1149 2169 tamquam
1182 2113 1356 2168 igniculi
1385 2113 1522 2156 extin-

88 2182 274 2232 guantur
303 2188 329 2216 a
357 2183 506 2216 natura
535 2173 637 2225 dati,
667 2172 1006 2227 exorianturque,
1034 2178 1078 2211 et
1104 2170 1404 2213 confirmentur
1426 2170 1525 2212 vitia

133 2317 172 2343 43
196 2311 322 2341 discendi
337 2311 451 2353 quidem
455 2310 608 2351 facultate
617 2309 690 2350 par]
709 2310 785 2340 Non
826 2308 925 2340 vitate
950 2308 1021 2338 dedi
1049 2317 1106 2349 pro
1132 2306 1251 2337 lenitate
1280 2317 1297 2337 e
1327 2306 1391 2337 Ms.
1417 2305 1525 2336 Guelf.

91 2355 262 2385 commoda
278 2362 323 2385 est
337 2355 430 2385 lectio
445 2355 526 2385 haec.
571 2355 608 2384 In
624 2354 688 2384 Ms.
708 2354 786 2384 Har·
829 2362 907 2383 mox
928 2350 1069 2390 asperitas
1091 2357 1138 2381 est
1160 2351 1199 2380 de
1228 2350 1345 2382 dolore.
1368 2356 1399 2379 et
1424 2349 1525 2380 delevi

91 2395 144 2428 lei.
167 2406 186 2427 a
207 2407 307 2428 manu
329 2398 470 2429 secunda
492 2398 552 2427 fuit
563 2396 700 2437 facultas
715 2403 786 2436 par,
831 2401 883 2433 est,
900 2395 986 2434 quod
1001 2394 1088 2424 abest
1103 2395 1141 2424 ab
1157 2393 1270 2423 eodem
1286 2400 1315 2424 et
1330 2392 1399 2422 edd.
1415 2399 1490 2422 vett.

91 2440 178 2480 quod
200 2440 313 2479 placet,
330 2441 476 2480 mihique
492 2441 617 2471 dudum
641 2441 674 2471 in
697 2449 787 2470 men·
875 2443 914 2469 46
938 2437 1255 2477 communicandamque
1270 2436 1345 2466 inter
1360 2446 1450 2465 omnes
1460 2435 1526 2475 jus,

93 2488 160 2514 tem
176 2490 312 2514 venerat.
830 2493 878 2511 nos
900 2487 1005 2510 natura
1025 2492 1080 2510 esse
1090 2478 1207 2521 factos]
1233 2479 1283 2510 Sic
1305 2479 1425 2509 habent
1447 2479 1527 2511 Mss-

137 2533 178 2557 44
201 2526 251 2555 sed
261 2527 347 2556 etiam
363 2526 392 2556 in
402 2523 621 2566 pravitatibus]
639 2525 705 2556 Ms.
719 2526 790 2564 qui-
832 2525 940 2554 Guelf.
957 2531 988 2554 et
1003 2524 1054 2554 alii
1079 2524 1161 2562 apud
1177 2523 1356 2552 Davisiurn.
1369 2521 1466 2560 vulgo
1481 2527 1528 2551 est

94 2569 170 2599 dam
185 2575 216 2599 et
230 2569 300 2599 edd.
317 2576 388 2599 vett.
413 2570 533 2599 babent
553 2568 583 2597 in
595 2568 701 2607 pravis
716 2568 789 2597 acti-
832 2567 907 2596 inter
922 2578 1024 2603 omnes,
1040 2566 1133 2606 justos
1150 2572 1256 2595 natura
1278 2575 1324 2594 nos
1347 2575 1370 2593 e.
1385 2565 1418 2604 f.
1442 2564 1528 2602 quod

96 2610 159 2648 bus,
174 2613 260 2651 quod
276 2618 305 2641 et
321 2613 474 2642 revocavit
489 2611 647 2642 Davisius.
685 2611 792 2641 Victo·
837 2611 989 2640 Gruterus
1013 2620 1052 2640 ex
1074 2610 1143 2639 edd.
1167 2608 1371 2648 quibusdam,
1396 2614 1431 2637 ut
1446 2607 1528 2638 Ven-

98 2655 162 2687 rius
192 2655 286 2685 edidit
308 2655 522 2693 pravitatibus,
552 2655 638 2694 quod
667 2661 698 2683 et
728 2654 791 2684 Ms.
839 2660 932 2686 1494.
949 2653 1074 2692 recepit.

98 2696 207 2729 Guelf.
222 2698 329 2734 habet,
349 2698 443 2736 idque
466 2698 581 2728 melius
603 2704 692 2737 puto.
710 2696 793 2726 rectis
880 2703 917 2731 47
944 2697 1019 2738 quod
1033 2696 1126 2724 dit-am
1141 2701 1277 2723 naturam
1287 2691 1354 2729 esse]
1374 2692 1445 2721 Hoc
1459 2702 1530 2722 sen-

97 2747 304 2779 opponuntur
313 2747 432 2779 prava:
457 2751 512 2781 pro
529 2750 624 2781 pravo
643 2746 725 2770 recte
747 2740 790 2769 di·
836 2749 910 2769 sum
923 2749 988 2769 non
1001 2739 1108 2768 habet.
1131 2737 1237 2767 Placet
1248 2737 1430 2773 conjectura
1443 2735 1531 2766 Pear,

98 2783 182 2814 citur
197 2785 340 2822 pravitas.
837 2783 890 2821 cii,
897 2781 949 2822 jus
965 2781 1041 2826 quod
1053 2781 1161 2820 dicam,
1176 2787 1281 2811 natura
1298 2789 1364 2810 esse.

143 2832 183 2857 45
207 2824 342 2857 laevitate
355 2825 430 2857 enim
445 2832 473 2856 et
489 2836 533 2858 su.
548 2823 707 2867 delectans]
725 2825 795 2857 Lae-
