1844 3202
657 125 1064 166 consotATm.
1503 97 1579 174 9'73

132 235 273 291 pudor
296 245 340 278 ct
360 235 606 278 verecundia
622 251 633 286 3
667 236 726 277 sic
747 244 895 279 contra
914 234 1072 276 doloris
1094 247 1283 274 morsum
1310 233 1579 290 philosophia

134 293 256 334 nobis
279 293 380 334 data
399 302 464 334 est
489 292 665 334 deorum
693 291 997 333 immortalium
1019 304 1220 331 concessu
1241 300 1366 345 atque
1388 305 1576 332 munere.

132 363 260 404 quam
290 359 337 390 ut
370 364 495 390 nemo
526 349 624 390 satis
653 363 729 405 pro
755 348 962 403 dignitate
991 346 1162 387 laudare
1191 357 1333 400 queat,
1356 347 1413 386 sic
1448 362 1576 402 quam

131 405 302 459 plurimi
338 407 488 446 mentis
517 405 879 462 tranquillitatem,
908 403 1036 444 animi
1068 401 1419 451 moderationem,
1440 403 1480 443 in
1500 419 1575 445 vo-

130 461 314 516 luptates
337 461 576 516 imperium,
597 462 638 502 in
666 462 818 502 acerba
846 460 989 502 omnia
1017 473 1228 500 summam
1257 458 1468 514 quandam
1490 460 1573 501 vim

128 533 178 559 ac
200 517 492 559 fortitudinem
515 518 573 559 illi
599 519 670 559 uni
689 528 906 572 acceptam
936 517 1117 557 referant
1146 529 1313 556 neeesse
1343 525 1421 556 est.
1481 516 1572 556 Ne-

129 588 212 630 que
234 589 308 615 nos
326 584 400 615 aut
420 575 459 614 in
478 574 623 615 exsilio
644 574 863 630 patientes,
879 583 952 614 aut
972 574 1012 613 in
1036 573 1245 612 honorum
1264 586 1390 612 cursu
1411 579 1574 627 tempe—

127 639 264 671 rantes
282 630 521 681 fuissemus,
539 640 610 671 aut
632 645 741 671 nunc
764 631 804 670 in
826 639 944 670 tanto
966 643 1146 669 moerore
1167 628 1374 683 sapienter
1393 638 1434 668 et
1450 628 1572 669 forti-

127 695 190 727 ter
212 700 484 736 versaremur,
508 687 584 727 nisi
606 697 695 737 tun,
717 685 987 741 philosophia
1006 685 1169 740 optima
1197 699 1333 725 rerum
1365 684 1570 725 bumana-

126 757 220 784 rum
240 743 509 794 moderatrix,
529 743 746 784 beneficio.
777 744 843 783 Tu
856 757 954 783 vero
971 742 1069 782 felix
1090 750 1132 781 ct
1154 742 1291 791 beata,
1304 741 1445 782 Tullia
1461 755 1570 792 mea,

126 800 161 840 si
187 800 280 854 quis
304 800 380 840 tibi
405 800 447 840 in
475 809 610 840 morte
636 814 781 840 sensus
809 809 887 849 est,
910 813 1005 854 quae
1035 806 1113 848 tot,
1134 798 1347 851 tantisque
1376 797 1569 849 miseriis,

125 856 278 911 quibus
305 857 521 911 proposita
552 856 700 897 fuisses
729 856 771 896 in
794 856 888 906 vita,
912 869 995 895 una
1028 861 1166 895 morte
1196 855 1418 909 perfuncta
1443 868 1514 895 es:
1545 869 1570 896 a

124 913 400 967 praesentibus
432 913 552 953 malis
582 912 791 967 expedita,
820 912 873 953 ab
905 910 1244 966 impendentibus
1274 919 1432 966 erepta,
1453 918 1496 951 et
1525 909 1569 952 in

123 978 218 1009 tuto
241 983 289 1009 ac
317 969 542 1025 tranquillo
572 969 723 1024 quietis
756 978 882 1024 portu
910 967 1133 1008 collocata.
1163 966 1316 1007 merito
1349 967 1425 1008 tibi
1454 981 1569 1008 mor-

123 1034 206 1065 tem
240 1025 473 1081 jucundam
508 1025 635 1066 fuisse
666 1035 827 1080 putem,
858 1039 957 1065 cum
988 1023 1052 1064 vel
1081 1038 1131 1064 ea
1160 1023 1286 1072 bona,
1319 1023 1473 1078 quibus
1503 1024 1566 1065 vi-

124 1082 234 1122 venti
265 1082 345 1122 frui
378 1082 512 1131 licuit,
543 1082 685 1122 animo
717 1090 903 1136 reputas,
925 1079 987 1122 vel
1017 1080 1143 1130 mala,
1173 1095 1268 1135 quae
1301 1080 1483 1121 moriens
1507 1080 1567 1121 vi-

120 1138 233 1187 tasti,
255 1147 410 1188 mente,
431 1153 479 1178 ac
500 1138 762 1193 cogitatione
796 1136 1102 1192 complecteris.
1163 1137 1258 1191 Ego
1287 1145 1444 1185 autern,
1466 1151 1565 1177 cum

123 1202 165 1234 te
196 1194 359 1235 felicem
387 1194 594 1250 judicem,
616 1209 678 1245 ac,
702 1195 735 1235 si
762 1194 901 1234 dicere
923 1193 1062 1243 liceat,
1085 1206 1205 1247 paene
1226 1192 1360 1232 oculis
1380 1206 1565 1244 cernam,

120 1264 194 1291 cur
224 1259 295 1292 tua
325 1261 461 1292 morte
487 1251 731 1292 excrucier?
765 1250 906 1305 potius
936 1249 1126 1299 laetabor,
1149 1263 1197 1289 ac
1225 1249 1316 1298 tibi,
1345 1258 1564 1304 tamquam

121 1306 174 1347 de
213 1322 256 1347 re
295 1308 572 1362 optatissima,
603 1307 864 1362 gratulabor.
901 1306 968 1346 cui
1008 1305 1086 1346 nisi
1120 1305 1347 1345 molestum
1383 1316 1461 1356 est,
1495 1320 1565 1346 me

112 1362 204 1418 jam
238 1373 363 1404 aetate
392 1366 633 1405 confectum
666 1364 707 1404 in
739 1372 824 1403 tam
856 1362 1100 1417 perturbata
1130 1361 1360 1416 republica,
1390 1371 1563 1417 tamque

120 1420 273 1460 misero
295 1421 386 1460 vitae
414 1434 568 1475 genere
599 1419 829 1475 reliquisse,
855 1418 956 1474 quid
982 1418 1072 1473 jam
1103 1431 1230 1472 grave
1259 1428 1332 1458 aut
1360 1419 1562 1459 acerbum

119 1490 211 1516 esse
242 1476 408 1531 possit?
443 1476 526 1517 Sed
557 1477 640 1517 hoc
671 1490 840 1531 qnoque
872 1475 1032 1515 ratione
1063 1475 1152 1529 ipsa
1182 1474 1311 1515 levius
1343 1474 1561 1529 aliquanto

118 1532 324 1573 efficitur:
355 1546 490 1588 neque
516 1541 563 1572 tu
592 1547 716 1580 nunc,
738 1532 839 1587 quid
869 1545 937 1571 me
967 1531 1150 1586 perferre
1177 1544 1347 1571 necesse
1379 1530 1447 1580 sit,
1469 1531 1560 1581 sed,

117 1603 245 1645 quam
268 1603 352 1629 non
373 1588 510 1630 multo
532 1598 628 1644 post
649 1597 788 1629 tecum
810 1587 959 1628 iisdem
987 1587 1108 1628 bonis
1130 1601 1281 1628 usurus
1312 1587 1407 1637 sim,
1430 1587 1558 1629 debes

116 1645 318 1701 cogitare.
340 1644 445 1686 nihil
469 1645 582 1686 enim
603 1645 793 1686 accidere
815 1643 936 1684 valde
965 1657 1091 1699 grave
1121 1653 1264 1698 potest
1294 1643 1360 1693 iis,
1380 1644 1452 1698 qui
1485 1657 1559 1700 spe

108 1700 202 1758 jam
233 1701 468 1756 propinqua
497 1701 628 1742 futuri
656 1701 756 1741 boni
782 1709 1034 1750 recreantur,
1055 1707 1098 1740 et
1128 1699 1310 1740 aluntur.
1371 1699 1453 1741 Sed
1484 1715 1558 1741 ne-

116 1757 204 1799 scio
226 1758 299 1813 qui
320 1773 396 1798 nos
418 1767 559 1799 teneat
583 1772 711 1806 error,
731 1766 805 1797 aut
831 1756 1077 1797 miserabilis
1109 1756 1322 1811 ignoratio
1344 1756 1442 1797 veri.
1473 1771 1557 1798 non

115 1813 228 1854 enim
265 1823 483 1869 tantopere
517 1814 639 1854 bonis
673 1813 949 1863 delectamur,
984 1827 1111 1868 quam
1145 1812 1266 1853 malis
1302 1812 1556 1868 affligimur:

115 1884 166 1910 ex
191 1885 276 1925 quo
301 1871 360 1922 fit,
383 1880 430 1911 ut
461 1871 551 1911 haec
580 1871 707 1911 etiam
738 1869 926 1910 nolentes
959 1883 1221 1924 augeamus:
1253 1869 1365 1910 bona
1397 1879 1557 1921 autem,

116 1941 211 1982 quae
233 1927 427 1977 fruendo,
450 1926 694 1982 cogitando,
714 1926 941 1982 gaudendo
962 1926 1124 1981 majora
1143 1925 1305 1966 efficere
1326 1926 1556 1981 expediret,

115 1983 242 2023 etiam
263 1983 515 2024 deteramus.
537 1982 652 2038 quod
677 1992 790 2023 certe
812 1982 985 2022 minime
1005 1991 1235 2037 oporteret.
1257 1997 1369 2032 nam,
1391 1982 1423 2023 si
1446 1984 1555 2024 serio

116 2039 329 2094 disputare
350 2037 559 2088 volumus,
589 2054 664 2080 cur
689 2039 870 2088 dolores,
893 2053 1042 2094 resque
1060 2037 1252 2079 adversas
1279 2039 1554 2094 refugiamus,

115 2111 210 2150 quae
232 2096 523 2138 fortitudinem
545 2096 587 2137 in
615 2096 736 2137 nobis
756 2096 954 2151 gignunt,
975 2104 1019 2135 et
1037 2095 1222 2136 efficiunt
1240 2096 1253 2136 ?
1287 2111 1382 2151 quae
1403 2096 1435 2136 si
1459 2097 1554 2137 nul-

113 2152 155 2193 la
174 2163 326 2203 essent,
350 2153 463 2194 nulla
488 2153 679 2209 profecto
700 2152 906 2194 fortitudo
927 2162 1241 2206 agnosceretur.
1269 2167 1345 2193 cur
1370 2163 1552 2194 mortem

114 2207 375 2260 horreamus,
396 2224 491 2265 quae
512 2209 678 2250 assidua
699 2209 762 2250 sui
783 2209 1002 2258 memoria,
1024 2223 1100 2249 nos
1122 2218 1170 2249 ut
1190 2208 1387 2250 meliores
1407 2209 1554 2261 simus,

115 2263 347 2307 admonet?
382 2280 458 2307 nec
490 2266 660 2321 patitur,
691 2265 743 2306 ad
773 2280 823 2306 ea
852 2280 929 2306 nos
959 2264 1146 2306 animum
1180 2264 1426 2321 adjungere,
1457 2281 1553 2322 quae

114 2320 296 2376 aliquam
328 2322 489 2363 nomini
518 2330 662 2364 nostro
681 2323 744 2363 vel
776 2321 1123 2376 intemperantiae,
1148 2322 1207 2362 vel
1239 2323 1454 2378 injustitiie
1477 2338 1554 2364 no-

113 2386 201 2418 tam
234 2380 395 2433 possint
424 2380 603 2420 inurere.
661 2380 782 2420 Bona
808 2393 922 2428 vero,
953 2388 996 2420 et
1025 2393 1091 2430 ea,-
1120 2393 1214 2434 quae
1246 2379 1480 2434 probantur
1509 2380 1551 2420 in

113 2434 279 2489 vulgUS,
301 2450 375 2476 cur
401 2445 619 2491 tantopere
646 2436 924 2491 appetamus?
957 2450 1053 2491 quae
1082 2436 1314 2485 consecuti,
1336 2437 1552 2477 molliores

111 2490 376 2547 plerumque,
407 2507 455 2532 ac
488 2492 714 2534 deteriores
748 2491 977 2532 evadimus.
1007 2491 1149 2547 itaque
1187 2491 1252 2533 his
1285 2492 1551 2547 voluptatum

111 2548 332 2589 lenociniis
362 2548 595 2600 obruimur,
626 2558 675 2590 ut
713 2549 944 2590 discessum
975 2562 1025 2589 ex
1063 2548 1143 2590 hac
1173 2549 1256 2589 vita
1294 2548 1551 2604 impendere,

112 2603 178 2644 vix
208 2604 434 2661 aliquando
468 2606 752 2647 recordemur.
811 2605 1028 2660 Sapienter
1055 2605 1408 2660 philosophorum
1438 2606 1553 2661 prin·
1596 2650 1598 2652 ,

112 2674 228 2716 ceps,
249 2671 291 2702 et
311 2661 514 2716 magister
539 2661 682 2704 Plato:
713 2677 808 2718 quae
837 2677 982 2702 sensus
1014 2663 1190 2717 appetit,
1226 2671 1300 2702 aut
1325 2662 1461 2711 timet,
1487 2663 1551 2703 ni-

112 2715 175 2758 hil
205 2717 320 2759 aliud
355 2732 461 2769 esse,
494 2733 618 2773 quam
657 2719 834 2760 somnia.
863 2718 1004 2773 itaque
1038 2719 1203 2773 penitus
1240 2719 1552 2760 contemnenda

112 2786 218 2814 esse.
249 2775 360 2815 mala
389 2789 487 2815 vero
518 2783 566 2815 ut
595 2774 790 2825 vitentur,
821 2774 874 2815 ad
906 2783 1061 2815 aeterna
1091 2773 1429 2830 properandum:
1464 2790 1550 2831 quo

113 2829 191 2870 nisi
212 2831 450 2886 confugias,
470 2831 587 2872 vitari
610 2846 839 2888 numquam
869 2845 1006 2887 posse.
1039 2841 1080 2872 at
1111 2831 1164 2872 ad
1194 2840 1347 2871 aeterna
1374 2846 1424 2872 ne
1453 2847 1551 2887 pro-

171 2899 286 2929 vor„
311 2901 379 2929 ιν.
405 2902 442 2929 P.
467 2902 522 2928 11.
927 2901 950 2941 3
978 2901 1004 2928 R
