1844 3202
629 130 1034 169 FRAGMENTA.
1467 141 1543 182 90⁵

115 240 319 297 negligat,
341 239 516 283 stultitia
533 248 595 280 est
614 238 804 279 dicenda.
862 238 993 295 Quod
1015 239 1048 279 si
1071 253 1218 280 omnes
1240 240 1400 295 populi,
1420 255 1547 297 penes

145 312 221 339 uos
241 299 295 340 sit
324 297 560 353 imperium,
582 295 745 359 ipsique
766 296 959 345 Romani,
980 295 1051 351 qui
1072 295 1217 336 orbcm
1241 305 1378 337 totum
1400 313 1546 353 posse-

114 313 228 407 dere,
243 355 454 411 justitiam
477 352 595 407 sequi
615 352 754 404 vehnt,
775 366 823 393 ac
854 367 977 393 suum
1006 351 1159 407 cuique
1178 352 1411 404 restituere,
1431 355 1548 410 quod

112 410 151 451 vi
171 418 214 450 et
234 411 359 452 armis
379 417 702 464 occupaverunt,
723 408 776 449 ad
803 422 933 459 casas,
954 418 997 449 et
1021 417 1256 464 egestatem
1277 420 1547 452 revertentur.

145 467 231 508 uod
245 468 279 508 si
293 466 634 522 fecerint‚justos
650 465 840 507 dicemus
858 465 1044 521 quidem,
1062 465 1136 506 sed
1154 475 1295 506 tamen
1313 465 1464 506 stultos
1477 467 1550 523 ju-

114 481 252 564 dicare
267 536 434 564 neccsse
447 532 525 573 est,
539 521 627 578 qui,
643 530 690 563 ut
706 522 796 562 aliis
818 521 991 577 prosint,
1009 521 1087 562 sibi
1105 536 1255 563 nocere
1276 522 1549 564 contendunt.

171 581 322 621 LAc'r.
349 579 394 631 (l.
416 589 455 620 5.
478 593 510 620 c.
540 580 615 632 16.)
652 578 768 634 Epic.
789 594 822 619 c.
843 580 930 632 56.)
964 580 1108 620 Bonus
1128 578 1186 619 vir
1216 579 1249 620 si
1280 578 1434 620 habeat
1464 594 1551 620 scr-

115 650 209 676 vum
234 636 476 692 fugitivum,
495 635 559 676 vel
585 635 759 676 domum
789 635 1058 686 insalubrem,
1081 650 1129 676 ac
1154 635 1435 691 pestilentem,
1456 651 1551 691 quae

115 692 213 733 vitia
233 694 346 734 solus
369 693 487 742 sciat,
508 701 550 733 et
577 691 671 733 ideo
690 692 939 748 proscribat,
960 701 1008 733 ut
1027 691 1204 733 vendat:
1235 701 1430 733 utrumne
1453 707 1552 748 pro-

115 748 313 801 fitebitur,
346 749 568 805 fugitivum
599 763 779 800 servum,
810 763 857 790 ac
888 748 1154 804 pestilentem
1182 748 1359 789 domum
1388 764 1432 790 se
1457 764 1554 790 ven-

115 804 228 855 dere,
254 821 305 846 an
335 806 489 847 celabit
514 807 749 846 emtorem?
783 806 816 846 si
849 805 1115 860 profitebitur
1140 805 1306 856 emtori,
1329 805 1553 861 fugitivum

116 875 208 902 esse
227 879 235 903 :
268 863 404 904 bonus
426 861 614 917 quidem,
636 862 735 918 quia
757 877 840 902 non
861 862 992 912 fallet,
1015 861 1087 902 sed
1109 871 1248 903 tamen
1271 862 1555 918 stultusjudi-

116 919 295 969 cabitur,
315 920 413 975 quia
437 919 499 959 vel
526 933 651 973 parvo
673 919 838 969 vendet,
858 919 920 959 vel
942 918 1115 959 omnino
1141 934 1224 959 uon
1246 918 1408 961 vendet.
1432 919 1464 960 si
1486 934 1555 959 ce-

116 974 274 1026 laverit,
295 977 373 1017 erit
393 975 561 1031 quidem
584 975 761 1030 sapiens,
784 975 964 1031 quia-rei
986 975 1178 1016 consulet
1196 993 1205 1016 :
1239 975 1310 1016 sed
1332 976 1443 1016 idem
1465 991 1556 1016 ma-

118 1032 198 1082 1ης,
229 1033 328 1088 quia
358 1033 488 1073 fallet.
547 1032 729 1082 Deinde,
751 1032 784 1073 si
815 1032 991 1087 reperiat
1022 1032 1255 1083 hominem,
1278 1033 1349 1088 qui
1380 1042 1451 1074 aut
1483 1047 1559 1073 au-

119 1104 211 1129 rum
234 1103 310 1144 pro
330 1089 558 1138 orichalco,
581 1099 653 1130 aut
685 1099 905 1144 argentum
928 1103 1004 1143 pro
1027 1088 1204 1143 plumbo
1226 1089 1375 1130 vendat
1395 1103 1470 1145 per
1491 1105 1557 1129 cr·

119 1159 274 1195 rorem,
297 1155 422 1201 atque
443 1146 484 1186 id
507 1159 645 1186 emere
668 1146 891 1186 necessitas
913 1155 1067 1200 cogat:
1100 1154 1240 1186 utrum
1260 1145 1556 1196 dissimulabit,

119 1210 162 1242 et
190 1211 304 1242 emet
332 1217 472 1257 parvo,
506 1217 557 1242 an
591 1203 731 1256 potius
766 1202 997 1242 indicabit?
1024 1202 1166 1257 justus
1200 1202 1347 1258 utique
1379 1202 1556 1253 dicetur,

119 1257 217 1314 quia
237 1273 321 1299 non
342 1258 503 1308 fefellit,
527 1259 601 1299 sed
631 1258 741 1300 idem
765 1259 936 1308 stultus,
966 1259 1038 1315 qui
1059 1258 1174 1299 alteri
1199 1259 1346 1299 fecerit
1376 1259 1557 1309 lucrum,

119 1314 197 1356 sibi
229 1314 445 1356 damnum.
476 1315 550 1356 sed
582 1315 703 1356 facile
732 1315 784 1367 de
814 1315 969 1356 damno
999 1324 1086 1356 est:
1120 1315 1189 1371 qui
1223 1316 1254 1356 si
1288 1316 1369 1356 vita
1398 1317 1489 1372 ejus
1518 1316 1559 1357 in

120 1371 354 1426 periculum
389 1373 538 1422 veniet,
568 1381 615 1413 ut
645 1386 741 1413 eum
777 1371 1002 1427 aliquando
1034 1386 1204 1413 necesse
1235 1372 1302 1423 sit,
1328 1382 1402 1414 aut
1430 1387 1559 1414 occu-

118 1441 234 1483 pare,
254 1439 328 1470 aut
356 1429 480 1480 mori,
501 1428 600 1484 quid
632 1429 790 1470 faciet?
826 1426 969 1470 Potest
999 1428 1081 1469 hoc
1111 1429 1290 1480 evenire,
1314 1439 1363 1470 ut
1392 1430 1560 1470 naufra-

118 1485 191 1540 gio
211 1485 324 1526 facto
353 1485 533 1527 inveniat
560 1486 742 1541 aliquem
772 1485 1048 1536 imbecillum,
1069 1485 1224 1526 tabulae
1257 1485 1557 1527 inhaerentem:

120 1549 193 1584 aut
232 1542 342 1583 victo
384 1543 584 1593 exercitu,
624 1542 789 1598 fugiens
835 1542 1013 1598 reperiat
1054 1542 1238 1597 aliquem
1278 1542 1559 1593 vulneratum,

119 1612 231 1654 equo
259 1598 510 1640 insidentem
530 1615 538 1639 ε
569 1606 767 1640 utrumne
792 1609 866 1640 aut
894 1599 1012 1640 illum
1042 1598 1202 1649 tabula,
1221 1608 1295 1640 aut
1315 1599 1428 1640 hunc
1449 1613 1559 1655 equo

119 1654 376 1706 deturbabit,
396 1664 443 1696 ut
474 1656 562 1711 ipse
591 1655 726 1710 possit
754 1655 960 1696 evadere?
993 1655 1027 1695 si
1056 1655 1169 1696 volet
1190 1656 1331 1711 justus
1350 1669 1456 1707 esse,
1475 1671 1561 1697 non

120 1712 258 1753 faciet.
289 1712 362 1753 sed
395 1712 509 1753 idem
538 1712 692 1753 stultus
721 1712 996 1768 judicabitur,
1028 1712 1100 1767 qui
1129 1712 1230 1753 dum
1264 1712 1434 1753 alterius
1466 1713 1559 1753 vitae

122 1768 270 1822 parcit,
289 1782 407 1809 suam
430 1768 591 1824 perdet.
614 1769 648 1809 si
670 1769 808 1818 faciet,
829 1769 992 1824 sapiens
1018 1768 1189 1824 quidem
1219 1768 1441 1819 videbitur,
1462 1769 1563 1825 quia

122 1824 202 1865 sibi
219 1825 428 1866 consulit:
460 1825 532 1866 sed
554 1833 596 1866 et
616 1824 728 1866 idem
752 1825 902 1876 malus,
923 1826 1021 1880 quia
1041 1825 1223 1866 nocebit.

181 1882 330 1922 LACT.
354 1881 423 1922 lib.
446 1892 483 1922 5.
506 1893 594 1936 cap.
622 1883 697 1934 12.)
732 1883 906 1939 Quaero,
939 1882 972 1922 si
1003 1881 1088 1922 duo
1120 1881 1216 1933 sint,
1244 1897 1426 1938 quorum
1457 1881 1564 1923 alter

122 1937 309 1992 optimus
330 1937 403 1989 vir,
427 1939 704 1994 aequissimus,
726 1938 1086 1994 summajustitia,
1106 1938 1308 1994 singulari
1330 1939 1436 1980 fide:
1458 1939 1564 1980 alter

122 1993 277 2050 insigni
298 1995 454 2036 scelere
466 1994 518 2049 ‚et
538 1995 721 2036 audacia·
741 1995 1030 2036 existimetur:
1063 2005 1105 2036 et
1135 1995 1169 2035 si
1196 1995 1239 2035 in
1267 2010 1319 2036 eo
1342 1995 1395 2036 sit
1423 2009 1564 2036 errore

124 2050 282 2100 civitas,
303 2059 351 2093 ut
380 2052 541 2093 bonum
570 2051 688 2093 illurn
710 2052 859 2103 virum,
881 2051 1148 2102 sceleratum,
1169 2052 1468 2102 facinorosum,
1491 2066 1564 2092 ne-

125 2106 276 2149 farium
306 2116 456 2163 putet:
485 2117 634 2150 contra
662 2117 820 2159 autem,
843 2109 915 2164 qui
946 2108 1000 2149 sit
1025 2108 1377 2164 improbissimus,
1399 2123 1566 2149 summa

123 2176 213 2204 esse
243 2164 455 2219 probitate
484 2179 532 2206 ac
565 2165 644 2206 fide
674 2165 898 2216 existimet,
928 2179 1090 2221 proque
1121 2165 1200 2206 hac
1240 2166 1439 2221 opinione
1470 2180 1563 2205 om-

124 2219 243 2261 nium
265 2221 433 2272 civium,
453 2221 590 2263 bonus
611 2221 681 2263 ille
701 2223 760 2263 vir
780 2232 964 2273 vexetur,
991 2222 1189 2277 rapiatur,
1212 2237 1360 2263 manus
1379 2222 1417 2262 ei
1446 2222 1565 2263 deni-

126 2290 207 2332 que
228 2278 467 2328 afferantur,
487 2277 738 2320 effodiantur
758 2278 886 2329 oculi,
909 2278 1147 2328 damnetur,
1166 2278 1384 2329 vinciatur,
1405 2288 1565 2329 uratur,

126 2335 438 2386 exterminetur,
470 2344 622 2390 egeat:
654 2344 869 2389 postremo
896 2334 993 2391 jure
1027 2335 1152 2376 etiam
1181 2335 1347 2390 optimo
1368 2336 1566 2376 omnibus

128 2388 385 2432 miserrimus
405 2405 495 2432 esse
514 2391 726 2432 videatur:
758 2402 905 2433 contra
924 2400 1067 2432 autem
1087 2391 1157 2432 ille
1177 2391 1398 2447 improbus
1419 2391 1566 2433 laude-

126 2454 210 2495 tur,
240 2447 418 2499 colatur,
447 2448 501 2489 ab
531 2447 728 2489 omnibus
757 2448 972 2503 diligatur,
1001 2462 1148 2489 omnes
1177 2449 1231 2489 ad
1250 2463 1348 2490 eum
1370 2448 1566 2498 bonores,

128 2503 272 2544 omnia
292 2503 480 2559 imperia,
500 2519 647 2545 omnes
679 2519 796 2560 opes,
817 2519 963 2546 omnes
984 2504 1165 2561 denique
1186 2506 1318 2560 copiae
1340 2505 1566 2547 conferan-

130 2567 198 2600 tur
216 2574 226 2599 t
256 2559 315 2600 vir
335 2560 513 2616 denique
532 2561 718 2617 optimus
740 2562 930 2602 omnium
958 2561 1282 2612 existimatione,
1305 2571 1347 2603 et
1369 2561 1568 2616 dignissi-

130 2630 227 2657 mus
248 2616 364 2657 omni
385 2616 554 2658 fortuna
578 2617 822 2675 judicetur:
853 2618 947 2673 quis
969 2618 1136 2659 tandem
1166 2619 1245 2659 erit
1264 2627 1350 2660 tam
1381 2617 1569 2668 demens,

131 2671 204 2728 qui
224 2671 403 2723 dubitet,
424 2680 565 2714 utrum
587 2689 631 2715 se
652 2688 743 2715 esse
762 2674 912 2715 malit?

188 2730 321 2770 NON.
343 2729 618 2782 Famulatur.)
642 2732 718 2773 Est
747 2731 858 2771 enim
878 2745 1014 2786 genus
1036 2731 1203 2788 injustae
1225 2730 1449 2781 servitutis,
1470 2744 1568 2771 cum

131 2784 160 2825 ii
181 2794 279 2827 sunt
298 2785 483 2837 alterius,
504 2786 576 2841 qui
597 2787 660 2828 sui
681 2795 859 2843 possunt
879 2801 982 2830 esse.
1005 2802 1103 2829 cum
1126 2795 1269 2828 autem
1290 2786 1334 2827 hi
1357 2786 1570 2828 famulan-

132 2851 214 2882 tur.
755 2853 758 2856 ’
