1844 3202
565 125 746 166 LIBER
785 124 1123 166 SECUNDUS.
1482 131 1558 173 748

129 235 198 288 da,
224 242 269 279 et
296 230 543 278 collocanda
570 234 731 276 ratione
759 242 837 277 est.
895 242 935 266 ⁴2
950 233 1225 288 Quamquam
1252 232 1450 287 praeclare
1480 235 1559 288 So·
1571 241 1622 276 42

129 302 279 345 crates,
300 293 406 334 hanc
425 292 531 334 viam
551 291 603 333 ad
623 290 804 347 gloriam
824 291 1074 346 proximam,
1093 297 1136 330 et
1185 289 1274 329 uasi
1292 291 1562 345 compendia-

129 350 234 391 riam
267 349 434 390 dicebat
452 361 556 398 esse,
579 348 614 389 si
644 347 737 404 quis
757 347 800 389 id
825 355 982 403 ageret,
1002 355 1063 396 ut,
1085 359 1168 401 qua
1186 344 1220 385 is
1249 344 1392 386 haberi
1425 348 1562 398 vellet,

129 405 226 446 talis
251 412 375 446 esset.
435 404 563 460 Quod
593 404 627 446 si
660 404 733 460 qui
764 403 1045 453 simulatione,
1067 412 1110 442 et
1133 401 1244 443 inani
1266 403 1560 454 ostentatione,

128 470 173 502 et
193 462 290 502 ficto
310 475 394 502 non
416 461 546 502 modo
567 474 774 511 sermone,
795 461 869 501 sed
888 460 1014 501 etiam
1036 458 1168 508 vultu,
1189 458 1380 498 stabilem
1403 471 1447 499 se
1463 459 1560 513 glo-

128 517 232 558 riam
255 517 455 573 consequi
477 532 599 573 posse
618 525 775 568 rentur,
796 516 1061 558 vehementer
1086 523 1238 556 errant.
1296 515 1408 556 Vera
1425 515 1565 570 gloria

128 573 286 614 radices
315 574 419 629 agit,
449 583 577 629 atque
605 574 732 615 etiam
752 582 1012 629 propagatur
1033 589 1043 613 :
1075 571 1173 613 ficta
1196 570 1338 612 omnia
1356 569 1563 621 celeriter,

129 637 345 685 tamquam
368 630 543 682 flosculi,
566 630 781 682 decidunt,
801 644 877 671 nec
902 629 1145 671 simulatum
1166 636 1309 683 potest
1330 627 1563 683 quidquam

128 699 219 727 esse
240 686 500 728 diuturnum.
559 688 705 728 Testes
725 695 823 728 sunt
849 686 1046 742 permulti
1067 685 1109 726 in
1127 693 1351 740 utramque
1370 693 1533 738 partem
1551 700 1563 725 ε

128 742 201 782 sed
230 742 440 784 brevitatis
472 758 610 793 causa,
642 744 799 784 familia
823 743 978 784 erimus
999 741 1187 783 contenti
1207 755 1303 781 una.
1361 740 1428 784 Ti.
1449 739 1563 781 enim

129 799 363 851 Gracchus,
388 799 429 839 P.
450 801 495 841 F.
518 800 680 842 tamdiu
700 799 954 850 laudabitur,
971 798 1071 840 dum
1095 797 1300 838 memoria
1316 810 1454 837 rerum
1475 797 1562 838 Ro-

127 869 347 897 manarum
375 857 562 898 manebit
581 873 590 898 :
622 866 666 898 at
692 857 782 912 ejus
816 856 902 907 filii,
923 870 999 897 nec
1021 854 1098 896 vivi
1118 853 1405 910 probabantur
1424 853 1561 904 bonis,
1575 863 1670 897 νοω·

127 919 170 952 et
200 913 357 954 mortui
388 920 427 945 43
445 927 668 954 numerum
698 913 890 954 obtinent
911 913 1010 968 jure
1034 925 1260 953 caesorum.
1316 910 1403 965 Qui
1432 909 1603 966 igitura·

127 967 301 1024 adipisci
333 984 471 1012 veram
504 970 687 1026 gloriam
717 969 844 1020 volet,
874 969 1052 1026 justitiae
1086 968 1288 1023 fungatur
1323 966 1484 1009 officiis.
1514 981 1564 1008 ea
1581 947 1647 996 13

129 1040 223 1080 quse
244 1034 394 1077 essent,
415 1027 576 1068 dictum
596 1036 660 1068 est
679 1026 788 1068 libro
807 1026 1034 1081 superiore.

188 1082 285 1133 Sed,
306 1092 353 1124 ut
373 1083 586 1134 facillime,
607 1083 751 1139 quales
772 1082 917 1133 simus,
935 1082 1039 1124 tales
1058 1095 1150 1124 esse
1168 1080 1397 1132 videamur,
1417 1079 1497 1122 etsi
1521 1079 1627 1126 in44

129 1152 180 1177 eo
202 1140 294 1193 ipso
316 1140 372 1181 vis
395 1140 578 1181 maxima
594 1149 671 1191 est,
686 1148 734 1181 ut
752 1139 882 1181 simus
903 1140 945 1190 ii,
967 1139 1038 1195 qui
1056 1138 1201 1180 haberi
1217 1139 1406 1188 velimus,
1419 1146 1566 1178 tamen

130 1195 324 1247 qua‘dam
356 1206 566 1252 praecepta
591 1196 729 1237 danda
750 1204 860 1237 sunt.
892 1210 989 1237 nam
1011 1195 1044 1237 si
1065 1195 1158 1251 quis
1178 1195 1230 1235 ab
1252 1195 1421 1247 ineunte
1441 1201 1566 1235 aetate

128 1250 257 1292 habe-t
284 1267 455 1294 causam
483 1253 735 1294 celebritatis
764 1262 807 1294 et
834 1253 1029 1303 nominis,
1051 1260 1124 1293 aut
1149 1266 1173 1292 a
1192 1260 1310 1308 patre
1330 1259 1564 1306 acceptam,

133 1308 263 1361 (quod
294 1309 384 1359 tibi,
415 1309 474 1349 mi
505 1309 673 1360 Cicero,
703 1309 885 1351 arbitror
913 1309 1158 1364 contigisse)
1187 1318 1262 1350 aut
1290 1307 1433 1364 aliquo
1463 1320 1565 1348 casu

128 1374 254 1419 atque
287 1366 484 1406 fortuna:
517 1367 557 1406 in
590 1366 702 1407 hunc
736 1366 848 1407 oculi
882 1366 1072 1407 omnium
1104 1364 1402 1421 conjiciuntur,
1434 1372 1563 1419 atque

129 1430 167 1452 4¹
185 1423 224 1462 in
253 1437 366 1473 eum,
396 1422 497 1478 quid
528 1432 641 1478 agat,
672 1422 1031 1478 quemadmodum
1063 1422 1184 1472 vivat,
1215 1421 1465 1477 inquiritur:
1507 1427 1564 1470 et,

127 1489 345 1534 tamquam
375 1480 415 1520 in
447 1479 677 1520 clarissima
707 1479 799 1520 luce
828 1489 1027 1530 versetur,
1053 1479 1111 1519 ita
1139 1477 1302 1519 nullum
1334 1477 1564 1518 obscurum

127 1545 269 1591 potest
301 1550 376 1577 nec
406 1535 567 1577 dictum
601 1536 690 1591 ejus
719 1550 824 1586 esse,
853 1551 930 1577 nec
960 1536 1136 1577 factum.
1195 1535 1391 1591 Quorum
1422 1542 1563 1574 autem
1576 1546 1626 1579 45

106 1593 263 1647 -prima
294 1602 391 1633 aetas
424 1602 595 1648 propter
628 1593 911 1634 humilitatem
946 1601 989 1633 et
1020 1592 1323 1633 obscuritatem
1354 1591 1396 1631 in
1427 1589 1567 1630 homi-

128 1665 229 1689 num
261 1650 527 1704 ignoratione
558 1660 773 1691 versatur:
804 1649 846 1690 hi
877 1648 1001 1690 simul
1032 1663 1080 1689 ac
1103 1648 1280 1704 juvenes
1310 1661 1400 1688 esse
1425 1660 1567 1701 coepe-

129 1716 237 1755 runt,
261 1720 416 1761 magna
447 1714 649 1761 spectare,
671 1715 714 1747 et
742 1705 794 1746 ad
822 1720 870 1746 ea
896 1705 1018 1746 rectis
1047 1704 1194 1746 studiis
1216 1704 1372 1745 debent
1389 1713 1567 1744 conten-

128 1762 252 1802 dere:
284 1763 400 1818 quod
434 1777 485 1803 co
516 1762 696 1803 firmiore
722 1762 863 1802 animo
893 1762 1062 1813 facient,
1083 1761 1183 1817 quia
1209 1775 1294 1801 non
1322 1759 1451 1801 modo
1482 1773 1569 1800 non

128 1818 334 1859 inridetur
363 1819 423 1859 illi
454 1819 580 1869 aetati,
606 1834 748 1859 verum
780 1819 907 1859 etiam
939 1819 1114 1859 favetur.
1175 1818 1312 1858 Prima
1343 1817 1472 1872 igitur
1501 1826 1568 1856 est

106 1902 110 1904 -
128 1875 386 1916 adolescenti
407 1875 721 1916 commendatio
741 1876 794 1916 ad
815 1875 1012 1930 gloriam,
1032 1875 1065 1915 si
1087 1889 1171 1929 qua
1190 1888 1241 1914 ex
1260 1873 1420 1914 bellicis
1441 1872 1568 1913 rebus

127 1933 364 1986 comparari
386 1940 556 1986 potest3
588 1932 631 1973 in
660 1946 744 1987 qua
775 1932 898 1972 multi
919 1931 1031 1987 apud
1052 1931 1232 1987 majores
1254 1940 1421 1971 nostros
1441 1929 1569 1969 exsti-

107 1996 272 2028 .tcrunt
290 2004 299 2029 :
330 2002 495 2043 semper
515 1989 627 2029 enim
648 1989 735 2029 fere
756 1988 868 2029 bella
886 1989 1155 2043 gerebantur.
1193 1987 1285 2027 Tua
1304 1996 1445 2028 autem
1466 1994 1569 2026 aetas

128 2042 276 2086 incidit
305 2043 348 2085 in
377 2044 420 2085 id
449 2043 624 2095 bellum,
651 2044 772 2100 cujus
799 2044 930 2085 altera
958 2059 1054 2100 pars
1085 2043 1251 2085 sceleris
1282 2043 1460 2083 nimium
1491 2041 1569 2082 ha-

127 2100 221 2142 buit
235 2118 252 2152 ,·
281 2101 412 2142 altera
437 2101 651 2142 felicitatis
680 2115 845 2156 parum.
903 2102 1003 2157 Quo
1031 2111 1173 2142 tamen
1196 2100 1234 2140 in
1258 2099 1386 2149 bello,
1406 2113 1505 2140 cum
1527 2108 1571 2139 te

131 2157 355 2213 Pompeius
384 2157 462 2198 alae
492 2158 612 2199 alteri
639 2158 910 2214 praefecisset,
934 2172 1132 2212 magnam
1156 2156 1322 2197 laudem
1346 2166 1389 2197 et
1409 2170 1433 2195 a
1454 2169 1570 2196 sum-
1602 2176 1605 2179 ·

127 2228 201 2255 mo
220 2215 322 2265 viro,
341 2222 384 2255 et
412 2214 465 2255 ab
497 2215 684 2256 exercitu
717 2214 1030 2270 consequebare
1057 2212 1303 2269 equitando,
1323 2211 1572 2268 jaculando,

131 2271 247 2312 omni
266 2270 437 2312 militari
458 2270 602 2312 labore
622 2270 856 2312 tolerando.
883 2281 1011 2327 atque
1030 2284 1080 2311 ea
1099 2270 1269 2325 quidem
1294 2279 1367 2310 tua
1385 2267 1476 2309 laus
1496 2282 1571 2323 pa-

131 2327 231 2368 riter
249 2341 349 2369 cum
369 2327 585 2384 republica
604 2327 771 2370 cecidit.
809 2327 923 2369 Mihi
943 2335 1085 2369 autem
1106 2326 1198 2367 haec
1218 2325 1354 2368 oratio
1376 2332 1574 2380 suscepta

132 2485 169 2507 us
198 2475 237 2506 de
259 2476 414 2516 pecunia:
434 2476 567 2516 pecuniae
589 2488 642 2506 non
666 2475 829 2519 quarendae
917 2482 958 2507 44
995 2474 1026 2506 in
1056 2486 1133 2513 eum,
1165 2474 1240 2516 quid
1271 2472 1571 2516 agat—anquiritur]

130 2518 232 2554 solum,
250 2519 300 2548 sed
312 2519 399 2548 etiam
411 2519 582 2549 collocandae
598 2520 673 2549 ratio
689 2526 740 2550 est.
769 2520 829 2550 Sed
873 2519 1017 2550 Pearcius
1040 2519 1174 2549 correxit
1197 2518 1369 2560 inquiritur,
1384 2518 1460 2557 quia
1476 2517 1575 2557 inqui-

130 2571 242 2592 sensus
264 2568 310 2592 est
331 2562 429 2599 idem,
445 2569 475 2591 et
489 2564 608 2593 variare
622 2563 724 2594 voluit
740 2563 830 2593 Cice-
874 2573 936 2591 rere
959 2561 989 2591 in
1011 2561 1138 2604 aliquem
1159 2563 1323 2601 reperitur,
1340 2570 1404 2590 non
1421 2560 1575 2601 anquirere

132 2614 166 2635 ro
191 2605 380 2635 orationem.
429 2604 600 2635 collocanda
629 2612 675 2636 est
704 2615 830 2636 conset·
874 2605 905 2634 in
934 2604 1073 2647 aliquem.
1127 2605 1188 2635 Sed
1217 2603 1370 2645 anquirere
1399 2603 1484 2633 idem
1514 2607 1575 2638 est,

110 2669 113 2671 >
132 2649 235 2678 vanda
251 2655 281 2677 et
296 2648 452 2686 augenda.
873 2649 959 2687 quod
984 2648 1141 2688 inquirere,
1165 2656 1224 2676 nec
1247 2647 1398 2676 differunt
1420 2645 1479 2674 nisi
1504 2653 1576 2683 pro-

175 2697 216 2721 42
241 2688 439 2732 Quamquam]
465 2690 698 2731 Chapmannus
719 2691 830 2731 corrigi
874 2691 1091 2720 nunciatione.
1146 2690 1199 2719 Est
1222 2696 1331 2719 tamen
1356 2687 1515 2729 inquiritur
1542 2688 1576 2717 in

134 2732 272 2770 volebat,
289 2732 481 2775 quamobrem.
876 2734 942 2764 Ms.
965 2734 1079 2764 Dulsb-
1104 2739 1136 2763 et
1158 2733 1258 2762 Goth.
1283 2730 1436 2773 inquirunt
1451 2730 1484 2759 in
1500 2729 1575 2761 Cur.

178 2781 217 2806 43
242 2786 390 2806 numerum
411 2774 551 2814 obtinent]
571 2776 702 2816 Semper
717 2787 833 2807 nume·
877 2776 1046 2817 Inquiritur
1067 2782 1114 2806 est
1136 2777 1234 2805 etiam
1258 2774 1290 2804 in
1315 2774 1385 2804 edd.
1408 2782 1455 2812 pr.
1479 2772 1576 2804 Rom.

135 2818 288 2848 rabuntur
304 2819 384 2848 inter
395 2819 466 2857 jure
479 2828 588 2849 caesos.
602 2820 685 2850 male
700 2822 832 2861 quidam
875 2819 957 2848 ven.
986 2825 1078 2854 1470.
1105 2817 1236 2849 Mediol.
1262 2819 1319 2847 ἃς.
1348 2817 1453 2854 itaque
1476 2816 1507 2845 id
1531 2824 1576 2845 re—

135 2861 245 2892 dedere
259 2872 368 2899 nomen,
385 2869 421 2891 ut
437 2861 473 2891 C.
492 2862 641 2902 Langius.
876 2862 957 2901 cepi.
