1844 3202
639 126 719 164 DE
756 123 1066 163 AMICITIA.
1491 131 1566 164 825

147 235 334 291 sequitur
360 236 605 277 amicorum.
626 247 676 274 ex
704 247 789 289 quo
809 232 976 273 illorum
997 233 1120 273 beata
1140 246 1252 273 mors
1273 231 1456 274 videtur·
1487 233 1566 275 ho-

146 306 238 333 rum
260 292 340 333 vita
360 291 589 333 laudabilis.
610 290 724 354 quod
754 292 787 330 si
808 288 1007 330 exemeris
1029 303 1079 329 ex
1108 299 1253 330 natura
1274 302 1407 328 rerum
1441 299 1473 320 1⁴
1493 291 1566 330 be-

147 349 389 389 nexolmtiae
419 347 892 411 conjuncti011cn13nec
922 345 1073 385 domus
1103 345 1201 393 ulla,
1227 358 1301 384 nec
1332 345 1430 385 urbs
1460 354 1610 393 staret>

145 405 329 460 poterit·
360 419 410 444 ne
439 404 528 458 agri
566 402 734 466 quidem
766 402 904 443 cultus
933 401 1207 457 permanebit.
1244 399 1337 440 1⁵id
1367 400 1400 440 si
1430 402 1566 443 minus

145 460 405 514 intelligitur,
425 467 579 514 quanta
600 474 656 499 vis
677 458 871 499 amicitiae
892 457 1210 522 concordiaeque
1228 457 1308 498 sit:
1340 471 1387 496 ex
1409 457 1567 498 dissen-

144 517 328 557 sionibus
359 524 483 570 atque
520 515 737 556 discordiis
768 514 924 578 percipi
958 523 1109 569 potest.
1143 529 1235 569 quae
1270 513 1380 554 enim
1415 513 1568 555 domus

144 581 229 613 tam
251 572 424 620 stabilis,
448 586 539 627 quae
561 581 645 612 tam
677 571 792 611 firma
813 571 954 611 civitas
984 579 1060 621 est,
1083 585 1176 626 quae
1199 585 1280 611 non
1302 569 1423 619 odiis,
1444 579 1568 625 atque

143 627 323 668 dissidiis
343 628 529 668 funditus
558 627 690 684 possit
721 627 876 668 everti?
909 641 958 667 ex
985 641 1084 682 quo,
1106 636 1306 682 quantum
1331 626 1430 666 boni
1453 626 1505 667 sit
1526 626 1565 667 in

143 683 338 734 amicitia,
372 684 553 740 judicari
583 693 735 740 potest.
794 682 1121 747 Agrigentinum
1165 683 1350 738 quidem,
1389 683 1630 730 doctum24

142 740 350 805 quendam
372 756 518 790 virum,
541 741 793 782 carminibus
815 739 975 780 Graecis
995 740 1259 781 vaticinatum
1282 741 1449 781 ferunt:
1472 754 1566 795 quae

143 796 186 837 in
215 810 350 837 rerum
382 807 541 846 natura,
563 806 738 852 totoque
768 795 927 836 mundo
956 805 1208 846 constarent,
1228 811 1404 852 quaeque
1426 810 1568 837 move-

142 862 298 903 rentur,
319 867 367 894 ea
387 853 630 894 contrahere
660 852 901 902 amicitiam,
923 852 1122 907 dissipare
1142 853 1407 894 discordiam.
1440 863 1568 908 atque

142 909 223 950 hoc
254 910 420 965 quidem
457 924 603 950 omnes
633 909 829 950 mortales
861 918 903 949 et
935 909 1189 964 intelligunt,
1220 920 1261 950 et
1298 925 1340 950 re
1373 909 1566 964 probant.

143 965 306 1021 Itaque,
327 967 360 1007 si
391 966 559 1022 quando
586 965 756 1022 aliquod
783 965 967 1005 officium
989 966 1146 1006 exstitit
1165 966 1288 1006 amici
1306 966 1349 1008 in
1371 965 1566 1021 periculis

145 1031 217 1062 aut
237 1022 453 1072 adeundis,
472 1032 544 1064 aut
564 1021 937 1086 communicandis,
960 1022 1052 1077 quis
1071 1029 1148 1073 est,
1171 1023 1242 1078 qui
1268 1022 1310 1063 id
1332 1038 1413 1063 non
1435 1024 1567 1063 maxi·

145 1079 224 1119 mis
243 1080 386 1120 efferat
406 1078 627 1120 laudibus?
660 1079 731 1134 qui
761 1078 965 1119 clamores
991 1087 1082 1119 tota
1109 1093 1179 1119 cax
1184 1093 1232 1119 ea
1261 1093 1390 1143 nuper
1419 1079 1460 1119 in
1490 1078 1571 1119 ho-

143 1135 276 1190 spitis,
298 1143 340 1176 et
361 1136 483 1176 amici
502 1137 583 1176 mei
604 1136 669 1175 M.
690 1135 867 1183 Pacuuii,
888 1149 993 1175 nova
1014 1135 1180 1176 fabula:
1212 1150 1324 1186 cum,
1345 1136 1568 1190 ignorante

143 1204 257 1246 rege,
279 1201 373 1233 uter
398 1206 541 1232 eorum
568 1200 676 1231 esset
713 1192 898 1240 Orestes,
922 1190 1095 1247 Pylades
1118 1191 1308 1232 Orestem
1333 1206 1375 1232 se
1397 1206 1486 1232 esse
1506 1192 1570 1233 di-

143 1256 269 1298 ceret,
290 1258 339 1289 ut
359 1262 435 1303 pro
456 1248 528 1288 illo
549 1256 788 1288 necaretur:
820 1247 992 1288 Orestes
1013 1257 1170 1298 autem,
1193 1248 1250 1289 ita
1271 1258 1317 1290 ut
1337 1259 1439 1298 erat,
1460 1248 1567 1289 Ore—

140 1312 247 1344 stem
281 1319 326 1345 se
354 1318 443 1345 esse
474 1305 778 1360 perseveraret?
812 1311 969 1344 stantes
1003 1304 1258 1359 plaudebant
1290 1305 1331 1345 in
1366 1319 1408 1346 re
1443 1305 1566 1347 ficta:

142 1359 243 1415 quid
260 1360 538 1402 arbitramur
530 1376 570 1401 m
589 1375 683 1401 vera
698 1360 824 1401 fuisse
845 1360 1056 1401 facturos
1049 1362 1062 1391 >
1095 1361 1216 1402 facile
1248 1361 1488 1403 indicabat'
1479 1377 1570 1417 ipsa

142 1426 290 1458 natura
317 1417 396 1458 vim
427 1432 574 1459 suam.
604 1432 701 1458 cum
733 1416 939 1467 homines,
959 1416 1072 1472 quod
1101 1418 1272 1458 facere'
1262 1418 1341 1472 1psi
1366 1433 1447 1458 non
1469 1433 1570 1473 pos·
1608 1442 1616 1449 ·

140 1483 246 1524 sent,
276 1473 316 1515 id
347 1484 457 1515 recte
488 1474 612 1515 fieri
603 1489 642 1514 m
673 1473 804 1514 altero
827 1472 1079 1528 judicarent.
1139 1475 1357 1515 Hactenus
1385 1474 1489 1516 mihi
1508 1475 1569 1516 vi·

140 1529 259 1581 deor,
280 1529 331 1571 de
362 1530 546 1571 amicitia
574 1530 676 1585 quid
708 1530 919 1580 sentirem,
940 1530 1133 1595 potuisse
1149 1530 1301 1571 dicere.
1321 1531 1440 1586 siqua
1460 1546 1569 1587 prae-

139 1595 254 1627 terea
274 1597 371 1629 sunt
394 1586 537 1638 (credo
564 1596 704 1627 autem
733 1600 822 1627 esse
850 1586 999 1638 multa)
1028 1586 1081 1626 ab
1108 1587 1172 1637 iis,
1195 1587 1228 1628 si
1255 1587 1475 1639 videbitur,
1497 1588 1569 1644 qui

140 1640 222 1684 ista
265 1643 493 1699 disputant,
523 1644 759 1707 quaeritote.
819 1643 947 1682 Fann.
977 1644 1072 1683 Nos
1101 1653 1241 1683 autem
1273 1659 1298 1684 a
1327 1653 1368 1684 te
1398 1646 1567 1700 potius.
1580 1665 1629 1697 25

139 1713 398 1755 quamquam
418 1700 542 1740 etiam
565 1700 618 1740 ab
639 1699 727 1740 istis
748 1713 857 1753 saepe
878 1713 1032 1753 quaesn
1035 1714 1062 1749 1,
1082 1707 1124 1739 et
1144 1700 1295 1750 audivi,
1315 1715 1398 1741 non
1420 1702 1569 1743 invitus

139 1755 369 1811 equidem.
409 1762 446 1788 16
464 1756 537 1796 sed
566 1755 680 1796 aliud
710 1754 922 1811 quoddam
952 1755 1195 1820 expetimus
1216 1756 1330 1797 filum
1370 1758 1570 1799 orationis

139 1819 239 1853 tuae.
298 1813 427 1854 Scaev.
457 1813 566 1853 Tum
588 1813 722 1867 magis
741 1811 783 1852 id
803 1811 976 1862 diceres,
1001 1813 1142 1862 Fanni,
1162 1813 1198 1853 si
1220 1828 1353 1868 nuper
1373 1814 1414 1854 in
1436 1815 1569 1856 hortis

140 1868 362 1924 Scipionis,
384 1884 481 1911 cum
502 1879 566 1910 est
585 1868 638 1909 de
664 1868 893 1924 Republica
912 1867 1185 1923 disputatum,
1205 1870 1405 1911 affuisses.
1435 1872 1568 1926 qualis

139 1932 231 1966 tum
251 1935 451 1980 patronus
465 1925 640 1982 justitiae
661 1925 740 1966 fuit
759 1934 905 1966 contra
926 1934 1162 1966 accuratam
1184 1927 1415 1967 orationem
1438 1928 1597 1983 Phili!p

140 1982 268 2022 Fann.
300 1982 438 2023 Facile
458 1983 500 2023 id
522 1981 689 2038 quidem
714 1982 807 2031 fuit,
828 1981 1038 2037 justitiam
1051 1983 1288 2037 justissimo
1318 1984 1404 2024 viro
1423 1953 1610 2026 defen-i,-

139 2037 252 2079 dere.
310 2039 441 2080 ScaeV.
471 2034 586 2096 Ouid
615 2039 872 2079 amicitiam?
905 2053 1044 2079 nonne
1074 2039 1195 2080 facile
1224 2040 1275 2089 ei,
1296 2039 1368 2094 qui
1397 2040 1453 2081 ob
1473 2056 1568 2082 eam

139 2108 308 2136 summa
334 2096 428 2147 fide,
453 2081 701 2146 constantia,
716 2095 965 2151 justitiaque
986 2105 1204 2145 servatam,
1225 2097 1449 2137 maximam
1471 2098 1568 2153 glo-

136 2152 244 2193 riam
278 2152 465 2207 ceperit?
499 2153 603 2193 Lael.
634 2152 730 2193 Vim
762 2151 843 2192 hoc
872 2151 1042 2206 quidem
1070 2162 1133 2193 est
1155 2153 1313 2193 afferre.
1335 2153 1436 2208 quid
1456 2155 1615 2206 enim8

139 2208 281 2259 refert,
321 2223 404 2264 qua
438 2223 507 2249 me
546 2209 766 2264 rogatione
805 2209 998 2264 cogatis?
1031 2209 1184 2264 cogitis
1224 2219 1352 2250 certe.
1411 2211 1569 2253 Studiis
1582 2227 1634 2265 26

140 2265 250 2306 enim
267 2278 537 2320 generorum,
556 2265 784 2320 praesertim
805 2265 848 2306 in
868 2279 912 2306 re
932 2265 1057 2315 bona,
1075 2279 1174 2306 cum
1194 2265 1360 2307 difficile
1380 2276 1458 2318 est,
1477 2279 1569 2309 tum

143 2335 194 2362 ne
215 2335 383 2376 aequum
403 2322 590 2387 quidem,
612 2321 828 2362 obsistere.

200 2377 439 2432 Saepissime
470 2379 599 2434 igitur
626 2377 729 2418 mihi
750 2377 803 2419 de
824 2377 1008 2419 amicitia
1026 2377 1246 2433 cogitanti,
1266 2378 1447 2419 maxime
1467 2379 1571 2421 illud

145 2433 493 2476 considerandum
520 2435 646 2476 videri
669 2434 790 2484 solet,
817 2450 916 2475 num
939 2444 1110 2490 propter
1140 2435 1485 2486 imbecillitatem,
1506 2445 1572 2478 at·-

143 2504 226 2546 que
247 2490 446 2545 inopiam,
468 2491 702 2533 desiderata
726 2491 779 2531 sit
805 2492 1016 2532 amicitia:
1048 2501 1095 2533 ut
1116 2491 1278 2541 dandis,
1300 2492 1570 2546 recipiendis-

142 2561 226 2603 que
246 2547 420 2597 meritis,
442 2549 558 2603 quod
577 2548 752 2604 quisque
774 2548 912 2590 minus
941 2562 1015 2604 per
1042 2563 1084 2589 se
1110 2549 1199 2603 ipse
1217 2558 1374 2604 posset,
1395 2548 1440 2589 id
1459 2549 1569 2590 acci-

187 2683 226 2706 14
249 2676 451 2706 ὀεηεφοίπῖὶιε
473 2676 704 2717 «τονι]“ιυιι.·τι”οητννιἼ
731 2679 781 2709 Sic
797 2689 834 2709 u-
877 2689 955 2714 esse,
970 2679 1054 2709 Quod
1067 2679 1091 2708 si
1107 2678 1209 2708 minus.

142 2728 203 2749 nus
221 2719 283 2749 Ms.
301 2719 363 2749 Erf.
375 2721 422 2750 ed.
442 2720 535 2750 Rom.
548 2721 628 2751 Ven.
641 2728 732 2757 1470.
746 2722 833 2752 Med.
924 2727 960 2752 16
982 2723 1032 2751 sed
1051 2719 1420 2763 aliudq.fil11morztionis
1436 2718 1507 2758 tuae]
1520 2720 1571 2750 Li

141 2761 214 2792 Ald.
231 2762 310 2792 vict.
328 2763 412 2793 male
434 2763 485 2793 alii
510 2765 692 2795 recentiores
704 2766 834 2804 junctio·
878 2765 923 2795 bri
947 2775 1036 2804 paene
1058 2774 1172 2795 omnes
1194 2765 1312 2793 addunt
1335 2762 1503 2801 expetimus,
1525 2763 1574 2794 id-

141 2815 204 2833 nem
219 2812 273 2835 aut
288 2805 428 2835 vinc-tion
424 2818 461 2834 m
476 2807 605 2836 habent.
877 2818 940 2847 que
954 2809 1032 2839 adeo
1047 2817 1125 2839 cum
1141 2807 1265 2838 Gxaevio
1283 2805 1471 2845 recepimus.

188 2853 224 2878 15
247 2847 280 2876 id
292 2848 316 2877 si
337 2859 432 2878 nunus
450 2847 518 2888 int]
539 2849 645 2880 Putavi
661 2849 831 2889 legendum

1625 1952 1696 1978 101.
