1844 3202
599 128 781 168 LIBER
815 125 1092 166 TERTIUS.
1480 134 1569 179 799

155 240 316 283 rofecto
347 239 485 282 Poenis
513 235 667 280 redditi
694 242 847 278 essent.
868 235 928 277 ita
952 233 1176 276 incolumis
1198 231 1240 275 in
1258 234 1394 290 patria
1413 237 1561 295 Regu-

123 254 190 339 fus
210 297 443 339 restitisset.
459 293 575 352 quod
595 293 694 350 quia
714 292 860 349 patriae
881 306 966 333 non
985 291 1089 334 utile
1110 290 1285 348 putavit,
1305 291 1462 335 idcirco
1480 295 1562 336 sibi

123 354 364 404 honestum,
386 361 428 395 et
448 351 599 393 sentire
619 350 705 401 illa,
726 358 769 392 et
788 349 890 404 pati,
911 347 1104 390 credidit.
1143 349 1274 398 Nam,
1291 349 1406 403 quod
1426 351 1559 404 aiunt,
1571 363 1606 396 b.

123 410 239 466 quod
269 409 389 451 valde
417 408 521 449 utile
551 407 618 458 sit,
648 407 693 448 id
723 406 810 448 fieri
839 405 1094 447 honestum:
1125 413 1162 437 41
1181 404 1314 447 immo
1337 418 1433 446 vero
1453 421 1561 459 esse,

123 481 206 508 non
229 466 330 507 fieri.
350 473 414 506 est
433 465 546 506 enim
567 463 672 505 nihil
692 463 809 514 utile,
829 462 944 519 quod
965 461 1076 503 idem
1099 475 1183 503 non
1204 460 1432 519 honesturn
1452 478 1462 503 ι
1484 478 1563 505 nec

123 523 222 578 quia
239 521 356 572 utile,
385 521 613 563 honestum
642 529 731 572 est;
763 519 836 561 sed
857 519 956 575 quia
976 518 1220 569 honestum,
1241 518 1358 559 utile.
1418 519 1563 575 Quare

121 591 172 618 ex
192 578 338 621 multis
358 578 620 620 mirabilibus
648 577 866 633 exemplis,
885 575 1001 617 haud
1022 575 1146 617 facile
1178 573 1272 632 quis
1292 573 1458 627 dixerit,
1479 575 1562 617 hoc

120 635 317 690 exemplo
355 644 394 667 ⁴2
410 643 482 676 aut
518 634 785 685 laudabilius,
819 641 892 675 aut
923 632 1205 688 praestantius.
1266 631 1350 672 Sed
1383 646 1436 673 ex
1454 630 1643 678 'totassl

121 690 202 734 hac
223 691 347 734 laude
377 691 546 747 Reguli,
566 706 699 733 unum
720 690 825 732 illud
846 699 911 732 est
931 689 1209 730 admiratione
1230 686 1424 744 dignum,
1447 689 1650 746 quodni

119 747 308 803 captivos
329 748 569 790 retinendos
589 747 813 789 censuerit.
836 761 932 788 nam
955 745 1070 802 quod
1090 746 1227 795 rediit,
1249 752 1287 776 43
1307 746 1429 787 nobis
1451 761 1564 788 nunc

122 804 314 846 mirabile
342 805 526 846 videtur:
558 804 640 845 illis
669 803 842 861 quidem
869 802 1134 858 temporibus
1162 803 1285 843 aliter
1314 802 1451 844 facere
1479 817 1565 845 non

120 860 276 915 potuit.
296 862 439 917 itaque
459 861 539 902 ista
564 861 655 902 laus
687 875 772 902 non
792 868 855 901 est
873 860 1074 910 hominis,
1096 859 1171 900 sed
1191 868 1448 914 temporum.
1470 860 1568 901 nul-

119 917 211 958 lum
247 918 360 958 enim
397 917 612 960 vinculum
652 917 706 959 ad
747 916 1091 972 adstringendam
1129 915 1255 957 fidem
1285 916 1567 973 jurejurando

121 974 303 1031 majores
323 975 479 1016 arctius
499 989 591 1016 esse
611 974 846 1016 voluerunt.
869 973 912 1014 id
930 973 1119 1014 indicant
1140 973 1254 1029 leges
1274 973 1316 1015 in
1339 987 1416 1015 x11
1440 974 1567 1016 tabu-

122 1030 189 1081 lis,
229 1031 415 1072 indicant
454 1040 641 1083 sacratae,
683 1031 870 1072 indicant
903 1030 1078 1081 foedera,
1114 1029 1269 1086 quibus
1302 1030 1428 1071 etiam
1465 1045 1567 1072 cum

122 1087 246 1128 hoste
266 1087 498 1129 devincitur
518 1088 645 1129 fides:
675 1088 864 1129 indicant
883 1087 1077 1129 notiones
1098 1086 1567 1144 animadversionesque

121 1158 344 1185 censorum
363 1160 374 1195 3
407 1145 479 1201 qui
500 1145 616 1186 nulla
634 1144 686 1185 de
706 1159 751 1185 re
771 1143 1031 1198 diligentius,
1053 1158 1181 1199 quam
1203 1144 1255 1184 de
1269 1143 1565 1200 jurejurando,

116 1200 383 1257 judicabant.
454 1203 505 1242 L.
539 1201 721 1248 Manlio,
758 1200 814 1241 A.
855 1201 901 1240 1⁴¹.
939 1214 1038 1240 cum
1077 1199 1258 1240 dictator
1299 1200 1461 1251 fuisset,
1497 1202 1565 1242 M.
1581 1203 1656 1237 112

124 1257 397 1312 Pomponius,
420 1258 614 1299 tribunus
639 1257 790 1313 plebis,
811 1256 923 1298 diem
953 1256 1073 1308 dixit,
1093 1256 1209 1312 quod
1234 1257 1267 1298 is
1295 1271 1454 1312 paucos
1486 1257 1568 1299 sibi

122 1313 212 1354 dies
232 1313 284 1355 ad
305 1314 557 1355 dictaturam
577 1313 806 1370 gerendam
826 1312 1076 1354 addidisset:
1099 1313 1402 1355 criminabatur
1421 1314 1568 1366 etiam,

122 1370 239 1425 quod
272 1371 419 1411 Titum
455 1371 603 1421 filium,
639 1371 712 1427 qui
751 1378 899 1426 postea
937 1379 1002 1412 est
1037 1371 1280 1425 Torquatus
1314 1370 1568 1426 appellatus,

123 1427 233 1468 4⁴¹ab
263 1426 508 1469 hominibus
531 1428 774 1483 relegasset,
805 1435 850 1468 et
878 1426 964 1468 ruri
994 1426 1186 1468 habitare
1210 1426 1419 1483 jussisset.
1451 1428 1568 1484 quod

122 1497 221 1524 cum
253 1484 478 1526 audivisset
511 1484 756 1526 adolescens
778 1484 901 1534 filius,
923 1493 962 1516 4⁵
979 1484 1200 1539 negotium
1221 1483 1407 1525 exhiberi
1427 1485 1536 1540 patri
1555 1501 1567 1527 ι

123 1541 354 1582 accurrisse
376 1542 572 1593 Romam,
592 1550 636 1582 et
655 1555 755 1582 cum
775 1540 915 1596 prima
938 1540 1033 1581 luce
1056 1540 1279 1596 Pomponii
1300 1540 1476 1582 domum
1498 1555 1571 1582 ve·-

121 1597 232 1638 nisse
262 1597 428 1639 dicitur.
451 1599 520 1640 cui
549 1613 649 1639 cum
679 1606 790 1639 esset
819 1597 1090 1649 nuntiatum3
1122 1596 1237 1652 quod
1265 1597 1387 1638 illum
1412 1597 1570 1640 iratum

124 1653 353 1706 allaturum
384 1654 438 1696 ad
467 1670 512 1696 se
542 1654 702 1711 aliquid
731 1663 880 1695 contra
910 1663 1072 1709 patrem
1092 1654 1392 1696 arbitraretur:
1425 1662 1465 1687 46
1479 1670 1574 1696 sur-

123 1711 232 1752 rexit
250 1724 274 1751 e
295 1711 467 1761 lectulo,
489 1712 748 1767 remotisque
767 1710 947 1761 arbitris,
967 1709 1021 1751 ad
1041 1724 1085 1751 se
1105 1710 1418 1752 adolescentem
1441 1711 1572 1768 jussit

125 1766 278 1808 venire.
337 1769 399 1809 At
419 1769 504 1819 ille,
523 1776 572 1809 ut
599 1768 813 1823 ingressus
835 1775 914 1817 est,
935 1767 1155 1808 confestim
1176 1767 1369 1823 gladium
1390 1767 1572 1810 destrin-

125 1823 201 1873 xit,
213 1823 469 1881 juravitque,
491 1839 535 1866 se
565 1824 689 1866 illum
721 1824 864 1866 statim
897 1823 1233 1875 interfecturum,
1253 1824 1332 1865 nisi
1353 1826 1572 1882 jusjuran-

124 1879 229 1921 dum
251 1881 330 1921 sibi
349 1881 548 1932 dedisset,
569 1896 612 1922 se
634 1890 797 1937 patrem
825 1881 1003 1921 missum
1034 1895 1126 1921 esse
1158 1881 1386 1922 facturum.
1444 1883 1568 1924 Jura·
1580 1897 1611 1927 p.
1627 1892 1678 1923 7⁵.

124 1937 183 1978 vit
203 1936 286 1978 hoc
306 1948 480 1980 coactus
500 1947 659 1980 terrore
684 1937 954 1994 Pomponius.
975 1951 1064 1979 rem
1084 1937 1136 1979 ad
1157 1938 1364 1993 populum
1386 1938 1540 1981 detulit
1558 1939 1610 1982 :a·

126 1992 288 2044 docuit,
308 2008 384 2036 cur
406 1995 485 2036 sibi
507 2009 635 2036 causa
653 1994 856 2036 desistere
876 2007 1047 2035 neccsse
1068 2003 1201 2035 esset:
1234 1995 1444 2036 Manlium
1467 1996 1573 2037 mis-

127 2065 221 2102 sum
261 2051 375 2092 fecit.
416 2052 584 2093 tantum
622 2051 888 2108 temporibus
927 2051 1009 2092 illis
1051 2049 1351 2108 jusjurandum
1390 2051 1572 2095 valebat.

127 2115 166 2142 4-7
185 2108 331 2164 Atque
362 2107 430 2150 hic
454 2110 505 2150 T.
527 2109 719 2151 Manlius
740 2109 774 2150 is
793 2116 871 2160 est,
893 2108 966 2166 qui
985 2107 1039 2150 ad
1058 2108 1270 2149 Anienem
1291 2108 1420 2159 Galli,
1442 2123 1571 2166 quem

168 2264 206 2288 41
231 2258 316 2287 immo
329 2269 399 2288 vero
410 2270 479 2295 esse,
495 2256 645 2299 sionfieri]
660 2259 713 2289 Est
726 2267 828 2289 corre-

127 2301 193 2329 ctio
217 2300 391 2340 Ciceronis,
415 2302 726 2342 intelligendumque
751 2301 825 2338 dico,

126 2349 230 2373 damu.

172 2393 213 2417 42
236 2393 289 2416 aut
301 2386 490 2427 laudabilius]
510 2389 562 2419 An
577 2387 663 2417 aliud
673 2387 691 2417 ,9

172 2435 212 2459 43
236 2429 312 2459 nobis
334 2441 408 2460 nunc
422 2442 459 2461 m.
476 2431 524 2470 v.]
541 2431 639 2462 Multi
656 2431 756 2460 Codd.
773 2440 829 2469 pro

130 2482 205 2500 nunc
227 2472 347 2502 habent
368 2484 433 2509 non,
456 2476 543 2513 quod
557 2482 588 2504 et
611 2474 726 2513 recepit
741 2474 830 2504 Pear-

128 2515 209 2544 cius.
236 2515 331 2544 male.
361 2525 438 2546 nam
465 2518 633 2548 manifeste
657 2517 829 2557 opponitur

130 2558 192 2587 hoc
209 2556 270 2586 illis
286 2557 466 2597 trmport'bus.

175 2607 215 2631 44
237 2600 275 2629 ab
301 2601 457 2631 hominibus
485 2601 647 2642 relegasset]
677 2602 829 2632 Similiter

130 2643 281 2674 Horatius
303 2645 367 2674 Sat,
393 2645 436 2681 ll,
454 2650 486 2681 6,
508 2652 558 2677 92.
580 2646 630 2675 vis
653 2652 686 2675 m
707 2645 829 2675 homines

129 2685 283 2727 urbemque
287 2687 369 2728 frris
383 2693 548 2727 pra-ponere
569 2688 666 2719 silvis.
711 2690 829 2719 Sensus

132 2730 227 2765 igitur
242 2737 287 2759 est
307 2740 384 2760 cum
401 2740 440 2760 ex
457 2731 538 2761 urbe·
550 2731 582 2761 in
596 2741 700 2771 agros,
716 2731 829 2762 villam

130 2781 237 2808 suuni,
252 2773 426 2812 relegasset.

174 2821 213 2846 45
237 2817 380 2856 negotium
396 2816 525 2847 exhiheri
533 2814 634 2858 patri]
652 2817 796 2849 Pcarcius
812 2826 830 2846 e

870 2257 934 2288 Ms.
951 2258 1017 2288 Pal.
1034 2268 1080 2298 pr.
1096 2258 1181 2289 dedit
1195 2258 1338 2295 exhibere,
1351 2266 1466 2298 putans
1480 2259 1574 2290 refer·

870 2301 893 2331 ri
918 2302 981 2331 hoc
1004 2301 1139 2332 verbum
1162 2302 1201 2332 ad
1223 2301 1306 2343 quod.
1330 2302 1425 2332 male.
1441 2302 1517 2344 qnod
1531 2303 1574 2334 ita

870 2345 1008 2382 additur,
1024 2350 1060 2374 ut
1074 2343 1155 2375 solet
1169 2345 1202 2374 in
1219 2344 1295 2385 quod
1307 2345 1342 2374 si.

917 2392 957 2418 46
979 2387 1108 2417 surrexit
1123 2399 1137 2416 e
1155 2385 1272 2427 lectulo]
1302 2388 1366 2418 Ms.
1390 2388 1466 2418 Cur.
1489 2388 1571 2420 lecto.

873 2429 993 2460 lectulus
1016 2438 1046 2461 et
1073 2430 1147 2461 alibi
1171 2437 1218 2461 est
1240 2431 1278 2461 de
1306 2430 1387 2461 lecto
1409 2432 1570 2462 dormien-

873 2474 954 2503 tium
972 2480 1003 2503 et
1015 2475 1249 2512 aegrotantium.

917 2523 954 2552 ⁴7
980 2517 1080 2559 Atque
1100 2517 1147 2546 hic
1169 2517 1251 2546 Titus
1274 2515 1488 2546 IiIanlius-—in
1499 2515 1571 2555 fili-

871 2559 932 2599 um]
953 2560 1034 2590 Haec
1049 2561 1078 2590 si·
1089 2561 1247 2596 abessent,
1262 2569 1359 2590 nemo
1374 2559 1573 2590 desideraret.

871 2604 947 2633 Non
963 2604 1052 2634 enim
1075 2604 1232 2643 pertinent
1247 2604 1285 2633 ad
1301 2612 1444 2638 causam,
1457 2603 1495 2632 de
1507 2611 1572 2640 qua

873 2647 927 2676 hic
942 2647 1055 2686 agitur.
1099 2646 1184 2677 Illud
1204 2647 1301 2676 etiarn
1317 2646 1356 2675 de
1378 2646 1573 2683 cognomine

868 2689 938 2728 jam
954 2697 1028 2720 ante
1042 2691 1166 2720 dictum
1182 2697 1240 2720 est.
1267 2689 1424 2718 Videntur
1434 2688 1472 2717 ad
1489 2696 1573 2717 mar-

871 2733 982 2771 ginem
1004 2733 1044 2764 ab
1067 2732 1174 2774 aiiqu'o
1196 2732 1310 2771 scripta
1327 2732 1362 2762 in
1379 2737 1505 2761 textum
1521 2739 1573 2760 ves

873 2785 966 2807 nisse.
