1844 3202
313 110 392 153 678
838 109 917 148 DE
955 109 1220 149 LEGIBUS

313 214 456 266 disset,
475 231 570 257 cum
594 224 703 258 esset
723 217 890 273 objecta
914 218 1223 273 magnificentia
1238 218 1344 260 villae
1364 217 1626 269 Tusculanae,
1647 217 1731 260 duo

314 285 358 311 se
399 271 551 313 habere
585 273 740 313 vicinos
759 290 767 314 :
808 275 1078 328 superiorem,
1109 275 1293 330 equitem
1328 276 1563 315 Romanum
1583 290 1593 323 ;
1630 274 1733 315 infe-

314 327 480 378 riorem,
511 329 751 370 libertinum
772 345 781 368 :
821 345 1000 385 quorum
1036 346 1133 371 cum
1175 340 1311 372 essent
1350 331 1582 386 magnilicae
1613 330 1734 381 villae,

314 385 488 425 concedi
523 386 601 425 sibi
629 394 837 440 oportere,
865 386 978 441 quod
1009 387 1072 436 iis,
1099 386 1171 441 qui
1200 397 1233 419 41
1254 388 1451 428 tenuioris
1480 386 1635 428 ordinis
1667 401 1731 427 es·

272 452 304 482 b.
316 450 420 491 sent,
449 441 605 482 liceret.
665 443 765 481 Non
787 441 913 492 vides,
942 442 1133 492 Luculle,
1155 457 1178 482 a
1205 451 1245 483 te
1272 442 1313 483 id
1344 444 1479 498 ipsum
1508 452 1666 491 natum,
1689 451 1736 484 ut

251 500 299 533 31
314 495 374 536 illi
395 506 591 551 cuperent
609 500 619 537 ?
655 497 804 552 quibus
826 498 881 548 id,
903 498 935 538 si
955 507 999 539 tu
1022 513 1105 538 non
1126 499 1295 547 faceres,
1318 514 1399 540 non
1420 500 1577 540 liceret.
1626 498 1733 555 Quis

315 553 425 593 enim
448 553 571 594 ferret
599 554 714 603 istos,
736 568 832 594 cum
855 553 1009 594 videret
1036 568 1179 594 eorum
1202 555 1317 595 villas
1350 555 1479 610 signis
1510 564 1553 596 et
1583 555 1735 595 tabulis

315 609 499 659 refertas,
530 609 681 664 partim
712 610 904 664 publicis,
931 610 1080 664 partim
1109 610 1232 651 etiam
1267 612 1390 651 sacris
1420 621 1462 651 et
1493 611 1729 666 religiosis?

315 665 408 720 quis
428 680 509 705 non
532 666 741 720 frangeret
761 680 906 707 corum
928 666 1134 716 libidines,
1158 667 1233 706 nisi
1253 666 1312 707 illi
1333 667 1424 722 ipsi,
1447 667 1516 722 qui
1539 681 1606 707 eas
1624 667 1736 707 fran-

237 729 413 777 14gere
451 721 663 772 deberent,
698 722 937 776 cupiditatis
972 723 1157 778 ejusdem
1196 725 1463 764 tenerentur?
1496 724 1589 763 Nec
1626 723 1735 763 enim

315 785 477 818 tantum
501 778 596 819 mali
618 787 681 818 est
702 793 873 833 peccare
893 778 1098 834 principes
1136 782 1405 834 (quamquam
1439 789 1503 820 est
1534 794 1736 833 magnum

313 833 394 874 hoc
413 848 485 888 per
506 849 549 874 se
570 834 706 888 ipsum
729 835 902 887 malum)
930 846 1132 890 quantum
1154 836 1270 886 illud,
1292 835 1405 889 quod
1426 836 1621 891 permulti
1642 835 1734 876 imi-

313 898 468 930 tatores
490 890 723 945 principum
756 892 952 931 existunt.
1011 893 1123 932 Nam
1146 891 1244 932 licct
1266 892 1412 942 videre,
1440 893 1471 933 si
1494 892 1590 932 velis
1612 891 1735 946 repli-

314 959 407 986 care
443 946 686 986 memoriam
725 955 978 1001 temporum,
1012 949 1337 1003 qualescumque
1372 949 1525 999 summi
1564 948 1739 989 civitatis

315 1009 353 1032 ⁴2
372 1001 443 1041 viri
473 1002 641 1050 fuerint,
672 1003 796 1042 talem
826 1003 1033 1043 civitatem
1065 1004 1215 1044 fuisse:
1248 1018 1525 1058 quaecumque
1558 1004 1738 1045 mutatio

314 1072 480 1098 morum
512 1057 552 1097 in
577 1057 832 1112 principibus
852 1060 1067 1108 exstiterit,
1097 1059 1271 1099 eandem
1303 1067 1341 1091 43
1360 1060 1399 1099 in
1431 1059 1588 1114 populo
1618 1074 1739 1100 secu-

252 1127 303 1159 32
315 1121 416 1154 tam.
477 1114 610 1169 quue
630 1113 742 1154 haud
773 1115 916 1169 paullo
936 1124 1000 1155 est
1019 1116 1167 1166 verius,
1188 1130 1313 1171 quam
1336 1116 1448 1170 quod
1481 1115 1641 1157 Platoni
1662 1131 1737 1156 no-

315 1178 402 1211 stro
421 1170 572 1224 placet,
593 1171 678 1225 qui,
701 1171 958 1212 musicorum
980 1171 1184 1222 cantibus,
1206 1172 1278 1221 ait,
1299 1173 1484 1222 mutatis,
1506 1173 1657 1213 mutari
1677 1172 1736 1213 ci-

313 1227 488 1267 vitatum
509 1236 655 1267 status.
714 1228 809 1282 Ego
831 1238 970 1268 autem
1002 1228 1206 1269 nobilium
1226 1229 1321 1278 vita,
1343 1229 1536 1284 victuque
1557 1237 1737 1279 mutato,

315 1297 452 1323 mores
490 1284 644 1324 mutari
681 1283 893 1324 civitatum
925 1293 1041 1339 puto.
1104 1287 1202 1341 Quo
1233 1285 1504 1340 perniciosius
1535 1285 1586 1325 de
1615 1299 1740 1339 repu-

315 1339 426 1379 blica
452 1349 664 1380 merentur
685 1339 819 1380 vitiosi
842 1341 1061 1396 principes,
1084 1340 1195 1396 quod
1219 1355 1301 1381 non
1323 1341 1459 1382 solum
1483 1341 1577 1381 vitia
1597 1340 1738 1381 conei-

315 1395 437 1450 piunt
455 1395 547 1450 ipsi,
569 1396 641 1436 scd
662 1410 710 1435 ea
738 1396 963 1437 infundunt
994 1397 1035 1437 in
1065 1397 1274 1438 civitatem
1297 1414 1306 1438 ε
1337 1412 1472 1452 neque
1502 1397 1640 1438 solum
1661 1396 1738 1438 ob-

315 1461 426 1503 sunt,
448 1452 561 1507 quod
590 1452 665 1507 ipsi
686 1463 1022 1508 corrumpuntur,
1043 1453 1116 1494 scd
1147 1455 1272 1495 etiam
1307 1454 1421 1509 quod
1449 1462 1739 1508 corrumpunt,

314 1508 492 1564 plusque
511 1509 717 1563 exemplo,
740 1524 865 1564 quam
886 1519 1060 1564 peccato
1081 1519 1246 1551 nocent.
1304 1511 1447 1565 Atque
1475 1510 1566 1551 haec
1591 1510 1658 1550 lex
1678 1509 1742 1550 di-

314 1565 443 1605 latata
472 1565 512 1605 in
545 1565 733 1606 ordinem
765 1574 980 1613 cunctum,
1001 1566 1266 1621 coangustari
1296 1566 1420 1607 etiam
1443 1574 1597 1621 potest.
1618 1565 1741 1621 pauci

314 1621 441 1670 enim,
460 1631 585 1676 atque
604 1621 830 1662 admodum
854 1623 988 1676 pauci,
1008 1622 1166 1663 honore
1187 1632 1229 1663 et
1247 1622 1383 1678 gloria
1403 1622 1657 1678 amplificati,
1678 1622 1742 1663 vel

315 1691 583 1732 corrumpere
604 1692 741 1718 mores
762 1678 953 1728 civitatis,
974 1679 1036 1719 vel
1057 1679 1266 1733 corrigere
1285 1688 1475 1733 possunt.
1536 1678 1619 1719 Sed
1649 1677 1741 1719 haec

316 1744 359 1775 et
380 1749 488 1775 nunc
508 1734 621 1785 satis,
639 1743 680 1775 et
699 1734 742 1774 in
763 1734 842 1775 illis
860 1735 975 1776 libris
992 1744 1169 1776 tractata
1187 1745 1283 1776 sunt
1302 1735 1558 1790 diligentius.
1599 1736 1742 1792 Quare

316 1790 368 1831 ad
389 1791 547 1845 reliqua
567 1791 792 1831 veniamus.

254 1861 303 1895 33
376 1847 616 1887 Proximum
646 1855 786 1888 autem
817 1855 880 1887 est
910 1846 962 1887 de
992 1847 1226 1902 suffragiis:
1258 1862 1351 1903 quae
1375 1846 1510 1903 jubeo
1531 1855 1631 1888 nota
1651 1860 1742 1888 esse

317 1903 607 1959 optimatibus,
629 1903 788 1959 populo
814 1903 958 1944 libera.
1016 1903 1109 1944 Att.
1132 1905 1197 1945 Ita
1217 1903 1454 1944 mehercule
1473 1903 1645 1954 attendi,
1665 1917 1742 1944 nec

319 1960 418 2000 satis
437 1959 636 2010 intellexi,
657 1959 757 2015 quid
778 1959 855 2000 sibi
882 1959 961 2008 lex,
983 1968 1055 2000 aut
1074 1960 1175 2015 quid
1201 1960 1324 2001 verba
1350 1960 1428 2000 ista
1452 1958 1614 2000 vellent.
1674 1960 1741 2000 M.

243 2008 488 2066 15Dicam,
518 2016 628 2066 Tite,
658 2026 701 2057 et
729 2016 923 2056 versabor
952 2015 992 2055 in
1024 2030 1067 2057 re
1097 2016 1266 2067 difficili,
1287 2030 1336 2057 ac
1365 2015 1545 2056 multum
1567 2025 1610 2056 et
1631 2030 1685 2056 sae
1719 2029 1742 2056 e

320 2073 522 2128 quaesita:
562 2072 758 2127 suffragia
795 2072 836 2113 in
866 2072 1117 2127 magistratu
1146 2071 1399 2122 mandando,
1429 2081 1502 2113 aut
1530 2086 1601 2113 reo
1625 2071 1677 2128 ju
1708 2072 1741 2113 i-

192 2128 468 2179 p.191-cando,
490 2136 562 2169 aut
581 2128 674 2184 lege
694 2136 766 2169 aut
786 2129 1007 2183 rogatione
1024 2128 1250 2179 sciscenda,
1271 2128 1394 2177 clani,
1410 2141 1462 2168 an
1482 2127 1619 2183 palam
1636 2128 1743 2170 ferre

280 2185 468 2226 ²·melius
489 2192 611 2225 esset.
669 2186 762 2226 Att.
784 2185 853 2225 An
877 2184 1003 2225 etiam
1032 2185 1075 2226 id
1096 2184 1272 2226 dubium
1294 2194 1358 2226 est
1376 2186 1388 2225 ?
1422 2185 1477 2241 Q.
1497 2185 1670 2234 Vereor,
1692 2198 1745 2225 ne

319 2257 343 2283 a
364 2250 404 2282 te
425 2256 564 2282 rursus
587 2241 841 2282 dissentiam.
901 2242 966 2281 M.
988 2242 1088 2282 Non
1114 2241 1256 2292 facies,
1278 2241 1452 2283 Quinte.
1473 2255 1569 2281 nam
1597 2255 1680 2295 ego
1700 2240 1743 2282 in

318 2299 399 2340 ista
417 2312 509 2338 sum
542 2299 761 2348 sententia,
782 2312 864 2353 qua
893 2305 934 2338 te
964 2298 1091 2340 fuisse
1118 2313 1283 2353 semper
1304 2298 1405 2347 seio,
1426 2296 1530 2338 nihil
1548 2306 1595 2338 ut
1617 2296 1743 2339 fuerit

319 2354 361 2395 in
392 2354 599 2410 suffragiis
620 2369 721 2395 voce
741 2354 904 2404 melius,
935 2354 1023 2404 sed,
1053 2355 1232 2395 obtineri
1261 2369 1313 2395 an
1342 2353 1488 2409 possit,
1518 2352 1741 2405 videndum

257 2421 309 2455 34
320 2419 397 2452 est.
454 2412 508 2467 Q.
533 2412 687 2461 Frater,
709 2411 819 2450 bona
850 2420 922 2451 tua
950 2411 1066 2451 venia
1095 2411 1284 2461 dixerim,
1315 2411 1393 2451 ista
1423 2409 1627 2450 sententia
1654 2423 1743 2450 ma—

318 2468 429 2510 xime
450 2476 493 2509 et
518 2467 624 2508 fallit
648 2466 879 2522 imperitos,
899 2475 941 2509 et
967 2467 1090 2510 obest
1110 2467 1337 2523 saepissime
1358 2466 1614 2522 reipublicae,
1643 2480 1741 2507 cum

466 2581 483 2598 O

363 2620 400 2644 41
427 2612 560 2642 tenuioris
575 2610 696 2650 ordinis']
717 2611 890 2641 Lambinus
907 2611 1009 2651 inferi·
1052 2612 1115 2641 rius
1132 2612 1238 2647 edidit,
1265 2618 1295 2641 et
1314 2611 1461 2641 Davisius
1477 2620 1493 2641 e
1510 2610 1572 2641 Ms.
1589 2609 1683 2640 Paris.
1698 2609 1743 2640 sic

320 2656 375 2685 nris
390 2656 484 2692 dedit,
501 2656 623 2694 opinor,
640 2664 656 2684 e
670 2655 754 2684 libris
770 2655 823 2693 qui
838 2654 1008 2691 habebant,
1053 2661 1083 2684 et
1096 2655 1144 2684 ed.
1162 2654 1292 2684 Mediol.

321 2705 356 2728 ut
371 2698 478 2728 Guelf.
496 2698 649 2735 inm-ioris,
665 2698 748 2737 quod
761 2704 791 2727 et
806 2697 950 2727 Davisius
964 2707 1010 2727 re·
1097 2703 1135 2727 43
1160 2697 1189 2725 in
1211 2696 1310 2736 populo
1334 2694 1472 2735 secutam]
1498 2695 1549 2726 Sic
1572 2695 1632 2734 legi
1653 2695 1744 2725 debet

322 2742 415 2780 cepit.
1054 2749 1109 2779 pro
1138 2739 1225 2778 vulg.
1257 2746 1428 2776 secuturam,
1458 2739 1612 2769 sententia
1638 2744 1744 2777 postu-

365 2791 403 2813 42
428 2782 626 2823 viri-fuerint]
646 2782 750 2821 Vulgo
770 2789 816 2812 est
828 2782 966 2822 fuerunt.
982 2789 1013 2813 at
1055 2783 1152 2819 lante,
1175 2790 1206 2812 et
1228 2783 1273 2813 sic
1297 2783 1418 2813 edidere
1443 2782 1526 2813 Vict.
1549 2781 1649 2812 Aldus
1671 2789 1744 2820 nep.

323 2826 457 2858 latinitas
474 2826 610 2866 postulat
613 2825 745 2867 fuerint,
761 2832 798 2856 ut
815 2825 884 2865 jam
907 2826 1013 2857 Victo·
1056 2825 1213 2859 Davisius.
