<?xml version="1.0" encoding="UTF-8"?>
<!DOCTYPE html PUBLIC "-//W3C//DTD XHTML 1.0 Transitional//EN"
    "http://www.w3.org/TR/xhtml1/DTD/xhtml1-transitional.dtd">
<html xmlns="http://www.w3.org/1999/xhtml" xml:lang="en" lang="en">
 <head>
  <title>
</title>
<meta http-equiv="Content-Type" content="text/html;charset=utf-8" />
  <meta name='ocr-system' content='tesseract 3.04.00' />
  <meta name='ocr-capabilities' content='ocr_page ocr_carea ocr_par ocr_line ocrx_word'/>
</head>
<body>
  <div class='ocr_page' id='page_1' title='image "./p2operaomnia04ciceuoft_0208.png"; bbox 0 0 1844 3202; ppageno 0'>
   <div class='ocr_carea' id='block_1_1' title="bbox 289 129 1217 172">
    <p class='ocr_par' dir='ltr' id='par_1_1' title="bbox 289 129 1217 172">
     <span class='ocr_line' id='line_1_1' title="bbox 289 129 1217 172; baseline -0.005 0"><span class='ocrx_word' id='word_1_1' title='bbox 289 137 364 172; x_wconf 66' lang='lat'><strong>81⁴</strong></span> <span class='ocrx_word' id='word_1_2' title='bbox 798 130 964 170; x_wconf 91' lang='lat' dir='ltr'>CATO</span> <span class='ocrx_word' id='word_1_3' title='bbox 1005 129 1217 169; x_wconf 81' lang='lat' dir='ltr'>MAJOR</span> 
     </span>
    </p>
   </div>
   <div class='ocr_carea' id='block_1_2' title="bbox 230 234 1723 679">
    <p class='ocr_par' dir='ltr' id='par_1_2' title="bbox 288 234 1719 350">
     <span class='ocr_line' id='line_1_2' title="bbox 288 234 1717 297; baseline -0.001 -18"><span class='ocrx_word' id='word_1_4' title='bbox 288 239 518 296; x_wconf 71' lang='lat' dir='ltr'>glutinatio</span> <span class='ocrx_word' id='word_1_5' title='bbox 546 254 705 292; x_wconf 88' lang='lat' dir='ltr'><strong>recens,</strong></span> <span class='ocrx_word' id='word_1_6' title='bbox 734 255 847 297; x_wconf 85' lang='lat' dir='ltr'><strong>aegre</strong></span> <span class='ocrx_word' id='word_1_7' title='bbox 864 257 881 291; x_wconf 83' lang='lat'><strong>,-</strong></span> <span class='ocrx_word' id='word_1_8' title='bbox 909 240 1146 289; x_wconf 79' lang='lat' dir='ltr'><strong>inveterata,</strong></span> <span class='ocrx_word' id='word_1_9' title='bbox 1179 237 1298 279; x_wconf 88' lang='lat' dir='ltr'><strong>facile</strong></span> <span class='ocrx_word' id='word_1_10' title='bbox 1328 234 1550 277; x_wconf 81' lang='lat' dir='ltr'><strong>divellitur.</strong></span> <span class='ocrx_word' id='word_1_11' title='bbox 1572 234 1630 276; x_wconf 80' lang='lat' dir='ltr'><strong>ita</strong></span> <span class='ocrx_word' id='word_1_12' title='bbox 1659 236 1717 286; x_wconf 81' lang='lat' dir='ltr'><strong>fit,</strong></span> 
     </span>
     <span class='ocr_line' id='line_1_3' title="bbox 289 291 1719 350; baseline -0.003 -13"><span class='ocrx_word' id='word_1_13' title='bbox 289 305 340 338; x_wconf 90' lang='lat' dir='ltr'><strong>ut</strong></span> <span class='ocrx_word' id='word_1_14' title='bbox 359 296 462 338; x_wconf 89' lang='lat' dir='ltr'><strong>illud</strong></span> <span class='ocrx_word' id='word_1_15' title='bbox 493 297 615 339; x_wconf 89' lang='lat' dir='ltr'><strong>breve</strong></span> <span class='ocrx_word' id='word_1_16' title='bbox 644 297 738 339; x_wconf 86' lang='lat' dir='ltr'><strong>vitae</strong></span> <span class='ocrx_word' id='word_1_17' title='bbox 768 297 842 338; x_wconf 85' lang='lat' dir='ltr'><strong>reli</strong></span> <span class='ocrx_word' id='word_1_18' title='bbox 876 311 975 338; x_wconf 89' lang='lat' dir='ltr'><strong>uum</strong></span> <span class='ocrx_word' id='word_1_19' title='bbox 1000 311 1075 337; x_wconf 90' lang='lat' dir='ltr'><strong>nec</strong></span> <span class='ocrx_word' id='word_1_20' title='bbox 1095 295 1212 336; x_wconf 88' lang='lat' dir='ltr'><strong>avide</strong></span> <span class='ocrx_word' id='word_1_21' title='bbox 1233 292 1514 350; x_wconf 79' lang='lat' dir='ltr'><strong>appetendum</strong></span> <span class='ocrx_word' id='word_1_22' title='bbox 1536 291 1719 342; x_wconf 82' lang='lat' dir='ltr'>senibus,</span> 
     </span>
    </p>

    <p class='ocr_par' dir='ltr' id='par_1_3' title="bbox 230 313 1723 580">
     <span class='ocr_line' id='line_1_4' title="bbox 230 313 1719 412; baseline -0.005 -17"><span class='ocrx_word' id='word_1_23' title='bbox 230 369 278 412; x_wconf 84' lang='lat'><strong>73</strong></span> <span class='ocrx_word' id='word_1_24' title='bbox 291 367 368 395; x_wconf 92' lang='lat' dir='ltr'><strong>nec</strong></span> <span class='ocrx_word' id='word_1_25' title='bbox 400 353 488 395; x_wconf 90' lang='lat' dir='ltr'><strong>sine</strong></span> <span class='ocrx_word' id='word_1_26' title='bbox 517 369 644 396; x_wconf 87' lang='lat' dir='ltr'><strong>causa</strong></span> <span class='ocrx_word' id='word_1_27' title='bbox 672 313 946 395; x_wconf 65' lang='lat' dir='ltr'><strong>deserendum</strong></span> <span class='ocrx_word' id='word_1_28' title='bbox 978 353 1044 393; x_wconf 89' lang='lat' dir='ltr'><strong>sit.</strong></span> <span class='ocrx_word' id='word_1_29' title='bbox 1103 353 1316 407; x_wconf 87' lang='lat' dir='ltr'><strong>Vetatque</strong></span> <span class='ocrx_word' id='word_1_30' title='bbox 1348 349 1625 406; x_wconf 80' lang='lat' dir='ltr'><strong>Pythagoras,</strong></span> <span class='ocrx_word' id='word_1_31' title='bbox 1656 348 1719 388; x_wconf 88' lang='lat' dir='ltr'><strong>in-</strong></span> 
     </span>
     <span class='ocr_line' id='line_1_5' title="bbox 284 404 1721 467; baseline -0.005 -15"><span class='ocrx_word' id='word_1_32' title='bbox 284 409 408 467; x_wconf 86' lang='lat' dir='ltr'><strong>jussu</strong></span> <span class='ocrx_word' id='word_1_33' title='bbox 430 411 708 467; x_wconf 83' lang='lat' dir='ltr'><strong>imperatoris,</strong></span> <span class='ocrx_word' id='word_1_34' title='bbox 730 410 772 451; x_wconf 87' lang='lat' dir='ltr'><strong>id</strong></span> <span class='ocrx_word' id='word_1_35' title='bbox 793 418 870 460; x_wconf 91' lang='lat' dir='ltr'><strong>est,</strong></span> <span class='ocrx_word' id='word_1_36' title='bbox 893 409 974 458; x_wconf 88' lang='lat' dir='ltr'><strong>dei,</strong></span> <span class='ocrx_word' id='word_1_37' title='bbox 992 409 1042 449; x_wconf 92' lang='lat' dir='ltr'><strong>de</strong></span> <span class='ocrx_word' id='word_1_38' title='bbox 1063 408 1256 463; x_wconf 85' lang='lat' dir='ltr'><strong>praesidio</strong></span> <span class='ocrx_word' id='word_1_39' title='bbox 1277 418 1319 448; x_wconf 89' lang='lat' dir='ltr'><strong>et</strong></span> <span class='ocrx_word' id='word_1_40' title='bbox 1340 406 1518 447; x_wconf 87' lang='lat' dir='ltr'><strong>statione</strong></span> <span class='ocrx_word' id='word_1_41' title='bbox 1536 405 1629 445; x_wconf 87' lang='lat' dir='ltr'><strong>vitae</strong></span> <span class='ocrx_word' id='word_1_42' title='bbox 1648 404 1721 446; x_wconf 87' lang='lat' dir='ltr'><strong>de-</strong></span> 
     </span>
     <span class='ocr_line' id='line_1_6' title="bbox 291 464 1722 522; baseline -0.005 -14"><span class='ocrx_word' id='word_1_43' title='bbox 291 467 453 508; x_wconf 85' lang='lat' dir='ltr'><strong>cedere.</strong></span> <span class='ocrx_word' id='word_1_44' title='bbox 516 477 553 499; x_wconf 80' lang='grc'><strong>54</strong></span> <span class='ocrx_word' id='word_1_45' title='bbox 569 467 735 508; x_wconf 89' lang='lat' dir='ltr'><strong>Solonis</strong></span> <span class='ocrx_word' id='word_1_46' title='bbox 756 465 926 522; x_wconf 87' lang='lat' dir='ltr'><strong>quidem</strong></span> <span class='ocrx_word' id='word_1_47' title='bbox 948 465 1144 520; x_wconf 87' lang='lat' dir='ltr'><strong>sapientis</strong></span> <span class='ocrx_word' id='word_1_48' title='bbox 1165 464 1351 519; x_wconf 85' lang='lat' dir='ltr'><strong>elogium</strong></span> <span class='ocrx_word' id='word_1_49' title='bbox 1374 473 1451 512; x_wconf 90' lang='lat' dir='ltr'><strong>est,</strong></span> <span class='ocrx_word' id='word_1_50' title='bbox 1474 476 1558 517; x_wconf 89' lang='lat' dir='ltr'><strong>quo</strong></span> <span class='ocrx_word' id='word_1_51' title='bbox 1587 475 1630 502; x_wconf 88' lang='lat' dir='ltr'><strong>se</strong></span> <span class='ocrx_word' id='word_1_52' title='bbox 1649 475 1722 502; x_wconf 87' lang='lat' dir='ltr'><strong>ne-</strong></span> 
     </span>
     <span class='ocr_line' id='line_1_7' title="bbox 291 518 1723 580; baseline -0.005 -16"><span class='ocrx_word' id='word_1_53' title='bbox 291 532 366 580; x_wconf 83' lang='lat' dir='ltr'><strong>gat</strong></span> <span class='ocrx_word' id='word_1_54' title='bbox 388 523 491 564; x_wconf 90' lang='lat' dir='ltr'><strong>velle</strong></span> <span class='ocrx_word' id='word_1_55' title='bbox 524 539 642 565; x_wconf 86' lang='lat' dir='ltr'><strong>suam</strong></span> <span class='ocrx_word' id='word_1_56' title='bbox 665 532 845 564; x_wconf 89' lang='lat' dir='ltr'><strong>mortem</strong></span> <span class='ocrx_word' id='word_1_57' title='bbox 872 521 1018 562; x_wconf 90' lang='lat' dir='ltr'><strong>dolore</strong></span> <span class='ocrx_word' id='word_1_58' title='bbox 1038 520 1270 561; x_wconf 81' lang='lat' dir='ltr'><strong>amicorum</strong></span> <span class='ocrx_word' id='word_1_59' title='bbox 1292 530 1332 561; x_wconf 91' lang='lat' dir='ltr'><strong>et</strong></span> <span class='ocrx_word' id='word_1_60' title='bbox 1354 518 1546 560; x_wconf 88' lang='lat' dir='ltr'><strong>lamentis</strong></span> <span class='ocrx_word' id='word_1_61' title='bbox 1566 531 1723 558; x_wconf 85' lang='lat' dir='ltr'><strong>vacare.</strong></span> 
     </span>
    </p>

    <p class='ocr_par' dir='ltr' id='par_1_4' title="bbox 236 574 1723 679">
     <span class='ocr_line' id='line_1_8' title="bbox 236 574 1723 631; baseline -0.005 -9"><span class='ocrx_word' id='word_1_62' title='bbox 236 619 240 624; x_wconf 83' lang='lat'><strong>,</strong></span> <span class='ocrx_word' id='word_1_63' title='bbox 291 580 394 629; x_wconf 86' lang='lat' dir='ltr'><strong>vult,</strong></span> <span class='ocrx_word' id='word_1_64' title='bbox 424 580 566 631; x_wconf 85' lang='lat' dir='ltr'><strong>credo,</strong></span> <span class='ocrx_word' id='word_1_65' title='bbox 597 595 640 620; x_wconf 85' lang='lat' dir='ltr'><strong>se</strong></span> <span class='ocrx_word' id='word_1_66' title='bbox 670 594 759 621; x_wconf 84' lang='lat' dir='ltr'><strong>esse</strong></span> <span class='ocrx_word' id='word_1_67' title='bbox 788 593 931 619; x_wconf 88' lang='lat' dir='ltr'><strong>carum</strong></span> <span class='ocrx_word' id='word_1_68' title='bbox 964 578 1062 619; x_wconf 89' lang='lat' dir='ltr'><strong>suis.</strong></span> <span class='ocrx_word' id='word_1_69' title='bbox 1122 576 1206 618; x_wconf 89' lang='lat' dir='ltr'><strong>Sed</strong></span> <span class='ocrx_word' id='word_1_70' title='bbox 1235 576 1347 618; x_wconf 88' lang='lat' dir='ltr'><strong>haud</strong></span> <span class='ocrx_word' id='word_1_71' title='bbox 1377 576 1480 626; x_wconf 85' lang='lat' dir='ltr'><strong>scio,</strong></span> <span class='ocrx_word' id='word_1_72' title='bbox 1500 589 1551 620; x_wconf 85' lang='lat' dir='ltr'><strong>an</strong></span> <span class='ocrx_word' id='word_1_73' title='bbox 1573 574 1723 614; x_wconf 82' lang='lat' dir='ltr'><strong>melius</strong></span> 
     </span>
     <span class='ocr_line' id='line_1_9' title="bbox 292 637 478 679; baseline -0.011 0"><span class='ocrx_word' id='word_1_74' title='bbox 292 637 478 679; x_wconf 87' lang='lat' dir='ltr'><strong>Ennius:</strong></span> 
     </span>
    </p>
   </div>
   <div class='ocr_carea' id='block_1_3' title="bbox 252 724 1265 819">
    <p class='ocr_par' dir='ltr' id='par_1_5' title="bbox 252 724 1265 819">
     <span class='ocr_line' id='line_1_10' title="bbox 252 724 1265 778; baseline -0.007 -10"><span class='ocrx_word' id='word_1_75' title='bbox 252 746 285 777; x_wconf 61' lang='lat' dir='ltr'><strong>b,</strong></span> <span class='ocrx_word' id='word_1_76' title='bbox 405 730 508 767; x_wconf 70' lang='lat' dir='ltr'><strong>Nemo</strong></span> <span class='ocrx_word' id='word_1_77' title='bbox 529 742 578 765; x_wconf 81' lang='lat' dir='ltr'><strong>me</strong></span> <span class='ocrx_word' id='word_1_78' title='bbox 594 728 747 777; x_wconf 68' lang='lat' dir='ltr'><strong>lacrymis</strong></span> <span class='ocrx_word' id='word_1_79' title='bbox 767 726 902 769; x_wconf 68' lang='lat' dir='ltr'><strong>decoret,</strong></span> <span class='ocrx_word' id='word_1_80' title='bbox 921 726 1164 778; x_wconf 69' lang='lat' dir='ltr'><strong>rtequefitnera</strong></span> <span class='ocrx_word' id='word_1_81' title='bbox 1174 724 1265 772; x_wconf 69' lang='lat' dir='ltr'><strong>stetu</strong></span> 
     </span>
     <span class='ocr_line' id='line_1_11' title="bbox 403 783 519 819; baseline -0.017 0"><span class='ocrx_word' id='word_1_82' title='bbox 403 783 519 819; x_wconf 64' lang='lat' dir='ltr'><strong>I‘kzxit.</strong></span> 
     </span>
    </p>
   </div>
   <div class='ocr_carea' id='block_1_4' title="bbox 192 849 1737 2676">
    <p class='ocr_par' dir='ltr' id='par_1_6' title="bbox 234 849 1728 1246">
     <span class='ocr_line' id='line_1_12' title="bbox 234 849 1725 909; baseline -0.005 -11"><span class='ocrx_word' id='word_1_83' title='bbox 234 865 282 908; x_wconf 81' lang='grc'><strong>74</strong></span> <span class='ocrx_word' id='word_1_84' title='bbox 296 857 398 898; x_wconf 92' lang='lat' dir='ltr'><strong>Non</strong></span> <span class='ocrx_word' id='word_1_85' title='bbox 420 865 561 896; x_wconf 83' lang='lat' dir='ltr'><strong>censet</strong></span> <span class='ocrx_word' id='word_1_86' title='bbox 579 853 806 909; x_wconf 86' lang='lat' dir='ltr'><strong>lugendam</strong></span> <span class='ocrx_word' id='word_1_87' title='bbox 829 867 918 895; x_wconf 90' lang='lat' dir='ltr'><strong>esse</strong></span> <span class='ocrx_word' id='word_1_88' title='bbox 939 862 1135 903; x_wconf 83' lang='lat' dir='ltr'><strong>mortem,</strong></span> <span class='ocrx_word' id='word_1_89' title='bbox 1157 866 1283 907; x_wconf 88' lang='lat' dir='ltr'><strong>quam</strong></span> <span class='ocrx_word' id='word_1_90' title='bbox 1310 849 1602 892; x_wconf 81' lang='lat' dir='ltr'>immortalitas</span> <span class='ocrx_word' id='word_1_91' title='bbox 1623 864 1725 891; x_wconf 89' lang='lat' dir='ltr'><strong>con-</strong></span> 
     </span>
     <span class='ocr_line' id='line_1_13' title="bbox 294 907 1726 968; baseline -0.005 -15"><span class='ocrx_word' id='word_1_92' title='bbox 294 920 506 968; x_wconf 77' lang='lat' dir='ltr'><strong>sequatur.</strong></span> <span class='ocrx_word' id='word_1_93' title='bbox 565 912 660 952; x_wconf 89' lang='lat' dir='ltr'><strong>Jam</strong></span> <span class='ocrx_word' id='word_1_94' title='bbox 695 919 731 942; x_wconf 85' lang='lat'><strong>⁵⁵</strong></span> <span class='ocrx_word' id='word_1_95' title='bbox 750 924 894 951; x_wconf 87' lang='lat' dir='ltr'><strong>sensus</strong></span> <span class='ocrx_word' id='word_1_96' title='bbox 925 909 1121 950; x_wconf 90' lang='lat' dir='ltr'><strong>morienti</strong></span> <span class='ocrx_word' id='word_1_97' title='bbox 1146 908 1294 964; x_wconf 86' lang='lat' dir='ltr'><strong>aliquis</strong></span> <span class='ocrx_word' id='word_1_98' title='bbox 1324 922 1414 948; x_wconf 88' lang='lat' dir='ltr'><strong>esse</strong></span> <span class='ocrx_word' id='word_1_99' title='bbox 1432 916 1586 962; x_wconf 85' lang='lat' dir='ltr'><strong>potest,</strong></span> <span class='ocrx_word' id='word_1_100' title='bbox 1607 907 1726 962; x_wconf 89' lang='lat' dir='ltr'><strong>isque</strong></span> 
     </span>
     <span class='ocr_line' id='line_1_14' title="bbox 294 963 1726 1024; baseline -0.004 -15"><span class='ocrx_word' id='word_1_101' title='bbox 294 969 346 1010; x_wconf 85' lang='lat' dir='ltr'><strong>ad</strong></span> <span class='ocrx_word' id='word_1_102' title='bbox 373 969 574 1024; x_wconf 85' lang='lat' dir='ltr'><strong>exiguum</strong></span> <span class='ocrx_word' id='word_1_103' title='bbox 604 977 784 1021; x_wconf 86' lang='lat' dir='ltr'><strong>tempus,</strong></span> <span class='ocrx_word' id='word_1_104' title='bbox 814 966 1045 1022; x_wconf 86' lang='lat' dir='ltr'><strong>praesertim</strong></span> <span class='ocrx_word' id='word_1_105' title='bbox 1077 965 1190 1007; x_wconf 86' lang='lat' dir='ltr'><strong>seni:</strong></span> <span class='ocrx_word' id='word_1_106' title='bbox 1222 973 1320 1019; x_wconf 89' lang='lat' dir='ltr'><strong>post</strong></span> <span class='ocrx_word' id='word_1_107' title='bbox 1346 973 1525 1005; x_wconf 85' lang='lat' dir='ltr'><strong>mortem</strong></span> <span class='ocrx_word' id='word_1_108' title='bbox 1556 963 1726 1019; x_wconf 90' lang='lat' dir='ltr'><strong>quidem</strong></span> 
     </span>
     <span class='ocr_line' id='line_1_15' title="bbox 295 1020 1725 1078; baseline -0.004 -13"><span class='ocrx_word' id='word_1_109' title='bbox 295 1040 438 1066; x_wconf 85' lang='lat' dir='ltr'><strong>sensus</strong></span> <span class='ocrx_word' id='word_1_110' title='bbox 471 1031 509 1057; x_wconf 75' lang='lat'><strong>⁵6</strong></span> <span class='ocrx_word' id='word_1_111' title='bbox 523 1032 594 1064; x_wconf 84' lang='lat' dir='ltr'><strong>aut</strong></span> <span class='ocrx_word' id='word_1_112' title='bbox 619 1023 842 1078; x_wconf 88' lang='lat' dir='ltr'><strong>optandus,</strong></span> <span class='ocrx_word' id='word_1_113' title='bbox 864 1031 937 1064; x_wconf 91' lang='lat' dir='ltr'><strong>aut</strong></span> <span class='ocrx_word' id='word_1_114' title='bbox 965 1021 1103 1063; x_wconf 88' lang='lat' dir='ltr'><strong>nullus</strong></span> <span class='ocrx_word' id='word_1_115' title='bbox 1127 1029 1204 1061; x_wconf 89' lang='lat' dir='ltr'><strong>est.</strong></span> <span class='ocrx_word' id='word_1_116' title='bbox 1264 1020 1349 1061; x_wconf 87' lang='lat' dir='ltr'><strong>Sed</strong></span> <span class='ocrx_word' id='word_1_117' title='bbox 1374 1020 1454 1060; x_wconf 88' lang='lat' dir='ltr'><strong>hoc</strong></span> <span class='ocrx_word' id='word_1_118' title='bbox 1474 1020 1725 1060; x_wconf 84' lang='lat' dir='ltr'><strong>meditatum</strong></span> 
     </span>
     <span class='ocr_line' id='line_1_16' title="bbox 295 1076 1728 1132; baseline -0.006 -9"><span class='ocrx_word' id='word_1_119' title='bbox 295 1083 348 1124; x_wconf 89' lang='lat' dir='ltr'><strong>ab</strong></span> <span class='ocrx_word' id='word_1_120' title='bbox 369 1081 652 1122; x_wconf 84' lang='lat' dir='ltr'><strong>adolescentia</strong></span> <span class='ocrx_word' id='word_1_121' title='bbox 672 1079 797 1121; x_wconf 85' lang='lat' dir='ltr'><strong>debet</strong></span> <span class='ocrx_word' id='word_1_122' title='bbox 818 1094 922 1129; x_wconf 86' lang='lat' dir='ltr'><strong>esse,</strong></span> <span class='ocrx_word' id='word_1_123' title='bbox 943 1088 1122 1120; x_wconf 88' lang='lat' dir='ltr'><strong>mortem</strong></span> <span class='ocrx_word' id='word_1_124' title='bbox 1145 1086 1192 1119; x_wconf 90' lang='lat' dir='ltr'><strong>ut</strong></span> <span class='ocrx_word' id='word_1_125' title='bbox 1211 1077 1503 1132; x_wconf 83' lang='lat' dir='ltr'><strong>negligamus:</strong></span> <span class='ocrx_word' id='word_1_126' title='bbox 1535 1076 1623 1116; x_wconf 90' lang='lat' dir='ltr'><strong>sine</strong></span> <span class='ocrx_word' id='word_1_127' title='bbox 1643 1089 1728 1130; x_wconf 82' lang='lat' dir='ltr'><strong>qua</strong></span> 
     </span>
     <span class='ocr_line' id='line_1_17' title="bbox 295 1132 1726 1192; baseline -0.005 -13"><span class='ocrx_word' id='word_1_128' title='bbox 295 1138 583 1188; x_wconf 78' lang='lat' dir='ltr'><strong>meditatione,</strong></span> <span class='ocrx_word' id='word_1_129' title='bbox 608 1136 834 1192; x_wconf 83' lang='lat' dir='ltr'><strong>tranquillo</strong></span> <span class='ocrx_word' id='word_1_130' title='bbox 862 1151 953 1177; x_wconf 87' lang='lat' dir='ltr'><strong>esse</strong></span> <span class='ocrx_word' id='word_1_131' title='bbox 978 1134 1119 1176; x_wconf 88' lang='lat' dir='ltr'><strong>animo</strong></span> <span class='ocrx_word' id='word_1_132' title='bbox 1142 1148 1266 1175; x_wconf 90' lang='lat' dir='ltr'><strong>nemo</strong></span> <span class='ocrx_word' id='word_1_133' title='bbox 1289 1141 1440 1189; x_wconf 87' lang='lat' dir='ltr'><strong>potest.</strong></span> <span class='ocrx_word' id='word_1_134' title='bbox 1461 1132 1726 1174; x_wconf 89' lang='lat' dir='ltr'><strong>moriendum</strong></span> 
     </span>
     <span class='ocr_line' id='line_1_18' title="bbox 296 1189 1727 1246; baseline -0.005 -10"><span class='ocrx_word' id='word_1_135' title='bbox 296 1196 409 1236; x_wconf 88' lang='lat' dir='ltr'><strong>enim</strong></span> <span class='ocrx_word' id='word_1_136' title='bbox 441 1203 552 1236; x_wconf 85' lang='lat' dir='ltr'><strong>certe</strong></span> <span class='ocrx_word' id='word_1_137' title='bbox 582 1202 673 1234; x_wconf 88' lang='lat' dir='ltr'><strong>est:</strong></span> <span class='ocrx_word' id='word_1_138' title='bbox 704 1203 747 1234; x_wconf 90' lang='lat' dir='ltr'><strong>et</strong></span> <span class='ocrx_word' id='word_1_139' title='bbox 778 1193 819 1234; x_wconf 89' lang='lat' dir='ltr'><strong>id</strong></span> <span class='ocrx_word' id='word_1_140' title='bbox 850 1193 1071 1242; x_wconf 88' lang='lat' dir='ltr'><strong>incertum,</strong></span> <span class='ocrx_word' id='word_1_141' title='bbox 1104 1206 1156 1232; x_wconf 90' lang='lat' dir='ltr'><strong>an</strong></span> <span class='ocrx_word' id='word_1_142' title='bbox 1188 1206 1239 1232; x_wconf 91' lang='lat' dir='ltr'><strong>eo</strong></span> <span class='ocrx_word' id='word_1_143' title='bbox 1272 1190 1364 1246; x_wconf 90' lang='lat' dir='ltr'><strong>ipso</strong></span> <span class='ocrx_word' id='word_1_144' title='bbox 1397 1189 1478 1231; x_wconf 82' lang='lat' dir='ltr'><strong>die.</strong></span> <span class='ocrx_word' id='word_1_145' title='bbox 1537 1190 1727 1230; x_wconf 85' lang='lat' dir='ltr'><strong>Mortem</strong></span> 
     </span>
    </p>

    <p class='ocr_par' dir='ltr' id='par_1_7' title="bbox 260 1245 1731 1417">
     <span class='ocr_line' id='line_1_19' title="bbox 260 1245 1728 1307; baseline -0.004 -15"><span class='ocrx_word' id='word_1_146' title='bbox 260 1255 263 1258; x_wconf 54' lang='lat'><strong>⁴</strong></span> <span class='ocrx_word' id='word_1_147' title='bbox 296 1253 427 1307; x_wconf 87' lang='lat' dir='ltr'><strong>igitur</strong></span> <span class='ocrx_word' id='word_1_148' title='bbox 449 1250 645 1291; x_wconf 87' lang='lat' dir='ltr'><strong>omnibus</strong></span> <span class='ocrx_word' id='word_1_149' title='bbox 666 1249 780 1291; x_wconf 89' lang='lat' dir='ltr'><strong>horis</strong></span> <span class='ocrx_word' id='word_1_150' title='bbox 800 1249 1112 1305; x_wconf 82' lang='lat' dir='ltr'><strong>impendentem</strong></span> <span class='ocrx_word' id='word_1_151' title='bbox 1133 1248 1299 1298; x_wconf 86' lang='lat' dir='ltr'><strong>timens,</strong></span> <span class='ocrx_word' id='word_1_152' title='bbox 1321 1248 1390 1303; x_wconf 82' lang='lat' dir='ltr'><strong>qui</strong></span> <span class='ocrx_word' id='word_1_153' title='bbox 1413 1246 1566 1302; x_wconf 87' lang='lat' dir='ltr'><strong>poterit</strong></span> <span class='ocrx_word' id='word_1_154' title='bbox 1586 1245 1728 1286; x_wconf 83' lang='lat' dir='ltr'><strong>animo</strong></span> 
     </span>
     <span class='ocr_line' id='line_1_20' title="bbox 297 1303 1729 1362; baseline -0.004 -14"><span class='ocrx_word' id='word_1_155' title='bbox 297 1309 555 1349; x_wconf 69' lang='lat' dir='ltr'><strong>consistere?</strong></span> <span class='ocrx_word' id='word_1_156' title='bbox 590 1306 641 1347; x_wconf 90' lang='lat' dir='ltr'><strong>de</strong></span> <span class='ocrx_word' id='word_1_157' title='bbox 663 1322 746 1362; x_wconf 88' lang='lat' dir='ltr'><strong>qua</strong></span> <span class='ocrx_word' id='word_1_158' title='bbox 773 1322 856 1347; x_wconf 88' lang='lat' dir='ltr'><strong>non</strong></span> <span class='ocrx_word' id='word_1_159' title='bbox 886 1306 944 1347; x_wconf 86' lang='lat' dir='ltr'><strong>ita</strong></span> <span class='ocrx_word' id='word_1_160' title='bbox 976 1305 1106 1361; x_wconf 84' lang='lat' dir='ltr'><strong>longa</strong></span> <span class='ocrx_word' id='word_1_161' title='bbox 1133 1304 1415 1360; x_wconf 86' lang='lat' dir='ltr'><strong>disputatione</strong></span> <span class='ocrx_word' id='word_1_162' title='bbox 1435 1318 1541 1358; x_wconf 85' lang='lat' dir='ltr'><strong>opus</strong></span> <span class='ocrx_word' id='word_1_163' title='bbox 1563 1317 1651 1344; x_wconf 83' lang='lat' dir='ltr'><strong>esse</strong></span> <span class='ocrx_word' id='word_1_164' title='bbox 1670 1303 1729 1342; x_wconf 79' lang='lat' dir='ltr'><strong>vi-</strong></span> 
     </span>
     <span class='ocr_line' id='line_1_21' title="bbox 298 1358 1731 1417; baseline -0.004 -12"><span class='ocrx_word' id='word_1_165' title='bbox 298 1365 435 1415; x_wconf 88' lang='lat' dir='ltr'><strong>detur,</strong></span> <span class='ocrx_word' id='word_1_166' title='bbox 457 1379 554 1405; x_wconf 89' lang='lat' dir='ltr'><strong>cum</strong></span> <span class='ocrx_word' id='word_1_167' title='bbox 578 1363 785 1413; x_wconf 82' lang='lat' dir='ltr'><strong>recorder,</strong></span> <span class='ocrx_word' id='word_1_168' title='bbox 808 1378 890 1403; x_wconf 90' lang='lat' dir='ltr'><strong>non</strong></span> <span class='ocrx_word' id='word_1_169' title='bbox 913 1363 1049 1403; x_wconf 89' lang='lat' dir='ltr'><strong>solum</strong></span> <span class='ocrx_word' id='word_1_170' title='bbox 1072 1364 1122 1403; x_wconf 92' lang='lat' dir='ltr'><strong>L.</strong></span> <span class='ocrx_word' id='word_1_171' title='bbox 1145 1363 1339 1411; x_wconf 83' lang='lat' dir='ltr'><strong>Brutum,</strong></span> <span class='ocrx_word' id='word_1_172' title='bbox 1362 1361 1434 1417; x_wconf 86' lang='lat' dir='ltr'><strong>qui</strong></span> <span class='ocrx_word' id='word_1_173' title='bbox 1455 1361 1495 1400; x_wconf 91' lang='lat' dir='ltr'><strong>in</strong></span> <span class='ocrx_word' id='word_1_174' title='bbox 1518 1358 1731 1401; x_wconf 86' lang='lat' dir='ltr'><strong>liberanda</strong></span> 
     </span>
    </p>

    <p class='ocr_par' dir='ltr' id='par_1_8' title="bbox 236 1416 1734 2095">
     <span class='ocr_line' id='line_1_22' title="bbox 236 1416 1731 1479; baseline -0.004 -17"><span class='ocrx_word' id='word_1_175' title='bbox 236 1437 283 1479; x_wconf 87' lang='lat'><strong>75</strong></span> <span class='ocrx_word' id='word_1_176' title='bbox 298 1422 434 1477; x_wconf 88' lang='lat' dir='ltr'><strong>patria</strong></span> <span class='ocrx_word' id='word_1_177' title='bbox 464 1429 529 1462; x_wconf 89' lang='lat' dir='ltr'><strong>est</strong></span> <span class='ocrx_word' id='word_1_178' title='bbox 558 1421 803 1460; x_wconf 83' lang='lat' dir='ltr'><strong>interfectus</strong></span> <span class='ocrx_word' id='word_1_179' title='bbox 825 1437 834 1460; x_wconf 72' lang='grc' dir='ltr'><em>ε</em></span> <span class='ocrx_word' id='word_1_180' title='bbox 869 1422 959 1460; x_wconf 81' lang='lat' dir='ltr'><strong>non</strong></span> <span class='ocrx_word' id='word_1_181' title='bbox 975 1419 1067 1460; x_wconf 87' lang='lat' dir='ltr'><strong>&#39;duo</strong></span> <span class='ocrx_word' id='word_1_182' title='bbox 1095 1418 1269 1469; x_wconf 86' lang='lat' dir='ltr'><strong>Decios,</strong></span> <span class='ocrx_word' id='word_1_183' title='bbox 1290 1418 1360 1473; x_wconf 90' lang='lat' dir='ltr'><strong>qui</strong></span> <span class='ocrx_word' id='word_1_184' title='bbox 1382 1417 1435 1458; x_wconf 88' lang='lat' dir='ltr'><strong>ad</strong></span> <span class='ocrx_word' id='word_1_185' title='bbox 1456 1416 1731 1457; x_wconf 82' lang='lat' dir='ltr'><strong>voluntariam</strong></span> 
     </span>
     <span class='ocr_line' id='line_1_23' title="bbox 297 1473 1731 1532; baseline -0.003 -13"><span class='ocrx_word' id='word_1_186' title='bbox 297 1488 479 1519; x_wconf 72' lang='lat' dir='ltr'><strong>mortem</strong></span> <span class='ocrx_word' id='word_1_187' title='bbox 503 1492 674 1518; x_wconf 88' lang='lat' dir='ltr'><strong>cursum</strong></span> <span class='ocrx_word' id='word_1_188' title='bbox 694 1491 900 1532; x_wconf 89' lang='lat' dir='ltr'><strong>equorum</strong></span> <span class='ocrx_word' id='word_1_189' title='bbox 922 1477 1222 1518; x_wconf 64' lang='lat' dir='ltr'><strong>incitaverunt:</strong></span> <span class='ocrx_word' id='word_1_190' title='bbox 1249 1490 1333 1515; x_wconf 90' lang='lat' dir='ltr'><strong>non</strong></span> <span class='ocrx_word' id='word_1_191' title='bbox 1355 1475 1420 1515; x_wconf 90' lang='lat' dir='ltr'><strong>M.</strong></span> <span class='ocrx_word' id='word_1_192' title='bbox 1441 1473 1638 1524; x_wconf 84' lang='lat' dir='ltr'><strong>Atilium,</strong></span> <span class='ocrx_word' id='word_1_193' title='bbox 1658 1473 1731 1529; x_wconf 89' lang='lat' dir='ltr'><strong>qui</strong></span> 
     </span>
     <span class='ocr_line' id='line_1_24' title="bbox 297 1530 1732 1589; baseline -0.004 -13"><span class='ocrx_word' id='word_1_194' title='bbox 297 1535 349 1576; x_wconf 87' lang='lat' dir='ltr'><strong>ad</strong></span> <span class='ocrx_word' id='word_1_195' title='bbox 382 1534 635 1589; x_wconf 86' lang='lat' dir='ltr'><strong>supplicium</strong></span> <span class='ocrx_word' id='word_1_196' title='bbox 668 1543 731 1574; x_wconf 86' lang='lat' dir='ltr'><strong>est</strong></span> <span class='ocrx_word' id='word_1_197' title='bbox 762 1533 989 1588; x_wconf 88' lang='lat' dir='ltr'><strong>profectus,</strong></span> <span class='ocrx_word' id='word_1_198' title='bbox 1020 1541 1069 1573; x_wconf 90' lang='lat' dir='ltr'><strong>ut</strong></span> <span class='ocrx_word' id='word_1_199' title='bbox 1099 1532 1224 1573; x_wconf 89' lang='lat' dir='ltr'><strong>fidem</strong></span> <span class='ocrx_word' id='word_1_200' title='bbox 1255 1530 1368 1572; x_wconf 89' lang='lat' dir='ltr'><strong>hosti</strong></span> <span class='ocrx_word' id='word_1_201' title='bbox 1399 1530 1540 1571; x_wconf 87' lang='lat' dir='ltr'><strong>datam</strong></span> <span class='ocrx_word' id='word_1_202' title='bbox 1561 1544 1732 1571; x_wconf 86' lang='lat' dir='ltr'><strong>conser-</strong></span> 
     </span>
     <span class='ocr_line' id='line_1_25' title="bbox 296 1586 1730 1645; baseline -0.003 -14"><span class='ocrx_word' id='word_1_203' title='bbox 296 1600 409 1632; x_wconf 84' lang='lat' dir='ltr'><strong>varet</strong></span> <span class='ocrx_word' id='word_1_204' title='bbox 429 1607 437 1631; x_wconf 75' lang='grc' dir='ltr'><strong>ε</strong></span> <span class='ocrx_word' id='word_1_205' title='bbox 471 1605 552 1631; x_wconf 91' lang='lat' dir='ltr'><strong>non</strong></span> <span class='ocrx_word' id='word_1_206' title='bbox 584 1590 669 1631; x_wconf 88' lang='lat' dir='ltr'><strong>duo</strong></span> <span class='ocrx_word' id='word_1_207' title='bbox 692 1589 923 1644; x_wconf 84' lang='lat' dir='ltr'><strong>Scipiones,</strong></span> <span class='ocrx_word' id='word_1_208' title='bbox 945 1589 1015 1645; x_wconf 88' lang='lat' dir='ltr'><strong>qui</strong></span> <span class='ocrx_word' id='word_1_209' title='bbox 1039 1589 1117 1629; x_wconf 90' lang='lat' dir='ltr'><strong>iter</strong></span> <span class='ocrx_word' id='word_1_210' title='bbox 1140 1588 1277 1629; x_wconf 83' lang='lat' dir='ltr'><strong>Poenis</strong></span> <span class='ocrx_word' id='word_1_211' title='bbox 1297 1587 1361 1628; x_wconf 71' lang='lat' dir='ltr'><strong>vel</strong></span> <span class='ocrx_word' id='word_1_212' title='bbox 1380 1586 1625 1642; x_wconf 87' lang='lat' dir='ltr'><strong>corporibus</strong></span> <span class='ocrx_word' id='word_1_213' title='bbox 1646 1586 1730 1627; x_wconf 90' lang='lat' dir='ltr'><strong>suis</strong></span> 
     </span>
     <span class='ocr_line' id='line_1_26' title="bbox 299 1643 1732 1699; baseline -0.003 -11"><span class='ocrx_word' id='word_1_214' title='bbox 299 1649 517 1689; x_wconf 86' lang='lat' dir='ltr'><strong>obstruere</strong></span> <span class='ocrx_word' id='word_1_215' title='bbox 538 1647 783 1687; x_wconf 85' lang='lat' dir='ltr'><strong>voluerunt:</strong></span> <span class='ocrx_word' id='word_1_216' title='bbox 811 1659 894 1686; x_wconf 91' lang='lat' dir='ltr'><strong>non</strong></span> <span class='ocrx_word' id='word_1_217' title='bbox 917 1660 1038 1686; x_wconf 88' lang='lat' dir='ltr'><strong>avum</strong></span> <span class='ocrx_word' id='word_1_218' title='bbox 1059 1654 1181 1686; x_wconf 86' lang='lat' dir='ltr'><strong>tuum</strong></span> <span class='ocrx_word' id='word_1_219' title='bbox 1203 1646 1253 1685; x_wconf 88' lang='lat' dir='ltr'><strong>L.</strong></span> <span class='ocrx_word' id='word_1_220' title='bbox 1275 1643 1484 1693; x_wconf 81' lang='lat' dir='ltr'><strong>Paullum,</strong></span> <span class='ocrx_word' id='word_1_221' title='bbox 1503 1643 1574 1699; x_wconf 88' lang='lat' dir='ltr'><strong>qui</strong></span> <span class='ocrx_word' id='word_1_222' title='bbox 1596 1653 1732 1684; x_wconf 86' lang='lat' dir='ltr'><strong>morte</strong></span> 
     </span>
     <span class='ocr_line' id='line_1_27' title="bbox 295 1700 1731 1759; baseline -0.004 -14"><span class='ocrx_word' id='word_1_223' title='bbox 295 1705 375 1746; x_wconf 76' lang='lat' dir='ltr'><strong>luit</strong></span> <span class='ocrx_word' id='word_1_224' title='bbox 408 1703 585 1759; x_wconf 80' lang='lat' dir='ltr'><strong>collegae</strong></span> <span class='ocrx_word' id='word_1_225' title='bbox 619 1703 660 1743; x_wconf 88' lang='lat' dir='ltr'><strong>in</strong></span> <span class='ocrx_word' id='word_1_226' title='bbox 700 1702 912 1743; x_wconf 79' lang='lat' dir='ltr'><strong>Cannensi</strong></span> <span class='ocrx_word' id='word_1_227' title='bbox 942 1701 1175 1758; x_wconf 75' lang='lat' dir='ltr'><strong>ignominia</strong></span> <span class='ocrx_word' id='word_1_228' title='bbox 1206 1700 1515 1741; x_wconf 84' lang='lat' dir='ltr'><strong>temeritatem:</strong></span> <span class='ocrx_word' id='word_1_229' title='bbox 1548 1714 1630 1740; x_wconf 82' lang='lat' dir='ltr'><strong>non</strong></span> <span class='ocrx_word' id='word_1_230' title='bbox 1663 1701 1731 1740; x_wconf 92' lang='lat' dir='ltr'><strong>M.</strong></span> 
     </span>
     <span class='ocr_line' id='line_1_28' title="bbox 297 1755 1732 1815; baseline -0.004 -13"><span class='ocrx_word' id='word_1_231' title='bbox 297 1761 570 1811; x_wconf 82' lang='lat' dir='ltr'><strong>Marcellum,</strong></span> <span class='ocrx_word' id='word_1_232' title='bbox 592 1759 713 1815; x_wconf 84' lang='lat' dir='ltr'><strong>cujus</strong></span> <span class='ocrx_word' id='word_1_233' title='bbox 735 1759 950 1800; x_wconf 84' lang='lat' dir='ltr'><strong>interitum</strong></span> <span class='ocrx_word' id='word_1_234' title='bbox 979 1771 1029 1798; x_wconf 91' lang='lat' dir='ltr'><strong>ne</strong></span> <span class='ocrx_word' id='word_1_235' title='bbox 1060 1757 1374 1805; x_wconf 83' lang='lat' dir='ltr'><strong>crudelissimus</strong></span> <span class='ocrx_word' id='word_1_236' title='bbox 1403 1756 1573 1812; x_wconf 90' lang='lat' dir='ltr'><strong>quidem</strong></span> <span class='ocrx_word' id='word_1_237' title='bbox 1597 1755 1732 1797; x_wconf 87' lang='lat' dir='ltr'><strong>hostis</strong></span> 
     </span>
     <span class='ocr_line' id='line_1_29' title="bbox 297 1813 1731 1872; baseline -0.004 -13"><span class='ocrx_word' id='word_1_238' title='bbox 297 1817 458 1859; x_wconf 84' lang='lat' dir='ltr'><strong>honore</strong></span> <span class='ocrx_word' id='word_1_239' title='bbox 495 1816 723 1872; x_wconf 64' lang='lat' dir='ltr'><strong>sepulturae</strong></span> <span class='ocrx_word' id='word_1_240' title='bbox 758 1830 898 1856; x_wconf 88' lang='lat' dir='ltr'><strong>carere</strong></span> <span class='ocrx_word' id='word_1_241' title='bbox 930 1829 1078 1870; x_wconf 88' lang='lat' dir='ltr'><strong>passus</strong></span> <span class='ocrx_word' id='word_1_242' title='bbox 1113 1823 1204 1855; x_wconf 85' lang='lat' dir='ltr'><strong>est:</strong></span> <span class='ocrx_word' id='word_1_243' title='bbox 1237 1813 1313 1855; x_wconf 91' lang='lat' dir='ltr'><strong>sed</strong></span> <span class='ocrx_word' id='word_1_244' title='bbox 1347 1814 1536 1868; x_wconf 83' lang='lat' dir='ltr'><strong>legiones</strong></span> <span class='ocrx_word' id='word_1_245' title='bbox 1567 1821 1731 1854; x_wconf 86' lang='lat' dir='ltr'><strong>nostras</strong></span> 
     </span>
     <span class='ocr_line' id='line_1_30' title="bbox 301 1869 1732 1930; baseline -0.004 -15"><span class='ocrx_word' id='word_1_246' title='bbox 301 1875 434 1930; x_wconf 86' lang='lat' dir='ltr'><strong>(quod</strong></span> <span class='ocrx_word' id='word_1_247' title='bbox 465 1873 609 1929; x_wconf 86' lang='lat' dir='ltr'><strong>scripsi</strong></span> <span class='ocrx_word' id='word_1_248' title='bbox 641 1874 682 1914; x_wconf 92' lang='lat' dir='ltr'><strong>in</strong></span> <span class='ocrx_word' id='word_1_249' title='bbox 714 1872 977 1928; x_wconf 83' lang='lat' dir='ltr'><strong>Originibus)</strong></span> <span class='ocrx_word' id='word_1_250' title='bbox 1012 1871 1053 1912; x_wconf 91' lang='lat' dir='ltr'><strong>in</strong></span> <span class='ocrx_word' id='word_1_251' title='bbox 1083 1885 1181 1913; x_wconf 89' lang='lat' dir='ltr'><strong>eum</strong></span> <span class='ocrx_word' id='word_1_252' title='bbox 1213 1884 1324 1925; x_wconf 84' lang='lat' dir='ltr'><strong>saepe</strong></span> <span class='ocrx_word' id='word_1_253' title='bbox 1354 1871 1495 1911; x_wconf 86' lang='lat' dir='ltr'><strong>locum</strong></span> <span class='ocrx_word' id='word_1_254' title='bbox 1520 1869 1732 1925; x_wconf 88' lang='lat' dir='ltr'><strong>profectas</strong></span> 
     </span>
     <span class='ocr_line' id='line_1_31' title="bbox 296 1926 1731 1984; baseline -0.004 -12"><span class='ocrx_word' id='word_1_255' title='bbox 296 1931 423 1972; x_wconf 83' lang='lat' dir='ltr'><strong>alacri</strong></span> <span class='ocrx_word' id='word_1_256' title='bbox 444 1931 601 1981; x_wconf 83' lang='lat' dir='ltr'><strong>animo,</strong></span> <span class='ocrx_word' id='word_1_257' title='bbox 623 1938 665 1970; x_wconf 89' lang='lat' dir='ltr'><strong>et</strong></span> <span class='ocrx_word' id='word_1_258' title='bbox 686 1937 844 1980; x_wconf 84' lang='lat' dir='ltr'><strong>erecto,</strong></span> <span class='ocrx_word' id='word_1_259' title='bbox 863 1928 974 1970; x_wconf 87' lang='lat' dir='ltr'><strong>unde</strong></span> <span class='ocrx_word' id='word_1_260' title='bbox 1000 1943 1043 1969; x_wconf 90' lang='lat' dir='ltr'><strong>se</strong></span> <span class='ocrx_word' id='word_1_261' title='bbox 1080 1942 1312 1984; x_wconf 85' lang='lat' dir='ltr'><strong>numquam</strong></span> <span class='ocrx_word' id='word_1_262' title='bbox 1332 1926 1536 1968; x_wconf 88' lang='lat' dir='ltr'><strong>redituras</strong></span> <span class='ocrx_word' id='word_1_263' title='bbox 1555 1926 1731 1967; x_wconf 88' lang='lat' dir='ltr'><strong>arbitra-</strong></span> 
     </span>
     <span class='ocr_line' id='line_1_32' title="bbox 296 1981 1729 2041; baseline -0.004 -12"><span class='ocrx_word' id='word_1_264' title='bbox 296 1996 454 2029; x_wconf 85' lang='lat' dir='ltr'><strong>rentur.</strong></span> <span class='ocrx_word' id='word_1_265' title='bbox 515 1987 648 2029; x_wconf 76' lang='lat' dir='ltr'><strong>Quod</strong></span> <span class='ocrx_word' id='word_1_266' title='bbox 676 1986 808 2041; x_wconf 86' lang='lat' dir='ltr'><strong>igitur</strong></span> <span class='ocrx_word' id='word_1_267' title='bbox 836 1985 1136 2036; x_wconf 82' lang='lat' dir='ltr'><strong>adolescentes,</strong></span> <span class='ocrx_word' id='word_1_268' title='bbox 1157 1994 1200 2026; x_wconf 85' lang='lat' dir='ltr'><strong>et</strong></span> <span class='ocrx_word' id='word_1_269' title='bbox 1230 1984 1256 2025; x_wconf 86' lang='lat' dir='ltr'><strong>ii</strong></span> <span class='ocrx_word' id='word_1_270' title='bbox 1285 1983 1459 2039; x_wconf 89' lang='lat' dir='ltr'><strong>quidem</strong></span> <span class='ocrx_word' id='word_1_271' title='bbox 1487 1996 1568 2023; x_wconf 90' lang='lat' dir='ltr'><strong>non</strong></span> <span class='ocrx_word' id='word_1_272' title='bbox 1591 1981 1729 2024; x_wconf 90' lang='lat' dir='ltr'><strong>solum</strong></span> 
     </span>
     <span class='ocr_line' id='line_1_33' title="bbox 296 2039 1734 2095; baseline -0.004 -9"><span class='ocrx_word' id='word_1_273' title='bbox 296 2044 474 2095; x_wconf 86' lang='lat' dir='ltr'><strong>indocti,</strong></span> <span class='ocrx_word' id='word_1_274' title='bbox 505 2044 580 2085; x_wconf 91' lang='lat' dir='ltr'><strong>sed</strong></span> <span class='ocrx_word' id='word_1_275' title='bbox 610 2043 735 2083; x_wconf 88' lang='lat' dir='ltr'><strong>etiam</strong></span> <span class='ocrx_word' id='word_1_276' title='bbox 768 2041 915 2083; x_wconf 87' lang='lat' dir='ltr'><strong>rustici</strong></span> <span class='ocrx_word' id='word_1_277' title='bbox 944 2050 1235 2092; x_wconf 88' lang='lat' dir='ltr'><strong>contemnunt,</strong></span> <span class='ocrx_word' id='word_1_278' title='bbox 1264 2040 1306 2081; x_wconf 87' lang='lat' dir='ltr'><strong>id</strong></span> <span class='ocrx_word' id='word_1_279' title='bbox 1336 2039 1450 2080; x_wconf 90' lang='lat' dir='ltr'><strong>docti</strong></span> <span class='ocrx_word' id='word_1_280' title='bbox 1481 2054 1601 2080; x_wconf 82' lang='lat' dir='ltr'><strong>senes</strong></span> <span class='ocrx_word' id='word_1_281' title='bbox 1629 2039 1734 2080; x_wconf 90' lang='lat' dir='ltr'><strong>exti-</strong></span> 
     </span>
    </p>

    <p class='ocr_par' dir='ltr' id='par_1_9' title="bbox 235 2096 1734 2324">
     <span class='ocr_line' id='line_1_34' title="bbox 235 2096 1733 2159; baseline -0.004 -17"><span class='ocrx_word' id='word_1_282' title='bbox 235 2115 286 2159; x_wconf 81' lang='lat'><strong>76</strong></span> <span class='ocrx_word' id='word_1_283' title='bbox 298 2102 516 2142; x_wconf 83' lang='lat' dir='ltr'><strong>mescent?</strong></span> <span class='ocrx_word' id='word_1_284' title='bbox 551 2100 736 2141; x_wconf 90' lang='lat' dir='ltr'><strong>Omnino</strong></span> <span class='ocrx_word' id='word_1_285' title='bbox 762 2101 827 2153; x_wconf 91' lang='lat' dir='ltr'><strong>(ut</strong></span> <span class='ocrx_word' id='word_1_286' title='bbox 851 2098 960 2138; x_wconf 84' lang='lat' dir='ltr'><strong>mihi</strong></span> <span class='ocrx_word' id='word_1_287' title='bbox 982 2098 1153 2153; x_wconf 87' lang='lat' dir='ltr'><strong>quidem</strong></span> <span class='ocrx_word' id='word_1_288' title='bbox 1175 2096 1351 2149; x_wconf 87' lang='lat' dir='ltr'><strong>videtur)</strong></span> <span class='ocrx_word' id='word_1_289' title='bbox 1377 2096 1616 2137; x_wconf 86' lang='lat' dir='ltr'><strong>studiorum</strong></span> <span class='ocrx_word' id='word_1_290' title='bbox 1638 2110 1733 2137; x_wconf 90' lang='lat' dir='ltr'><strong>om-</strong></span> 
     </span>
     <span class='ocr_line' id='line_1_35' title="bbox 299 2153 1734 2208; baseline -0.003 -10"><span class='ocrx_word' id='word_1_291' title='bbox 299 2157 414 2198; x_wconf 89' lang='lat' dir='ltr'><strong>nium</strong></span> <span class='ocrx_word' id='word_1_292' title='bbox 454 2157 637 2205; x_wconf 81' lang='lat' dir='ltr'><strong>satietas,</strong></span> <span class='ocrx_word' id='word_1_293' title='bbox 672 2156 764 2196; x_wconf 84' lang='lat' dir='ltr'><strong>vitae</strong></span> <span class='ocrx_word' id='word_1_294' title='bbox 797 2155 897 2196; x_wconf 80' lang='lat' dir='ltr'><strong>facit</strong></span> <span class='ocrx_word' id='word_1_295' title='bbox 930 2156 1181 2196; x_wconf 84' lang='lat' dir='ltr'><strong>satietatem.</strong></span> <span class='ocrx_word' id='word_1_296' title='bbox 1240 2154 1349 2194; x_wconf 86' lang='lat' dir='ltr'><strong>Sunt</strong></span> <span class='ocrx_word' id='word_1_297' title='bbox 1388 2153 1579 2208; x_wconf 70' lang='lat' dir='ltr'><strong>pueritiae</strong></span> <span class='ocrx_word' id='word_1_298' title='bbox 1619 2162 1734 2194; x_wconf 89' lang='lat' dir='ltr'><strong>certa</strong></span> 
     </span>
     <span class='ocr_line' id='line_1_36' title="bbox 298 2210 1733 2268; baseline -0.004 -13"><span class='ocrx_word' id='word_1_299' title='bbox 298 2214 452 2255; x_wconf 84' lang='lat' dir='ltr'><strong>studia.</strong></span> <span class='ocrx_word' id='word_1_300' title='bbox 483 2227 584 2254; x_wconf 92' lang='lat' dir='ltr'><strong>num</strong></span> <span class='ocrx_word' id='word_1_301' title='bbox 616 2213 747 2268; x_wconf 83' lang='lat' dir='ltr'><strong>igitur</strong></span> <span class='ocrx_word' id='word_1_302' title='bbox 776 2226 825 2253; x_wconf 85' lang='lat' dir='ltr'><strong>ea</strong></span> <span class='ocrx_word' id='word_1_303' title='bbox 853 2211 1090 2252; x_wconf 87' lang='lat' dir='ltr'><strong>desiderant</strong></span> <span class='ocrx_word' id='word_1_304' title='bbox 1119 2211 1438 2252; x_wconf 84' lang='lat' dir='ltr'><strong>adolescentes?</strong></span> <span class='ocrx_word' id='word_1_305' title='bbox 1471 2218 1568 2250; x_wconf 92' lang='lat' dir='ltr'><strong>sunt</strong></span> <span class='ocrx_word' id='word_1_306' title='bbox 1597 2219 1641 2250; x_wconf 92' lang='lat' dir='ltr'><strong>et</strong></span> <span class='ocrx_word' id='word_1_307' title='bbox 1668 2210 1733 2250; x_wconf 91' lang='lat' dir='ltr'><strong>in-</strong></span> 
     </span>
     <span class='ocr_line' id='line_1_37' title="bbox 300 2266 1732 2324; baseline -0.003 -13"><span class='ocrx_word' id='word_1_308' title='bbox 300 2271 439 2311; x_wconf 90' lang='lat' dir='ltr'><strong>euntis</strong></span> <span class='ocrx_word' id='word_1_309' title='bbox 460 2268 767 2310; x_wconf 70' lang='lat' dir='ltr'><strong>adolescentiae.</strong></span> <span class='ocrx_word' id='word_1_310' title='bbox 789 2283 891 2309; x_wconf 87' lang='lat' dir='ltr'><strong>num</strong></span> <span class='ocrx_word' id='word_1_311' title='bbox 913 2282 962 2309; x_wconf 87' lang='lat' dir='ltr'><strong>ea</strong></span> <span class='ocrx_word' id='word_1_312' title='bbox 974 2267 1065 2324; x_wconf 85' lang='lat' dir='ltr'><strong>jam</strong></span> <span class='ocrx_word' id='word_1_313' title='bbox 1088 2276 1285 2309; x_wconf 87' lang='lat' dir='ltr'><strong>constans</strong></span> <span class='ocrx_word' id='word_1_314' title='bbox 1305 2266 1478 2322; x_wconf 88' lang='lat' dir='ltr'><strong>requirit</strong></span> <span class='ocrx_word' id='word_1_315' title='bbox 1499 2274 1614 2317; x_wconf 81' lang='lat' dir='ltr'><strong>aetas,</strong></span> <span class='ocrx_word' id='word_1_316' title='bbox 1636 2281 1732 2322; x_wconf 88' lang='lat' dir='ltr'><strong>quae</strong></span> 
     </span>
    </p>

    <p class='ocr_par' dir='ltr' id='par_1_10' title="bbox 192 2322 1735 2608">
     <span class='ocr_line' id='line_1_38' title="bbox 192 2322 1734 2381; baseline -0.005 -10"><span class='ocrx_word' id='word_1_317' title='bbox 192 2348 223 2378; x_wconf 84' lang='lat' dir='ltr'><strong>p.</strong></span> <span class='ocrx_word' id='word_1_318' title='bbox 237 2327 441 2371; x_wconf 80' lang='lat' dir='ltr'><strong>93.media</strong></span> <span class='ocrx_word' id='word_1_319' title='bbox 461 2327 613 2368; x_wconf 89' lang='lat' dir='ltr'><strong>dieitur</strong></span> <span class='ocrx_word' id='word_1_320' title='bbox 631 2328 643 2367; x_wconf 87' lang='lat'>?</span> <span class='ocrx_word' id='word_1_321' title='bbox 677 2335 776 2367; x_wconf 84' lang='lat' dir='ltr'><strong>sunt</strong></span> <span class='ocrx_word' id='word_1_322' title='bbox 804 2325 929 2366; x_wconf 84' lang='lat' dir='ltr'><strong>etiam</strong></span> <span class='ocrx_word' id='word_1_323' title='bbox 965 2325 1090 2381; x_wconf 83' lang='lat' dir='ltr'><strong>hujus</strong></span> <span class='ocrx_word' id='word_1_324' title='bbox 1109 2324 1258 2366; x_wconf 85' lang='lat' dir='ltr'><strong>aetatis.</strong></span> <span class='ocrx_word' id='word_1_325' title='bbox 1280 2337 1332 2364; x_wconf 92' lang='lat' dir='ltr'><strong>ne</strong></span> <span class='ocrx_word' id='word_1_326' title='bbox 1353 2337 1402 2363; x_wconf 88' lang='lat' dir='ltr'><strong>ea</strong></span> <span class='ocrx_word' id='word_1_327' title='bbox 1421 2322 1593 2378; x_wconf 89' lang='lat' dir='ltr'><strong>quidem</strong></span> <span class='ocrx_word' id='word_1_328' title='bbox 1615 2338 1734 2379; x_wconf 86' lang='lat' dir='ltr'><strong>quae-</strong></span> 
     </span>
     <span class='ocr_line' id='line_1_39' title="bbox 260 2378 1735 2437; baseline -0.003 -12"><span class='ocrx_word' id='word_1_329' title='bbox 260 2390 445 2425; x_wconf 80' lang='lat' dir='ltr'><strong>a·runtur</strong></span> <span class='ocrx_word' id='word_1_330' title='bbox 477 2399 500 2424; x_wconf 87' lang='lat' dir='ltr'><strong>a</strong></span> <span class='ocrx_word' id='word_1_331' title='bbox 526 2392 754 2424; x_wconf 85' lang='lat' dir='ltr'><strong>senectute.</strong></span> <span class='ocrx_word' id='word_1_332' title='bbox 785 2391 882 2423; x_wconf 88' lang='lat' dir='ltr'><strong>sunt</strong></span> <span class='ocrx_word' id='word_1_333' title='bbox 911 2390 1097 2423; x_wconf 81' lang='lat' dir='ltr'><strong>extrema</strong></span> <span class='ocrx_word' id='word_1_334' title='bbox 1118 2380 1313 2437; x_wconf 79' lang='lat' dir='ltr'><strong>quaedam</strong></span> <span class='ocrx_word' id='word_1_335' title='bbox 1334 2378 1472 2420; x_wconf 86' lang='lat' dir='ltr'><strong>studia</strong></span> <span class='ocrx_word' id='word_1_336' title='bbox 1493 2380 1735 2421; x_wconf 84' lang='lat' dir='ltr'><strong>senectutis.</strong></span> 
     </span>
     <span class='ocr_line' id='line_1_40' title="bbox 300 2436 1732 2496; baseline -0.002 -15"><span class='ocrx_word' id='word_1_337' title='bbox 300 2454 418 2496; x_wconf 77' lang='lat' dir='ltr'><strong>ergo,</strong></span> <span class='ocrx_word' id='word_1_338' title='bbox 450 2450 497 2481; x_wconf 80' lang='lat' dir='ltr'><strong>ut</strong></span> <span class='ocrx_word' id='word_1_339' title='bbox 528 2440 794 2495; x_wconf 85' lang='lat' dir='ltr'><strong>superiorum</strong></span> <span class='ocrx_word' id='word_1_340' title='bbox 828 2447 999 2480; x_wconf 86' lang='lat' dir='ltr'><strong>aetatum</strong></span> <span class='ocrx_word' id='word_1_341' title='bbox 1032 2437 1171 2479; x_wconf 89' lang='lat' dir='ltr'><strong>studia</strong></span> <span class='ocrx_word' id='word_1_342' title='bbox 1200 2436 1413 2486; x_wconf 85' lang='lat' dir='ltr'><strong>occidunt,</strong></span> <span class='ocrx_word' id='word_1_343' title='bbox 1444 2436 1502 2477; x_wconf 87' lang='lat' dir='ltr'><strong>sic</strong></span> <span class='ocrx_word' id='word_1_344' title='bbox 1533 2436 1732 2478; x_wconf 89' lang='lat' dir='ltr'><strong>occidunt</strong></span> 
     </span>
     <span class='ocr_line' id='line_1_41' title="bbox 300 2493 1732 2552; baseline -0.004 -14"><span class='ocrx_word' id='word_1_345' title='bbox 300 2499 427 2538; x_wconf 79' lang='lat' dir='ltr'><strong>etiam</strong></span> <span class='ocrx_word' id='word_1_346' title='bbox 449 2497 691 2538; x_wconf 84' lang='lat' dir='ltr'><strong>senectutis.</strong></span> <span class='ocrx_word' id='word_1_347' title='bbox 714 2495 830 2552; x_wconf 80' lang='lat' dir='ltr'><strong>quod</strong></span> <span class='ocrx_word' id='word_1_348' title='bbox 851 2510 946 2536; x_wconf 89' lang='lat' dir='ltr'><strong>cum</strong></span> <span class='ocrx_word' id='word_1_349' title='bbox 979 2495 1128 2545; x_wconf 85' lang='lat' dir='ltr'><strong>evenit,</strong></span> <span class='ocrx_word' id='word_1_350' title='bbox 1149 2493 1318 2535; x_wconf 85' lang='lat' dir='ltr'><strong>satietas</strong></span> <span class='ocrx_word' id='word_1_351' title='bbox 1340 2493 1432 2534; x_wconf 84' lang='lat' dir='ltr'><strong>vitae</strong></span> <span class='ocrx_word' id='word_1_352' title='bbox 1452 2501 1620 2548; x_wconf 86' lang='lat' dir='ltr'><strong>tempus</strong></span> <span class='ocrx_word' id='word_1_353' title='bbox 1641 2507 1732 2533; x_wconf 88' lang='lat' dir='ltr'><strong>ma·-</strong></span> 
     </span>
     <span class='ocr_line' id='line_1_42' title="bbox 216 2548 1733 2608; baseline -0.004 -13"><span class='ocrx_word' id='word_1_354' title='bbox 216 2560 443 2606; x_wconf 67' lang='lat' dir='ltr'><strong>fglturum</strong></span> <span class='ocrx_word' id='word_1_355' title='bbox 479 2554 627 2594; x_wconf 86' lang='lat' dir='ltr'><strong>mortis</strong></span> <span class='ocrx_word' id='word_1_356' title='bbox 662 2553 794 2593; x_wconf 82' lang='lat' dir='ltr'><strong>affert.</strong></span> <span class='ocrx_word' id='word_1_357' title='bbox 852 2551 1062 2608; x_wconf 89' lang='lat' dir='ltr'><strong>Equidem</strong></span> <span class='ocrx_word' id='word_1_358' title='bbox 1099 2566 1182 2592; x_wconf 91' lang='lat' dir='ltr'><strong>non</strong></span> <span class='ocrx_word' id='word_1_359' title='bbox 1218 2550 1352 2600; x_wconf 83' lang='lat' dir='ltr'><strong>videO,</strong></span> <span class='ocrx_word' id='word_1_360' title='bbox 1388 2564 1477 2600; x_wconf 90' lang='lat' dir='ltr'><strong>cur,</strong></span> <span class='ocrx_word' id='word_1_361' title='bbox 1512 2548 1613 2605; x_wconf 90' lang='lat' dir='ltr'><strong>quid</strong></span> <span class='ocrx_word' id='word_1_362' title='bbox 1645 2550 1733 2604; x_wconf 88' lang='lat' dir='ltr'><strong>ipse</strong></span> 
     </span>
    </p>

    <p class='ocr_par' dir='ltr' id='par_1_11' title="bbox 236 2605 1737 2676">
     <span class='ocr_line' id='line_1_43' title="bbox 236 2605 1737 2676; baseline -0.004 -24"><span class='ocrx_word' id='word_1_363' title='bbox 236 2636 285 2676; x_wconf 90' lang='lat'><strong>77</strong></span> <span class='ocrx_word' id='word_1_364' title='bbox 299 2611 475 2667; x_wconf 83' lang='lat' dir='ltr'><strong>sentiam</strong></span> <span class='ocrx_word' id='word_1_365' title='bbox 498 2611 550 2651; x_wconf 90' lang='lat' dir='ltr'><strong>de</strong></span> <span class='ocrx_word' id='word_1_366' title='bbox 572 2618 723 2659; x_wconf 87' lang='lat' dir='ltr'><strong>morte,</strong></span> <span class='ocrx_word' id='word_1_367' title='bbox 745 2624 828 2650; x_wconf 87' lang='lat' dir='ltr'><strong>non</strong></span> <span class='ocrx_word' id='word_1_368' title='bbox 850 2608 1025 2650; x_wconf 86' lang='lat' dir='ltr'><strong>audeam</strong></span> <span class='ocrx_word' id='word_1_369' title='bbox 1050 2607 1166 2649; x_wconf 90' lang='lat' dir='ltr'><strong>vobis</strong></span> <span class='ocrx_word' id='word_1_370' title='bbox 1188 2607 1323 2648; x_wconf 87' lang='lat' dir='ltr'><strong>dicere</strong></span> <span class='ocrx_word' id='word_1_371' title='bbox 1341 2622 1349 2646; x_wconf 76' lang='grc' dir='ltr'>ε</span> <span class='ocrx_word' id='word_1_372' title='bbox 1379 2606 1493 2662; x_wconf 88' lang='lat' dir='ltr'><strong>quod</strong></span> <span class='ocrx_word' id='word_1_373' title='bbox 1508 2620 1560 2646; x_wconf 92' lang='lat' dir='ltr'><strong>eo</strong></span> <span class='ocrx_word' id='word_1_374' title='bbox 1580 2605 1737 2647; x_wconf 21' lang='lat' dir='ltr'><strong>melius.</strong></span> 
     </span>
    </p>
   </div>
   <div class='ocr_carea' id='block_1_5' title="bbox 295 2731 1737 2902">
    <p class='ocr_par' dir='ltr' id='par_1_12' title="bbox 298 2731 1737 2815">
     <span class='ocr_line' id='line_1_44' title="bbox 341 2731 1737 2775; baseline -0.004 -9"><span class='ocrx_word' id='word_1_375' title='bbox 341 2744 379 2766; x_wconf 78' lang='lat'><strong>54</strong></span> <span class='ocrx_word' id='word_1_376' title='bbox 404 2734 695 2775; x_wconf 65' lang='lat' dir='ltr'><strong>Solonis—elogium]</strong></span> <span class='ocrx_word' id='word_1_377' title='bbox 723 2735 758 2765; x_wconf 87' lang='lat' dir='ltr'><strong>ld</strong></span> <span class='ocrx_word' id='word_1_378' title='bbox 782 2741 881 2765; x_wconf 80' lang='lat' dir='ltr'><strong>exstat</strong></span> <span class='ocrx_word' id='word_1_379' title='bbox 895 2734 994 2764; x_wconf 88' lang='lat' dir='ltr'><strong>Tuse.</strong></span> <span class='ocrx_word' id='word_1_380' title='bbox 1036 2734 1187 2773; x_wconf 82' lang='lat' dir='ltr'><strong>spondeat</strong></span> <span class='ocrx_word' id='word_1_381' title='bbox 1201 2734 1345 2772; x_wconf 81' lang='lat' dir='ltr'><strong>sequenti</strong></span> <span class='ocrx_word' id='word_1_382' title='bbox 1362 2733 1473 2772; x_wconf 82' lang='lat' dir='ltr'><strong>magis,</strong></span> <span class='ocrx_word' id='word_1_383' title='bbox 1484 2732 1650 2772; x_wconf 70' lang='lat' dir='ltr'><strong>pra-sertim</strong></span> <span class='ocrx_word' id='word_1_384' title='bbox 1664 2731 1737 2762; x_wconf 75' lang='lat' dir='ltr'><strong>nni.</strong></span> 
     </span>
     <span class='ocr_line' id='line_1_45' title="bbox 298 2776 1593 2815; baseline -0.002 -6"><span class='ocrx_word' id='word_1_385' title='bbox 298 2779 323 2815; x_wconf 89' lang='lat'><strong>1,</strong></span> <span class='ocrx_word' id='word_1_386' title='bbox 342 2787 394 2812; x_wconf 77' lang='lat'><strong>49.</strong></span> <span class='ocrx_word' id='word_1_387' title='bbox 1038 2777 1124 2807; x_wconf 73' lang='lat' dir='ltr'><strong>Quia</strong></span> <span class='ocrx_word' id='word_1_388' title='bbox 1141 2777 1170 2806; x_wconf 88' lang='lat' dir='ltr'><strong>in</strong></span> <span class='ocrx_word' id='word_1_389' title='bbox 1190 2777 1253 2806; x_wconf 87' lang='lat' dir='ltr'><strong>Ms.</strong></span> <span class='ocrx_word' id='word_1_390' title='bbox 1270 2777 1331 2807; x_wconf 83' lang='lat' dir='ltr'><strong>Erf.</strong></span> <span class='ocrx_word' id='word_1_391' title='bbox 1347 2777 1392 2806; x_wconf 90' lang='lat' dir='ltr'><strong>sic</strong></span> <span class='ocrx_word' id='word_1_392' title='bbox 1407 2783 1465 2812; x_wconf 86' lang='lat' dir='ltr'><strong>est,</strong></span> <span class='ocrx_word' id='word_1_393' title='bbox 1482 2776 1593 2815; x_wconf 83' lang='lat' dir='ltr'><strong>recepi.</strong></span> 
     </span>
    </p>

    <p class='ocr_par' dir='ltr' id='par_1_13' title="bbox 295 2817 1732 2902">
     <span class='ocr_line' id='line_1_46' title="bbox 341 2817 1732 2860; baseline -0.003 -9"><span class='ocrx_word' id='word_1_394' title='bbox 341 2830 378 2852; x_wconf 76' lang='lat'><strong>⁵5</strong></span> <span class='ocrx_word' id='word_1_395' title='bbox 404 2832 496 2850; x_wconf 78' lang='lat' dir='ltr'><strong>sensus</strong></span> <span class='ocrx_word' id='word_1_396' title='bbox 520 2820 655 2850; x_wconf 78' lang='lat' dir='ltr'><strong>moriendi</strong></span> <span class='ocrx_word' id='word_1_397' title='bbox 678 2832 707 2850; x_wconf 80' lang='lat' dir='ltr'><strong>a.</strong></span> <span class='ocrx_word' id='word_1_398' title='bbox 731 2831 787 2850; x_wconf 78' lang='lat' dir='ltr'><strong>esse</strong></span> <span class='ocrx_word' id='word_1_399' title='bbox 805 2819 910 2860; x_wconf 76' lang='lat' dir='ltr'><strong>potest]</strong></span> <span class='ocrx_word' id='word_1_400' title='bbox 933 2819 993 2850; x_wconf 87' lang='lat' dir='ltr'><strong>Su·</strong></span> <span class='ocrx_word' id='word_1_401' title='bbox 1082 2825 1120 2851; x_wconf 77' lang='lat'><strong>56</strong></span> <span class='ocrx_word' id='word_1_402' title='bbox 1138 2826 1189 2848; x_wconf 80' lang='lat' dir='ltr'><strong>aut</strong></span> <span class='ocrx_word' id='word_1_403' title='bbox 1197 2819 1350 2859; x_wconf 77' lang='lat' dir='ltr'><strong>optandus,</strong></span> <span class='ocrx_word' id='word_1_404' title='bbox 1366 2825 1418 2848; x_wconf 79' lang='lat' dir='ltr'><strong>aut</strong></span> <span class='ocrx_word' id='word_1_405' title='bbox 1433 2817 1528 2848; x_wconf 77' lang='lat' dir='ltr'><strong>nullus</strong></span> <span class='ocrx_word' id='word_1_406' title='bbox 1542 2817 1595 2857; x_wconf 79' lang='lat' dir='ltr'><strong>est]</strong></span> <span class='ocrx_word' id='word_1_407' title='bbox 1612 2817 1651 2848; x_wconf 89' lang='lat' dir='ltr'><strong>V.</strong></span> <span class='ocrx_word' id='word_1_408' title='bbox 1664 2817 1732 2848; x_wconf 83' lang='lat' dir='ltr'><strong>init.</strong></span> 
     </span>
     <span class='ocr_line' id='line_1_47' title="bbox 295 2863 1132 2902; baseline -0.002 -9"><span class='ocrx_word' id='word_1_409' title='bbox 295 2865 433 2902; x_wconf 76' lang='lat' dir='ltr'><strong>spicatus</strong></span> <span class='ocrx_word' id='word_1_410' title='bbox 462 2874 536 2894; x_wconf 85' lang='lat' dir='ltr'><strong>sum</strong></span> <span class='ocrx_word' id='word_1_411' title='bbox 567 2864 690 2894; x_wconf 86' lang='lat' dir='ltr'><strong>dudum</strong></span> <span class='ocrx_word' id='word_1_412' title='bbox 717 2863 861 2900; x_wconf 77' lang='lat' dir='ltr'><strong>morienti,</strong></span> <span class='ocrx_word' id='word_1_413' title='bbox 886 2870 921 2893; x_wconf 89' lang='lat' dir='ltr'><strong>ut</strong></span> <span class='ocrx_word' id='word_1_414' title='bbox 948 2872 994 2893; x_wconf 86' lang='lat' dir='ltr'><strong>re—</strong></span> <span class='ocrx_word' id='word_1_415' title='bbox 1036 2872 1063 2892; x_wconf 89' lang='lat' dir='ltr'><strong>c.</strong></span> <span class='ocrx_word' id='word_1_416' title='bbox 1085 2867 1132 2894; x_wconf 62' lang='lat'><strong>19⁴.</strong></span> 
     </span>
    </p>
   </div>
  </div>
 </body>
</html>
