1844 3202
300 81 381 126 922
669 74 728 114 M.
762 75 979 114 TULLII
1017 73 1355 114 CICERONIS

357 186 490 226 Nox.
511 182 732 238 Pressum.)
767 183 875 226 Ouis
896 191 938 225 te
957 192 1029 226 aut
1049 192 1126 235 est,
1142 191 1216 225 aut
1230 184 1310 225 fuit
1330 198 1531 240 umquam
1551 184 1592 227 in
1612 187 1722 243 pari-

299 241 423 287 undis
443 241 580 291 rebus,
599 240 640 281 in
660 227 916 290 definffindis,
937 241 979 281 in
997 241 1264 296 explanandis
1284 241 1466 296 pressior
1484 243 1498 282 ?

358 299 508 339 LACT.
530 296 599 337 lib.
618 301 656 338 6.
678 307 766 352 cap.
784 298 837 349 2.)
873 296 994 337 Malo
1014 297 1077 337 vel
1095 312 1226 338 unum
1248 312 1418 352 parvum
1442 296 1495 337 de
1516 298 1654 340 officio
1673 299 1730 352 lig

300 352 476 409 bellum,
499 368 627 410 quam
655 353 827 409 longam
856 352 1086 394 orationem
1111 367 1187 408 pro
1207 353 1405 395 seditioso
1424 353 1594 395 homine
1616 355 1728 397 Cor-

300 410 427 452 nelio.

358 468 403 507 N
409 481 490 507 ON.
525 464 773 517 convenire.)
819 464 932 505 Nam
970 464 1084 520 quod
1115 464 1279 516 vereris,
1313 481 1364 506 ne
1394 481 1478 507 non
1509 466 1729 510 conveniat

301 523 454 563 nostris
476 522 669 562 aetatibus
688 521 767 562 ista
785 520 936 571 oratio,
958 536 1052 576 quae
1074 530 1236 576 spectat
1257 521 1309 562 ad
1330 522 1599 564 hortandum.

358 580 490 620 NON.
514 578 709 629 Coedere.)
743 577 833 617 Aut
852 577 927 618 tibi
948 577 990 618 id
1011 577 1148 632 ipsum
1171 578 1483 632 pervertendum
1503 579 1597 630 fuit,
1611 579 1729 636 quod

299 641 349 677 tu
377 649 429 675 ne
454 634 629 689 attigisti
656 632 827 689 quidem
846 650 855 675 z
886 642 958 674 aut
978 633 1068 689 ejus
1089 643 1242 689 partes,
1264 635 1382 691 quasi
1401 636 1592 677 membra
1612 651 1729 692 quae-

299 691 413 740 dam,
431 689 654 731 caedcndae.

356 748 488 788 NON.
519 747 659 799 AEra.)
706 746 822 802 Quid
854 753 916 795 tu,
951 745 1151 801 inquam?
1187 745 1311 797 soles,
1340 760 1438 788 cum
1469 747 1672 790 rationem
1703 763 1730 790 a

299 803 587 858 dispensatore
608 802 776 858 accipis,
798 803 831 843 si
860 817 943 843 aera
970 802 1137 857 singula
1163 802 1365 858 probasti,
1386 818 1610 856 summam,
1633 820 1730 862 quae

299 873 352 900 ex
372 860 436 900 his
455 859 648 900 confecta
666 859 733 909 sit,
751 874 833 900 non
854 859 1058 914 probare?

356 917 489 957 NON.
523 916 716 969 Scripta.)
767 916 916 971 Itaque
947 915 1023 955 tibi
1054 914 1257 965 concedo,
1283 915 1401 971 quod
1429 914 1472 957 in
1501 916 1728 959 duodecim

300 972 465 1027 scriptis
485 972 686 1023 solemus,
708 979 755 1012 ut
774 972 983 1013 calculum
1004 970 1194 1021 reducas,
1215 971 1248 1012 si
1269 981 1309 1013 te
1330 971 1508 1028 alicujus
1530 973 1616 1015 dati
1636 988 1729 1030 poe-

299 1037 417 1073 nitet.

357 1086 489 1126 NON.
518 1082 788 1139 Gratfficari.)
831 1086 973 1142 Quare
999 1083 1213 1140 egredere,
1234 1098 1378 1140 quaeso
1392 1100 1404 1135 3
1436 1094 1479 1127 et
1497 1085 1734 1142 gratificare

300 1141 555 1197 reipublicae.

358 1197 484 1248 Idem,
508 1197 693 1251 Tollere.)
729 1200 754 1224 ἥρ
773 1197 878 1238 nihil
896 1206 1039 1240 tamen
1057 1212 1163 1248 esse,
1183 1196 1225 1238 in
1242 1211 1328 1254 quo
1348 1211 1392 1239 se
1410 1197 1573 1240 animus
1593 1198 1729 1241 excel-

299 1254 389 1297 lens
411 1254 546 1295 tollat.

357 1310 484 1361 Idem,
510 1310 690 1365 Capere.)
727 1309 909 1365 Captum
932 1325 1001 1351 me
1022 1311 1212 1364 fortasse,
1231 1311 1379 1369 inquit,
1399 1319 1447 1353 tu
1467 1321 1604 1368 putas,
1627 1322 1669 1354 et
1687 1311 1730 1363 id

301 1367 418 1424 quod
439 1367 610 1417 nollem,
631 1367 818 1407 confiteri
838 1376 1048 1408 coactum.

360 1424 422 1464 Id.
445 1423 700 1476 subducere.)
735 1424 805 1464 An
825 1439 921 1464 curn
944 1423 1080 1466 videat
1099 1440 1183 1476 me,
1201 1434 1243 1467 et
1263 1440 1381 1466 meos
1401 1425 1590 1475 comites,
1612 1424 1734 1467 forti·

302 1480 509 1531 tudinem,
526 1479 862 1535 magnitudinem
884 1480 1026 1531 animi,
1047 1482 1306 1536 patientiam,
1323 1481 1616 1533 constantiam,
1632 1496 1731 1538 gra·

303 1537 488 1587 vitatem,
512 1536 652 1586 fidem,
671 1537 760 1591 ipsa
780 1551 823 1577 se
845 1536 1079 1578 subducat?

361 1594 524 1634 l'Rrse.
547 1592 616 1633 lib.
631 1595 686 1645 6.)
722 1595 746 1619 ,÷·
764 1602 811 1634 ut
839 1594 899 1634 ait
927 1593 1108 1635 Ennius:
1142 1593 1343 1650 Refugiat
1360 1593 1507 1636 timido
1529 1608 1734 1650 sanguen,

302 1658 429 1705 atque
448 1649 632 1690 albescat
651 1657 782 1690 metu.

361 1708 493 1747 NON.
516 1706 755 1758 *Py-(estare.)
801 1706 951 1761 Itaque
972 1720 1048 1747 nec
1068 1706 1110 1747 in
1129 1705 1401 1763 philosophia
1426 1706 1623 1764 cuiquam
1642 1721 1734 1748 ces-

303 1762 372 1814 sit,
391 1771 434 1803 et
454 1762 547 1803 vitae
569 1763 773 1817 gravitate
792 1762 1001 1817 praestitit.

360 1820 479 1869 Item,
504 1819 768 1872 contemtus.)
804 1825 829 1848 λ’
853 1818 1104 1874 magnitudo
1136 1819 1279 1872 animi,
1299 1820 1500 1876 patientia
1525 1819 1734 1873 laborum,

304 1876 452 1917 mortis
474 1875 655 1931 denique
677 1876 924 1916 contemtio.

360 1932 486 1983 Idem,
521 1931 779 1984 Detrahere.)
823 1934 847 1959 '‘a''
869 1940 915 1972 ut
950 1947 998 1973 ea
1032 1932 1110 1973 sibi
1143 1932 1251 1973 ratio
1278 1947 1372 1974 vera
1401 1932 1607 1985 restituat,
1639 1948 1734 1990 quae

301 1988 566 2035 consuetudo
589 1988 735 2029 vitiosa
760 1988 996 2030 detraxerit.
1713 2031 1719 2036 ,

361 2045 487 2096 Idem,
508 2045 755 2099 Despicere.)
801 2045 1105 2086 Consolabitur
1131 2059 1226 2086 cum
1258 2044 1508 2101 magnitudo
1529 2045 1671 2098 animi,
1692 2052 1735 2087 et

302 2100 584 2143 humanarum
605 2101 850 2156 opinionum
872 2102 956 2142 alta
978 2101 1170 2157 quaedam
1192 2101 1422 2156 despectio.

360 2158 488 2208 Idem,
524 2157 787 2210 Deductam.)
833 2158 975 2199 Habet
1003 2158 1114 2198 enim
1142 2158 1233 2214 ipsa
1262 2167 1416 2199 certam
1450 2167 1492 2199 et
1521 2158 1734 2199 definitam

302 2212 426 2265 viam,
448 2214 522 2255 sed
552 2229 601 2255 ex
631 2228 680 2255 ea
708 2214 853 2255 multis
881 2214 1005 2266 vitiis,
1025 2223 1068 2256 et
1093 2215 1301 2256 erroribus
1322 2215 1542 2270 depravata
1560 2214 1735 2256 deduci-

302 2279 384 2314 tur.
1714 2312 1718 2323 ,

363 2327 489 2377 Idem,
515 2326 557 2368 V
557 2327 766 2380 indicare.)
805 2330 830 2354 ¹*
852 2326 1001 2370 deinde
1032 2327 1232 2379 imitator,
1252 2335 1302 2368 ut
1329 2327 1409 2368 sibi
1432 2326 1603 2382 quidem
1625 2326 1737 2368 vide-

304 2390 387 2431 tur,
409 2392 568 2424 naturae
588 2398 681 2424 mos
702 2383 895 2424 vindicat.

360 2439 487 2490 Idem,
509 2439 768 2492 lia-sulfure.)
811 2438 1054 2480 Imbecillus
1079 2446 1220 2480 autem
1249 2447 1313 2481 est
1340 2439 1512 2495 pudoris
1533 2439 1736 2495 magister

302 2495 445 2546 timor,
463 2496 535 2551 qui
558 2497 591 2536 si
612 2496 780 2552 quando
800 2495 1036 2552 paullulum
1057 2496 1320 2547 aberraverit,
1341 2496 1481 2537 statim
1503 2511 1575 2552 spe
1594 2497 1735 2553 impu-

302 2552 444 2593 nitatis
464 2553 657 2593 exsultat.

359 2609 580 2650 SERVIUS
606 2608 675 2649 lib.
691 2621 731 2660 9.
753 2609 874 2663 AEn.)
920 2608 1082 2650 Sufficit
1111 2608 1165 2650 ad
1193 2608 1376 2663 gloriam
1406 2608 1615 2650 benefacti
1635 2623 1735 2659 con-

301 2674 489 2707 selentla.

358 2722 404 2762 N
409 2735 492 2762 οΝ.
516 2720 738 2775 Redmzdo.)
779 2723 892 2762 Tum
923 2721 1148 2778 intelligas,
1170 2737 1298 2778 quam
1330 2721 1436 2765 illud
1464 2736 1548 2764 non
1577 2721 1632 2764 sit
1660 2736 1733 2764 ne·

300 2778 544 2831 cessarium,
566 2777 682 2834 quod
700 2778 922 2821 redundat.
