1844 3202
623 128 700 167 DE
738 124 1117 166 SENECTUTE.
1502 133 1578 167 81⁶

154 235 258 278 mibi
278 249 444 278 cernere
461 235 618 284 videor,
639 247 725 289 quo
745 233 799 274 ab
823 247 872 274 ea
891 233 1063 298 propius
1083 234 1249 276 absum.
1308 234 1403 290 Ego
1422 242 1578 276 vestros

153 304 305 357 patreS,
333 293 376 335 P.
397 292 551 356 Scipio,
571 299 721 354 tuque,
747 288 798 331 C.
822 290 940 340 Laeli,
960 291 1068 331 viros
1102 288 1369 340 clarissimos,
1392 290 1579 346 mihique

153 349 443 398 amicissimos,
477 347 608 388 vivere
635 346 839 388 arbitror:
872 355 914 387 et
935 361 1024 388 eam
1048 346 1216 401 quidem
1239 345 1380 396 vitam,
1402 361 1496 400 quae
1517 356 1581 388 est

153 405 243 449 sola
265 406 345 446 vita
365 401 629 446 nominanda.
687 403 816 454 Nam,
836 402 938 445 dum
959 417 1104 444 sumus
1132 403 1173 444 in
1205 402 1269 443 his
1290 401 1438 442 inclusi
1459 416 1579 442 com-

151 462 343 525 pagibus
353 461 554 515 corporis,
571 474 744 500 munere
763 458 947 524 quodam
969 459 1241 510 necessitatis,
1261 467 1302 498 et
1321 458 1437 514 gravi
1458 472 1582 512 opere

182 517 457 571 erfungimur.
479 528 543 557 est
573 516 684 557 enim
712 515 875 556 animus
906 515 1089 556 coelestis
1109 531 1159 556 ex
1177 514 1382 556 altissimo
1404 513 1581 554 domici-

150 533 210 615 iio
229 573 464 628 depressus,
485 583 528 614 et
549 572 666 629 quasi
688 572 935 613 demersus
926 587 965 612 m
988 582 1156 623 terram,
1178 572 1317 613 locum
1339 570 1485 611 dixinae
1509 583 1581 610 na-

151 638 273 680 turae,
295 630 599 685 aetcrnitatique
620 629 889 670 contrarium.
941 629 1024 670 Sed
1044 628 1183 680 credo,
1201 628 1302 669 deos
1323 626 1583 668 immortales

152 686 349 741 sparsisse
379 686 542 727 animos
578 687 617 727 in
649 700 825 750 corpora
855 685 1053 736 humana,
1085 695 1132 727 ut
1165 693 1318 734 essent,
1349 683 1421 739 qui
1454 692 1583 723 terras

150 750 382 792 tuerentur,
403 742 560 798 quique
589 741 712 783 coele
699 742 824 785 tium
854 741 1043 783 ordinem
1071 741 1422 797 contemplantes,
1444 739 1584 780 imita-

149 808 293 842 rentur
315 813 411 840 eum
437 799 528 840 vitae
550 799 680 840 modo
701 808 827 862 atque
856 798 1103 839 constantia.
1126 813 1202 839 nec
1225 812 1294 839 me
1315 796 1454 837 solum
1477 795 1584 836 ratio

151 869 200 898 ac
231 855 461 911 disputatio
491 855 673 911 impulit,
704 865 749 896 ut
779 855 836 896 ita
866 855 1104 896 crederem:
1137 847 1211 896 sed
1242 853 1436 896 nobilitas
1456 852 1585 894 etiam

153 926 417 953 summorum
440 911 811 967 philosophorum,
833 920 873 952 et
893 912 1135 953 auctoritas.

206 968 447 1010 Audiebam
471 969 769 1024 Pythagoram,
789 969 846 1024 Py
851 968 1176 1024 thagoreosque,
1194 966 1354 1008 incolas
1374 980 1491 1022 paene
1509 980 1584 1006 no-
1596 974 1646 1014 78

152 1034 276 1075 stros,
298 1026 371 1081 qui
391 1035 529 1066 essent
551 1025 686 1066 Italici
709 1024 949 1080 philosophi
978 1025 1194 1082 quondam
1217 1023 1435 1073 nominati,
1459 1037 1582 1063 num·

153 1096 280 1136 quam
314 1081 542 1132 dubitasse,
582 1081 683 1138 quin
718 1096 768 1122 ex
808 1082 996 1122 universa
1026 1091 1168 1123 mente
1208 1080 1345 1121 divina
1378 1079 1584 1120 delibatos

151 1137 314 1179 animos
352 1138 613 1179 haberemus.
656 1137 1052 1179 demonstrabantur
1091 1137 1193 1178 mihi
1233 1147 1448 1192 praeterea,
1489 1151 1584 1191 quae

153 1194 345 1235 Socrates
373 1208 571 1250 supremo
601 1194 693 1234 vitae
729 1194 796 1235 die
827 1194 879 1235 de
904 1194 1222 1235 immortalitate
1241 1193 1479 1235 animorum
1500 1192 1586 1233 dis-

152 1252 362 1301 seruisset,
386 1251 433 1300 is,
455 1251 527 1306 qui
557 1259 666 1292 esset
687 1250 879 1291 omnium
901 1250 1231 1306 sapientissimus
1251 1249 1423 1290 oraculo
1445 1248 1585 1303 Apol-

151 1306 246 1348 linis
270 1282 501 1363 judicatus.
560 1306 676 1364 Ouid
706 1307 866 1348 multa.
857 1321 867 1338 ν
901 1307 960 1348 sic
981 1307 1086 1348 mihi
1116 1306 1316 1362 persuasi,
1346 1306 1404 1347 sic
1436 1304 1586 1356 sentio,

153 1378 251 1405 cum
278 1372 394 1404 tanta
420 1350 610 1405 celeritas
641 1364 880 1404 animorum
903 1364 970 1415 sit,
992 1372 1107 1404 tanta
1130 1363 1333 1404 memoria
1351 1361 1585 1417 praeterito·
1598 1369 1631 1400 b.

152 1435 262 1470 rum,
284 1420 612 1476 futurorumque
640 1421 878 1476 prudentia,
901 1429 966 1461 tot
993 1429 1117 1470 artes,
1139 1429 1268 1460 tantae
1301 1419 1501 1468 scientiae,
1522 1427 1588 1460 tot

152 1477 334 1527 inventa,
355 1491 440 1518 non
462 1492 584 1533 posse
607 1492 699 1518 eam
723 1487 928 1527 naturam,
950 1492 1044 1533 quae
1068 1491 1132 1517 res
1160 1491 1230 1517 eas
1252 1475 1479 1525 contineat,
1499 1489 1588 1538 esse

151 1533 404 1576 mortalem.
436 1547 620 1597 cumque
640 1548 805 1589 semper
823 1534 1008 1589 agitetur
1029 1533 1209 1583 animus,
1232 1546 1307 1573 nec
1337 1531 1588 1586 principium

154 1599 296 1632 motus
317 1590 606 1646 habeat,qu1a
634 1604 677 1631 se
708 1590 796 1646 ipse
821 1600 1011 1640 mov3eat
1046 1604 1095 1630 ne
1118 1590 1240 1630 finem
1261 1588 1435 1645 quidem
1468 1587 1590 1628 habi-

151 1655 296 1688 turum
327 1661 418 1688 esse
448 1657 604 1696 motus,
634 1647 733 1703 quia
764 1662 994 1702 numquam
1025 1660 1069 1686 se
1098 1647 1186 1700 ipse
1207 1646 1259 1686 sit
1281 1645 1513 1685 relicturus.
1532 1653 1590 1695 et,

154 1717 254 1745 cum
284 1703 461 1759 simplex
491 1703 620 1744 animi
646 1712 795 1744 natura
823 1711 946 1753 esset,
968 1716 1104 1758 neque
1135 1702 1307 1743 haberet
1334 1702 1376 1742 in
1403 1716 1445 1741 se
1466 1699 1590 1756 quid-

183 1774 282 1800 uam
301 1759 527 1801 admistum
551 1759 690 1815 dispar
720 1761 798 1810 sui,
821 1770 946 1815 atque
977 1758 1194 1810 dissimile,
1224 1773 1306 1799 non
1337 1771 1461 1813 posse
1491 1771 1590 1797 eum

187 1815 311 1857 vidi.
342 1816 457 1871 quod
486 1816 521 1857 si
552 1831 636 1857 non
666 1816 813 1871 possit,
844 1830 928 1856 non
959 1830 1083 1871 posse
1120 1814 1315 1856 interire:
1346 1828 1589 1878 magnoque

154 1886 245 1914 esse
265 1882 531 1938 argumento,
551 1872 744 1914 homines
765 1872 869 1913 scire
890 1873 1087 1928 pleraque
1108 1881 1218 1921 ante,
1237 1886 1362 1927 quam
1388 1870 1473 1911 nati
1493 1871 1590 1922 sint,

153 1928 304 1985 quod
289 1943 379 1984 Jam
409 1930 541 1984 pueri,
561 1944 659 1971 cum
691 1938 800 1970 artes
826 1928 1015 1969 difficiles
1037 1928 1214 1977 discant,
1235 1928 1293 1969 ita
1313 1927 1504 1968 celeriter
1525 1940 1589 1967 res

153 1985 479 2028 innumerabiles
500 1986 713 2051 arripiant,
734 1995 782 2026 ut
803 2000 872 2026 eas
891 2000 975 2026 non
997 1993 1090 2026 tum
1112 1985 1297 2039 primum
1318 1983 1507 2038 accipere
1528 1983 1589 2023 vi-

154 2041 348 2092 deantur,
378 2042 454 2083 sed
484 2043 709 2093 reminisci,
731 2052 775 2084 et
803 2041 1028 2082 recordari.
1090 2049 1126 2078 ⁵7
1145 2042 1252 2082 Haec
1285 2040 1403 2082 Plato
1434 2048 1589 2080 noster.

152 2098 286 2163 Apud
307 2099 635 2154 Xenophontem
657 2109 798 2139 autem
821 2098 1005 2139 moliens
1029 2096 1096 2161 C)
1099 2113 1169 2139 rus
1191 2097 1341 2153 major,
1359 2096 1451 2137 haec
1473 2095 1588 2136 dicit.
1601 2096 1652 2139 79

151 2154 304 2199 Nolite
331 2156 538 2207 arbitrari,
558 2171 584 2197 o
615 2155 720 2196 mihi
750 2155 954 2196 carissimi
976 2154 1063 2206 filii,
1084 2169 1169 2220 me,
1190 2169 1290 2195 cum
1321 2169 1345 2194 a
1365 2152 1481 2194 vobis
1503 2152 1589 2193 dis·
1601 2154 1669 2201 22

153 2226 334 2262 cessero,
355 2227 578 2276 nusquam,
599 2222 673 2254 aut
692 2211 854 2254 nullum
878 2212 983 2252 fore.
1006 2225 1084 2252 nec
1105 2211 1232 2261 enim,
1254 2209 1356 2251 dum
1379 2224 1493 2250 eram
1514 2224 1588 2250 vo-

156 2268 337 2319 biscum,
359 2268 548 2333 animum
571 2284 711 2309 meum
734 2268 966 2309 videbatis:
998 2267 1072 2309 sed
1094 2282 1191 2309 eum
1214 2281 1304 2308 esse
1327 2267 1369 2308 in
1391 2266 1473 2307 hoc
1494 2280 1588 2307 cor·

157 2338 275 2380 pore,
296 2339 346 2366 ex
366 2325 415 2368 iis
438 2326 576 2375 rebus,
597 2340 700 2390 quas
727 2325 943 2380 gerebam,
964 2323 1280 2388 intelligebatis.
1302 2321 1516 2364 eundem
1506 2323 1588 2378 1gi-

157 2389 228 2422 tur
249 2395 340 2422 esse
359 2382 592 2432 creditote,
598 2382 727 2423 etiam
749 2396 783 2422 si
816 2380 981 2422 nullum
1003 2380 1211 2421 videbitis.
1269 2381 1365 2421 Nec
1384 2393 1482 2421 vero
1503 2379 1590 2420 cla·
1602 2385 1653 2417 80

156 2452 298 2478 rorum
329 2438 510 2480 virorum
542 2447 639 2494 post
668 2446 850 2479 mortem
881 2437 1062 2478 honores
1092 2444 1397 2492 permanerent,
1421 2436 1455 2477 si
1483 2435 1592 2476 nihil

155 2508 305 2535 eorum
345 2493 532 2550 ipsorum
561 2495 690 2537 animi
719 2495 945 2545 efficerent,
976 2508 1061 2550 quo
1095 2494 1254 2535 diutius
1286 2501 1324 2526 58
1339 2492 1589 2534 memoriam

194 2644 236 2674 ⁷57
257 2638 331 2669 ΗΜ
348 2638 433 2669 Plato
447 2639 552 2678 noster]
571 2641 664 2672 Hanc
678 2640 851 2671 lectionem
939 2647 976 2671 58
1001 2640 1164 2670 memoriam
1180 2640 1224 2670 sui
1240 2638 1408 2677 teneremus]
1429 2638 1484 2669 Ed.
1503 2637 1590 2668 12ch-

156 2681 294 2721 vulgatae
316 2682 408 2718 olirn,
435 2683 508 2711 Haec
529 2683 659 2713 Platonis
670 2684 753 2724 fere,
770 2685 851 2713 bene
895 2683 1088 2713 retineremus.
1142 2683 1284 2713 Graevius
1318 2683 1451 2712 correxit
1480 2691 1496 2710 e
1527 2681 1589 2709 Ms.

157 2724 296 2764 praetulit
312 2725 486 2756 Lambinus
502 2732 532 2755 et
552 2726 695 2758 Graevius
710 2737 748 2758 ex
765 2727 851 2756 libris
895 2726 1061 2756 Guilielmi
1080 2733 1238 2761 mercatur,
1256 2727 1329 2763 quia
1346 2727 1376 2754 in
1394 2724 1522 2762 vulgato
1537 2723 1591 2753 de-

156 2767 295 2806 antiquis
317 2769 458 2799 ductam.
484 2768 598 2800 melius
625 2779 661 2800 ea
687 2771 853 2809 respondet
895 2770 980 2799 beret
1002 2779 1067 2799 esse
1090 2780 1183 2799 eorum
1206 2778 1271 2798 non
1293 2768 1345 2797 sui.
1361 2768 1414 2796 sed
1430 2768 1498 2796 haec
1517 2767 1593 2796 ratio

157 2811 384 2848 sequentibus:
416 2811 497 2852 apud
517 2811 643 2853 Xenopb.
665 2819 763 2842 autem
795 2811 853 2852 Cy·
895 2820 942 2841 est
967 2811 1054 2842 levis.
1081 2822 1156 2841 nam
1181 2811 1224 2840 sui
1251 2811 1359 2840 locum
1383 2810 1490 2845 habet,
1518 2810 1593 2847 quia

159 2863 206 2881 rus
222 2854 280 2884 810-
897 2855 959 2884 hoc
974 2855 1104 2885 refertur
1119 2855 1156 2884 ad
1172 2854 1326 2893 superius,
1338 2863 1430 2882 corum
1443 2852 1533 2882 animi
1549 2853 1592 2892 gf-

883 2907 1060 2949 302-
