1844 3202
310 117 388 154 648
839 116 915 153 DE
953 116 1210 156 LEGIBUS

251 230 352 269 16et
390 221 613 278 impiorum
656 223 809 264 habere
851 224 1069 266 rationem.
1129 226 1210 266 His
1245 225 1355 266 enim
1395 225 1519 266 rebus
1559 226 1735 269 imbutae

307 286 485 329 mentes,
519 279 631 320 haud
662 294 758 320 sane
788 280 1073 322 abhorrebunt
1103 282 1156 322 ab
1187 282 1296 331 utili,
1321 290 1360 313 ²³0
1375 296 1423 323 ac
1443 296 1538 322 vera
1567 292 1737 324 senten—

307 334 382 375 tia.
440 335 556 392 Quid
591 346 654 377 est
685 336 793 376 enim
825 337 972 386 verius,
1004 352 1129 393 quam
1165 338 1377 379 neminem
1415 352 1505 379 esse
1543 349 1735 394 oportere

306 399 394 432 tam
421 392 547 433 stulte
576 401 859 447 arrogantem,
886 402 933 433 ut
959 393 1000 433 in
1032 408 1074 434 se
1107 394 1308 434 rationem
1336 403 1377 435 et
1408 404 1592 436 mentem
1618 405 1738 450 putet

306 446 457 498 inesse,
488 448 529 489 in
562 448 671 488 coelo
702 448 944 504 mundoque
981 464 1065 490 non
1096 451 1247 504 putet?
1280 460 1354 491 aut
1386 459 1431 492 ut
1457 466 1518 502 ea,
1547 466 1640 507 quae
1670 452 1736 494 vix

307 518 473 544 summa
503 504 661 559 ingenii
691 504 849 545 ratione
874 505 1218 560 comprehendat,
1249 505 1363 547 nulla
1392 507 1551 549 ratione
1580 509 1736 549 moveri

306 561 455 615 putet?
489 575 613 616 quem
635 575 732 601 vero
751 571 957 602 astrorum
980 561 1161 612 ordines,
1180 576 1306 617 quem
1334 561 1494 604 dierum
1524 565 1735 605 noctium-

307 631 390 672 que
410 616 725 667 vicissitudines,
757 632 883 672 quem
914 617 1119 659 mensium
1152 619 1415 674 temperatio,
1437 633 1646 675 quemque
1673 635 1736 671 ea,

306 687 400 727 quae
421 673 654 728 gignuntur
674 673 794 715 nobis
816 674 869 715 ad
891 673 1131 725 fruendum,
1153 690 1235 716 non
1254 683 1422 730 gratum
1443 690 1532 716 esse
1554 685 1735 732 cogant;

305 728 417 769 hunc
439 729 651 770 hominem
673 730 844 771 omnino
866 745 1083 772 numerare
1104 734 1173 786 qui
1196 731 1344 772 decet?
1378 746 1558 787 cumque
1578 733 1733 785 omnia,

305 799 400 840 quae
427 786 630 826 rationem
659 785 829 838 habent,
848 797 1046 843 praestent
1073 787 1136 838 iis,
1159 803 1253 843 quae
1282 789 1365 829 sint
1391 788 1561 830 rationis
1589 803 1733 844 exper-

303 842 376 893 tia,
399 842 598 898 nefasque
618 842 670 883 sit
691 842 844 893 dicere,
863 843 992 885 ullam
1024 859 1110 884 rem
1143 852 1339 899 praestare
1367 853 1524 886 uaturae
1543 847 1733 887 omnium

303 911 471 939 rerum:
503 899 707 939 rationem
736 898 869 941 inesse
890 900 930 941 in
950 914 1012 950 ea,
1033 901 1317 942 confitendum
1339 909 1415 942 est.
1476 900 1613 943 Utiles
1643 916 1733 943 esse

302 963 446 995 autem
469 954 687 1009 opiniones
708 954 798 1006 has,
820 955 913 1011 quis
933 964 1072 1011 neget,
1093 971 1190 998 cum
1210 957 1432 1013 intelligat,
1453 972 1580 1013 quam
1600 959 1736 1000 multa

304 1010 520 1051 firmentur
539 1010 831 1066 jurejurando,
852 1020 1019 1067 quantae
1040 1012 1185 1054 salutis
1215 1014 1298 1054 sint
1324 1013 1530 1054 foederum
1561 1014 1733 1070 religio-

303 1068 403 1106 nes?
438 1081 564 1122 quam
594 1067 754 1108 multos
785 1067 911 1108 divini
938 1067 1131 1123 supplicii
1159 1078 1298 1110 metus
1328 1083 1353 1109 a
1379 1069 1535 1110 scelere
1564 1085 1732 1112 revoca-

301 1123 383 1163 rit?
417 1138 627 1179 quamque
648 1132 792 1164 sancta
811 1125 863 1165 sit
882 1124 1059 1165 societas
1076 1125 1229 1166 civium
1249 1126 1357 1167 inter
1384 1126 1514 1181 ipsos,
1543 1125 1620 1167 diis
1651 1126 1731 1168 im-

245 1193 290 1234 17
304 1179 552 1220 mortalibus
582 1179 836 1235 interpositis
862 1189 950 1221 turn
976 1181 1208 1236 judicibus,
1228 1191 1317 1223 tum
1345 1182 1553 1223 testibus?
1587 1183 1732 1224 Habes

301 1235 407 1290 legis
438 1237 718 1290 prooemium:
749 1237 807 1278 sic
835 1237 947 1278 enim
977 1237 1059 1279 hoc
1085 1238 1269 1293 appellat
1301 1239 1432 1280 Plato.
1491 1239 1546 1295 Q.
1579 1240 1731 1281 Habeo

301 1306 413 1342 vero,
433 1293 586 1333 frater:
615 1293 717 1333 etin
749 1292 831 1335 hoc
861 1293 1094 1335 admodum
1125 1295 1324 1346 delector,
1345 1294 1459 1351 quod
1489 1295 1530 1335 in
1557 1295 1647 1336 aliis
1667 1311 1733 1337 re-

299 1348 394 1398 bus,
427 1348 601 1404 aliisque
636 1350 851 1391 sententiis
880 1350 1066 1402 versaris,
1098 1360 1223 1407 atque
1255 1351 1338 1393 ille.
1369 1351 1470 1392 nihil
1501 1351 1612 1393 enim
1641 1362 1729 1394 tam

297 1404 499 1446 dissimile
527 1415 606 1456 est,
638 1421 764 1462 quam
788 1407 849 1447 vel
880 1422 943 1457 ea,
964 1422 1056 1462 quae
1088 1418 1184 1448 ante
1213 1407 1369 1459 dixisti,
1387 1408 1450 1449 vel
1480 1407 1560 1448 hoe
1591 1408 1730 1464 ipsum

298 1460 402 1516 legis
428 1462 660 1504 exordium.
721 1465 866 1505 Unum
898 1463 1001 1505 illud
1029 1464 1130 1504 mihi
1152 1464 1299 1505 videris
1330 1464 1500 1515 imitari,
1529 1465 1729 1507 orationis

299 1531 449 1572 genus.
508 1520 574 1559 M.
598 1519 762 1560 Vellem
797 1520 987 1560 fortasse.
1017 1520 1110 1576 quis
1138 1521 1248 1562 enim
1275 1520 1317 1562 id
1348 1530 1503 1577 potest,
1532 1530 1606 1562 aut
1631 1536 1729 1562 um-

170 1593 286 1626 p.173.
302 1589 426 1629 quam
461 1575 614 1629 poterit
642 1576 827 1617 imitari?
862 1591 956 1617 nam
989 1578 1212 1618 sententias
1243 1577 1503 1632 interpretari
1533 1578 1730 1634 perfacile

259 1640 377 1671 aest.
436 1631 565 1687 Quod
610 1633 776 1687 quidem
817 1648 900 1688 ego
941 1633 1137 1683 facerem,
1177 1634 1253 1674 nisi
1291 1635 1412 1689 plane
1453 1648 1542 1674 esse
1580 1635 1728 1675 vellem

299 1701 432 1728 meus.
451 1688 550 1743 quid
572 1691 681 1729 enim
705 1690 865 1745 negotii
883 1700 960 1740 est,
976 1689 1139 1741 eadem,
1160 1704 1290 1745 prope
1307 1690 1441 1731 verbis
1458 1690 1605 1731 iisdem
1624 1706 1726 1732 con-

298 1758 428 1794 versa,
459 1744 632 1785 dicere?
666 1748 721 1802 Q.
756 1748 925 1787 Prorsus
957 1747 1173 1788 assentior.
1197 1747 1370 1797 Verum,
1400 1757 1448 1789 ut
1477 1747 1606 1788 modo
1637 1757 1727 1788 tute

297 1800 450 1850 dixisti,
482 1810 522 1841 te
555 1816 644 1842 esse
677 1802 790 1842 malo
826 1811 960 1843 tuum.
1021 1803 1102 1842 Sed
1130 1803 1221 1859 jam
1257 1817 1470 1858 exprome,
1506 1804 1540 1844 si
1573 1803 1726 1858 placet,

239 1871 283 1903 18
297 1856 395 1897 istas
416 1857 529 1912 leges
552 1857 601 1898 de
621 1858 836 1914 religione.
886 1860 953 1899 M.
974 1860 1229 1914 Expromam
1253 1860 1465 1915 equidem,
1485 1870 1531 1901 ut
1552 1869 1699 1916 potero
1717 1878 1726 1902 :

296 1922 353 1963 et,
385 1914 584 1969 quoniam
607 1924 650 1955 et
680 1914 814 1966 locus,
836 1925 878 1956 et
904 1930 1058 1965 sermo,
1080 1916 1293 1957 familiaris
1324 1927 1403 1967 est,
1433 1916 1577 1972 legum
1610 1917 1726 1972 leges

295 1984 397 2010 voce
420 1984 667 2026 proponam.
726 1973 782 2028 Q.
802 1972 1017 2028 Quiduam
1040 1972 1082 2012 id
1102 1981 1165 2012 est
1185 1974 1197 2012 ?
1232 1974 1296 2013 M.
1320 1974 1427 2014 Sunt
1447 1983 1559 2014 certa
1578 1972 1725 2028 legum

294 2026 431 2076 verba,
452 2027 626 2082 Quinte,
647 2042 781 2083 neque
803 2028 861 2068 ita
880 2028 1030 2084 prisca,
1052 2037 1092 2061 ⁴0
1109 2038 1156 2069 ut
1184 2028 1224 2070 in
1246 2029 1451 2073 veteribus
1478 2044 1554 2070 ΧΠ
1587 2044 1725 2070 sacra-

295 2082 431 2138 tisque
469 2083 662 2138 legibus3
699 2094 741 2125 et
775 2093 930 2136 tamen,
970 2099 1056 2140 quo
1096 2085 1190 2140 plus
1226 2085 1487 2127 auctoritatis
1527 2085 1724 2137 habeant,

293 2138 423 2193 paulo
443 2139 693 2195 antiquiora,
714 2155 839 2196 quam
871 2140 939 2182 hic
971 2156 1110 2182 sermo
1137 2150 1214 2183 est.
1274 2144 1383 2183 Eum
1410 2157 1571 2184 morem
1594 2142 1725 2198 igitur

294 2209 391 2235 cum
426 2195 642 2247 brevitate,
674 2198 708 2237 si
740 2206 904 2251 potero,
938 2212 1182 2254 consequar.
1243 2200 1379 2253 Leges
1414 2208 1557 2240 autem
1595 2213 1621 2239 a
1654 2213 1722 2240 me

294 2250 471 2293 edentur
498 2267 581 2294 non
607 2254 803 2308 perfectae
825 2270 834 2295 z
866 2268 963 2295 nam
983 2265 1094 2295 esset
1113 2254 1321 2297 infinitum
1341 2272 1349 2295 :
1382 2255 1455 2296 sed
1484 2256 1585 2311 ipsae
1606 2270 1722 2296 sum-

238 2321 375 2361 19mae
398 2322 552 2359 rerum,
573 2319 700 2366 atque
722 2311 949 2352 sententiae.
1008 2311 1065 2353 Q.
1099 2312 1163 2352 Ita
1182 2325 1278 2352 vero
1306 2325 1471 2353 necesse
1497 2320 1573 2352 est.
1595 2325 1722 2367 quare

294 2372 331 2396 41
352 2363 595 2406 audiamus:

250 2430 283 2478 8
352 2421 419 2461 Μ.
440 2422 512 2462 Ad
535 2421 646 2464 divos
671 2422 841 2464 adeunto
860 2431 980 2464 caste.
1005 2424 1201 2479 pietatem
1222 2423 1433 2465 adhibento
1452 2441 1464 2464 .·
1498 2435 1588 2479 opes
1608 2438 1720 2465 amo-

296 2483 425 2518 vento.
487 2478 569 2534 Qui
587 2494 696 2520 secus
699 2479 840 2535 faxit,
859 2480 954 2521 deus
976 2480 1059 2535 ipse
1079 2481 1226 2522 'vindex
1246 2481 1336 2522 erit.
1397 2480 1630 2535 Separatim
1649 2495 1719 2522 ne-

292 2549 355 2574 mo
376 2533 549 2576 habessit
571 2535 661 2577 deos
677 2553 693 2587 ,·
723 2545 762 2568 42
777 2552 872 2577 neve
891 2552 1024 2589 novos,
1043 2537 1126 2578 sive
1146 2537 1334 2588 advena»,
1361 2536 1440 2578 nisi
1461 2537 1620 2592 publice
1643 2537 1718 2578 ad-

334 2675 374 2703 39
396 2681 431 2700 ac
458 2680 532 2699 ‘vera
560 2669 712 2709 sortientia]
747 2671 798 2701 Sic
828 2681 884 2710 pro
911 2671 982 2702 vul·
1025 2672 1104 2702 edidi
1122 2682 1176 2711 pro
1191 2672 1320 2712 vulgato
1336 2672 1366 2702 in
1381 2673 1525 2702 veteribus
1541 2684 1577 2702 ex
1591 2673 1627 2702 iis
1641 2684 1664 2703 s.
1681 2673 1703 2702 l.

289 2719 362 2751 gato
385 2720 412 2742 et
434 2724 452 2742 a
468 2723 542 2742 vem
563 2724 586 2743 s.
611 2713 688 2744 Mss.
712 2716 796 2754 apud
822 2715 929 2745 Davis.
953 2722 983 2745 et
1070 2722 1107 2745 41
1133 2715 1283 2745 audiamus
1295 2715 1386 2745 verba
1398 2715 1483 2756 Iegis]
1502 2715 1609 2745 Delevi
1627 2715 1718 2745 verba

289 2755 397 2785 Guelf.
1026 2757 1109 2795 legis,
1126 2759 1200 2797 quia
1217 2759 1331 2789 absunt
1354 2768 1372 2788 a
1395 2759 1472 2788 Mss.
1496 2759 1675 2790 Davisianis
1688 2765 1721 2789 et

331 2805 372 2828 40
401 2805 434 2827 u!
462 2798 492 2828 in
517 2798 663 2829 veteribus
693 2808 763 2829 xlx.
790 2811 863 2830 sacr.
889 2798 978 2840 legg]
1026 2800 1133 2834 Guelf.

288 2839 341 2870 Sic
361 2841 399 2871 de
418 2841 538 2879 judicio
558 2842 814 2875 doctissimorum
828 2843 982 2875 Jctomm
1068 2851 1108 2874 42
1132 2854 1205 2874 neve
1226 2855 1311 2874 novos
1333 2844 1398 2874 sive
1418 2842 1560 2883 advenas]
1585 2844 1637 2875 Sic
1659 2844 1719 2875 fuit
