1844 3202
426 110 813 151 FRAGMENTA
849 108 1210 148 POEMATUM.

115 220 216 271 Quod
215 221 328 270 ferme
345 220 454 259 dirum
473 223 508 258 in
526 231 650 271 tempus
665 220 804 257 cecinere
824 219 976 262 Latinae,

114 275 200 312 Cum
218 275 346 312 claram
364 275 495 325 speciem
508 283 649 311 concreto
664 273 786 310 lumine
802 272 884 309 luna

109 326 268 370 Abdidit,
286 338 318 365 et
335 328 441 364 subito
459 327 608 364 stellanti
624 336 713 363 nocte
726 335 875 377 peremta
893 333 952 362 est.

169 380 263 430 Quid
277 394 356 418 vero
375 379 579 429 Pboebifax
596 380 699 416 tristis
716 380 835 416 nuntia
855 377 944 422 belli,

115 434 204 482 Quae
221 447 378 484 magnum
395 432 445 470 ad
460 433 587 470 culmen
593 433 776 479 flammato
793 431 912 469 ardore
928 428 1084 474 volabat,

111 486 306 536 Praecipites
322 487 397 523 coeli
409 495 537 536 partes,
558 485 726 536 obitusque
739 486 870 536 petisset
883 500 895 521 .-

109 540 184 575 Aut
201 553 274 576 cum
293 539 435 576 terribili
447 539 615 589 perculsus
621 539 772 586 fulmine
790 539 873 575 ci-vis

112 591 204 628 Luce
220 593 385 629 serenanti
399 593 488 629 vitai
506 593 635 629 Iumina
653 592 751 642 liquit
766 607 779 627 .-

109 647 185 681 Aut
201 657 275 682 cum
293 658 326 681 se
335 645 486 696 gravido
505 644 678 692 tremefecit
696 654 824 695 corpore
841 643 951 681 tellus.

109 697 191 734 Jam
209 710 288 735 vero
305 699 418 735 variae
432 707 584 735 nocturno
601 707 738 749 tempore
754 698 843 734 visae

111 749 286 788 Terribiles
289 751 420 796 fhrmae
438 751 571 796 bellum,
589 761 754 801 motusque
772 748 945 787 monebant
963 763 975 785 .·

111 803 296 855 Multaque
309 816 370 855 per
388 813 494 841 terras
511 814 608 842 vates
625 805 736 841 oracla
742 803 880 852 furenti

109 856 246 895 Pectore
247 857 448 905 fundebant
466 858 572 895 tristes
592 857 782 894 minitantia
802 869 909 893 casus.

109 914 223 961 Atque
238 924 288 953 ea,
306 925 384 962 quae
402 911 497 961 lapsu
515 910 647 948 tandem
666 909 804 948 cecidere
820 917 963 953 vetusto,

112 963 288 1013 Haecfhre
298 964 462 1015 perpetuis
479 964 596 1014 signis,
617 963 780 1015 clarisque
781 961 1007 1013 frequentans

108 1016 183 1066 Ipse
199 1018 311 1054 Deum
324 1018 455 1067 genitor
473 1017 565 1062 coelo,
584 1018 740 1068 terrisque
759 1016 910 1054 canebat.

112 1069 214 1106 Nunc
230 1083 282 1114 ea,
305 1071 471 1121 Torquato
488 1085 567 1121 quae
585 1070 764 1120 quondam,
777 1079 808 1106 et
826 1069 953 1106 consule
974 1067 1073 1105 Cotta

109 1122 238 1172 Lydius
254 1122 403 1160 ediderat
422 1124 600 1173 Tyrrhenae
611 1124 721 1174 gentis
739 1123 918 1173 haruspex,

113 1175 237 1213 Omnia
242 1176 325 1222 fixa
344 1186 422 1213 tuus
435 1177 623 1226 glomerans
640 1176 838 1214 determinat
854 1189 975 1213 annus.

111 1229 204 1266 Nam
216 1238 316 1280 pater
335 1230 517 1267 altitonans
533 1230 680 1266 stellanti
699 1231 797 1266 nixus
818 1230 968 1280 Olympo,

109 1282 181 1332 Ipse
197 1296 268 1319 suos
286 1283 450 1333 quondam
470 1283 612 1320 tumulos
630 1296 671 1319 ac
690 1284 811 1334 templa
823 1284 964 1333 petivit,

109 1335 156 1371 Et
179 1334 373 1385 Capitolinis
391 1337 500 1384 injecit
517 1335 647 1373 sedibus
665 1337 757 1386 ignes
771 1354 782 1383 3

111 1388 197 1424 Tum
215 1389 329 1439 species
346 1404 389 1426 ex
406 1403 473 1427 aere
489 1399 586 1426 vetus
598 1402 821 1441 generosaque
842 1389 966 1426 Nattae

113 1440 274 1485 Concidit,
291 1443 474 1493 elapsaeque
491 1452 622 1480 vetusto
641 1443 771 1480 numine
789 1443 876 1492 leges
893 1458 905 1479 .-

110 1495 159 1531 Et
176 1495 294 1532 divum
311 1496 491 1533 simulacra
502 1497 641 1546 peremit
646 1496 809 1544 fulminis
828 1494 939 1532 ardor.

110 1548 180 1585 Hic
197 1549 360 1586 silvestris
377 1559 449 1586 erat
467 1549 609 1587 Romani
628 1549 764 1586 nominis
783 1548 890 1585 altrix

109 1601 261 1644 Martia,
279 1615 356 1652 quae
368 1614 498 1653 parvos
518 1602 694 1639 Mavortis
713 1602 830 1638 semine
849 1611 943 1639 natos

112 1653 275 1692 Uberibus
286 1655 447 1705 gravidis
464 1656 570 1692 vitali
588 1669 658 1692 rore
675 1654 815 1704 rigabat
828 1670 839 1690 .-

114 1708 203 1757 Quae
221 1717 291 1744 tum
311 1722 385 1745 cum
397 1709 508 1759 pueris
514 1709 699 1756 flammato
706 1708 869 1756 fulminis
886 1708 954 1745 ictu

114 1760 275 1802 Concidit,
293 1770 394 1812 atque
411 1762 537 1798 avulsa
552 1761 670 1812 pedum
689 1762 833 1811 vestigia
853 1761 962 1811 liquit.

113 1814 198 1851 Tum
216 1815 290 1865 quis
307 1828 370 1851 non
389 1815 473 1852 artis
490 1815 614 1864 scripta
631 1828 672 1851 ac
689 1824 896 1851 monumenta
914 1813 1083 1856 volutans,

114 1868 203 1905 Vocis
222 1867 394 1914 tristificas
411 1868 535 1905 chartis
548 1867 720 1918 promebat
740 1868 891 1904 Etruscis
904 1871 925 1904 :⁹

115 1921 234 1958 Omnes
252 1921 350 1958 civili
357 1934 549 1970 generosam
566 1922 666 1971 stirpe
678 1921 860 1971 projectam
905 1934 908 1937 ’

114 1973 233 2012 Vitare
250 1975 413 2025 ingentem
430 1974 569 2018 cladem,
581 1984 768 2024 pestemque
785 1973 958 2011 monebant
972 1990 984 2010 :

114 2027 174 2064 Vel
188 2027 297 2077 legum
314 2028 450 2064 exitium
468 2028 631 2065 constanti
648 2028 908 2076 aetocefhrebant,

112 2081 249 2131 Templa
267 2081 426 2132 deumque
444 2081 523 2118 adeo
528 2081 683 2127 flammis
701 2079 1038 2132 urbesquejubebant

109 2134 256 2185 Eripere,
270 2144 301 2171 et
319 2144 465 2185 stragem
484 2134 684 2177 horribilem,
699 2133 884 2186 caedemque
901 2134 1010 2171 vereri
1024 2149 1036 2169 ,-

109 2188 223 2239 Atque
240 2187 313 2225 baec
317 2187 400 2234 fixa
413 2188 524 2238 gravi
527 2187 852 2237 fato‚„acsuna'ata
867 2188 982 2233 teneri,

112 2241 162 2277 Ni
173 2250 248 2292 post
265 2242 409 2278 excisum
426 2240 476 2278 ad
489 2241 632 2278 columen
635 2242 794 2290 formata
811 2241 922 2279 decore

112 2294 244 2332 Sancta
265 2294 362 2331 Jovis
380 2296 496 2345 species
515 2296 620 2332 claros
636 2304 797 2345 spectaret
814 2296 851 2332 in
868 2303 959 2332 ortus
971 2309 984 2330 .-

115 2348 201 2385 Tum
207 2347 301 2396 jore,
320 2355 358 2384 ut
374 2348 513 2385 occultos
525 2348 665 2399 populus
681 2357 879 2400 sanctusque
893 2355 1025 2385 senatus

115 2400 253 2438 Cernere
271 2408 404 2437 conatus
414 2411 532 2452 posset,
551 2402 580 2438 si
596 2401 672 2438 solis
692 2401 743 2438 ad
756 2410 863 2438 ortum

113 2454 297 2497 Conversa,
314 2453 396 2500 inde,
401 2464 541 2505 patrum
558 2454 657 2497 sedes,
671 2455 846 2505 populique
861 2453 1003 2491 videret.

111 2508 200 2545 Haec
216 2505 357 2544 tardata
375 2507 433 2543 diu
450 2508 576 2558 species,
594 2508 797 2558 multumque
815 2513 957 2552 morata,

115 2560 256 2597 Consule
273 2569 304 2597 te
324 2560 457 2596 tandem
474 2562 559 2598 celsa
575 2570 623 2598 est
639 2562 675 2598 in
692 2562 766 2598 sede
782 2562 891 2598 locata
907 2576 920 2596 .·

112 2615 226 2664 Atque
243 2627 312 2650 una
317 2612 391 2660 fixi
407 2626 448 2649 ac
464 2615 593 2663 signati
611 2615 760 2665 temporis
778 2614 859 2650 hora

112 2667 246 2717 Jupiter
262 2680 304 2703 ex
319 2667 404 2703 celsa
422 2666 578 2704 clarabat
595 2677 722 2717 sceptra
739 2668 890 2704 columna
902 2681 916 2703 .-

112 2722 166 2756 Ac
183 2719 292 2757 clades
302 2720 432 2770 patriae
437 2719 588 2765 flamma
593 2721 752 2770 ferroque
766 2730 893 2770 parata

118 2771 252 2810 Vocibus
271 2772 487 2822 Allobrogum
500 2772 656 2824 patribus
668 2774 848 2824 populoque
857 2771 1014 2824 patebat.

116 2826 192 2863 Rite
208 2826 314 2875 igitur
331 2835 468 2869 veteres,
487 2840 624 2877 quorum
639 2837 846 2864 monumenta
863 2826 989 2868 tenetis,

171 2891 286 2921 VOL.
306 2891 375 2920 1v.
398 2893 437 2920 P.
459 2891 517 2920 11.
849 2891 876 2933 3
897 2891 930 2920 0

1448 105 1524 152 957
