1844 3202
297 127 376 174 690
824 130 900 169 DE
937 132 1199 171 ormcns

297 233 528 285 divisimus,
550 236 708 292 primns
730 238 814 289 ille,
833 239 905 294 qui
936 240 974 280 in
1007 241 1089 281 veri
1109 241 1350 296 cognitione
1370 240 1575 291 consistit,
1592 238 1726 281 maxi·

296 304 366 331 me
385 299 424 323 34
440 302 631 333 naturam
653 294 824 349 attingit
845 296 1087 337 humanam.
1148 297 1305 337 Omnes
1326 297 1435 337 enim
1458 296 1663 338 trahimur
1683 303 1725 336 et

295 345 490 390 ducimur
508 348 561 389 ad
589 351 845 404 cognitionis
874 360 916 392 et
945 353 1127 393 scientiae
1154 353 1454 408 cupiditatem:
1489 353 1528 393 in
1551 367 1634 408 qua
1652 366 1724 392 ex-

291 403 442 445 cellere
471 405 663 459 pulcrum
694 415 919 460 putamus:
951 408 1035 448 labi
1066 418 1222 459 autem,
1243 423 1393 460 errare,
1416 410 1588 459 nescire,
1609 407 1725 448 deci-

292 460 349 514 pi,
371 469 413 501 et
432 461 608 511 malum,
628 471 670 502 et
690 472 810 517 turpe
833 463 1041 504 ducimus,
1104 465 1151 504 In
1180 464 1261 505 hoc
1292 479 1446 520 genere
1467 476 1509 507 et
1531 463 1724 514 naturali,

289 525 333 556 et
353 516 548 567 honesto,
569 518 655 558 duo
685 519 781 559 vitia
811 519 977 560 vitanda
1006 530 1129 560 sunt:
1171 536 1317 571 unum,
1338 536 1388 562 ne
1413 522 1628 576 incognita
1646 534 1724 576 pro

287 573 472 627 cognitis
494 573 736 625 habeamus,
758 575 906 630 hisque
936 585 1093 616 temere
1122 577 1410 617 assentiamus.
1441 578 1555 633 quod
1577 577 1719 617 vitium

288 628 473 683 effugere
504 630 575 685 qui
607 631 731 681 volet,
757 635 918 685 (omnes
941 641 1082 673 autem
1112 633 1216 673 velle
1239 633 1410 686 debent)
1433 633 1651 674 adhibebit
1670 631 1724 672 ad

230 692 278 733 19
290 685 612 727 considerandas
639 702 718 737 reS,
750 696 791 728 et
820 698 1002 752 tempus,
1031 698 1073 729 et
1100 689 1377 745 diligentiam.
1437 690 1636 731 Alterum
1661 695 1724 729 est

288 741 450 792 vitium,
482 743 598 798 quod
631 744 802 799 quidam
835 745 957 786 nlmis
989 759 1193 799 magnum
1225 746 1427 796 studium,
1458 745 1723 800 multamque

287 812 458 853 operam
481 799 523 840 in
544 814 608 840 res
630 801 829 842 obscuras
852 810 976 856 atque
997 802 1185 843 difficiles
1211 804 1448 852 conferunt,
1468 801 1722 856 easdemque

287 868 371 895 non
392 856 641 896 necessarias
661 873 670 897 z
693 858 846 912 quibus
865 858 972 899 vitiis
992 858 1223 908 declinatis,
1245 866 1283 890 3⁵
1296 858 1409 914 quod
1433 859 1474 899 in
1495 859 1620 899 rebus
1643 857 1722 898 ho-

286 911 429 961 nestis,
449 920 491 952 et
512 912 756 966 cognitione
775 913 928 968 dignis,
949 929 1101 968 operae,
1123 930 1318 969 curaeque
1339 924 1533 969 ponetur,
1558 914 1601 955 id
1623 915 1722 969 jure

283 966 525 1008 laudabitur
545 983 559 1022 ²⁷
584 974 623 999 ³6
639 977 686 1009 ut
715 969 757 1009 in
787 970 1019 1025 astrologia
1040 971 1091 1010 C.
1114 971 1348 1025 Sulpicium
1380 971 1613 1012 audivimus
1633 987 1642 1011 z
1676 970 1719 1010 in

283 1024 518 1077 geometria
540 1024 635 1063 Sex.
659 1025 905 1079 Pompeium
932 1026 1011 1081 ipsi
1031 1028 1335 1081 cognovimus:
1368 1027 1527 1068 multos
1557 1027 1599 1067 in
1629 1026 1719 1067 dia-

281 1078 455 1130 lecticis,
476 1080 614 1135 plures
636 1081 676 1121 in
699 1081 796 1137 jure
818 1081 940 1122 civili.
973 1098 1066 1137 quae
1089 1097 1233 1123 omnes
1254 1092 1362 1123 artes
1384 1084 1425 1123 in
1447 1083 1529 1123 veri
1548 1082 1716 1123 investi-

220 1136 454 1190 ·--gatione
490 1146 732 1178 versantur:
779 1137 902 1193 cujus
933 1139 1073 1180 studio
1105 1154 1129 1179 a
1159 1139 1282 1179 rebus
1316 1139 1516 1194 gerundis
1551 1139 1718 1189 abduci,

240 1192 428 1233 a‘contra
450 1193 634 1234 officium
656 1203 732 1234 est.
764 1195 926 1235 virtutis
948 1195 1058 1235 enim
1083 1196 1172 1236 lans
1193 1210 1330 1236 omnis
1360 1196 1402 1235 in
1430 1196 1595 1236 actione
1616 1210 1718 1236 con·

280 1249 390 1290 sistit
410 1267 419 1290 t
451 1264 476 1289 a
495 1264 579 1304 qua
598 1259 738 1291 tamen
762 1266 872 1306 saepe
901 1251 945 1292 fit
973 1252 1241 1302 intermissio,
1262 1251 1468 1307 multique
1492 1252 1644 1292 dantur
1663 1251 1717 1292 ad

280 1305 418 1346 studia
449 1306 636 1347 reditus:
668 1316 758 1347 tum
790 1308 969 1363 agitatio
1000 1309 1167 1358 mentis,
1188 1324 1281 1363 quae
1311 1323 1543 1363 numquam
1571 1308 1717 1363 acqui-

279 1362 396 1412 escit,
418 1371 558 1417 potest
577 1378 668 1414 nos,
690 1371 726 1399 37
749 1364 788 1404 in
822 1364 970 1405 studiis
999 1364 1286 1420 cogitationiS,
1312 1364 1439 1405 etiam
1470 1365 1558 1405 sine
1590 1378 1719 1419 opera

279 1428 434 1468 nostra,
455 1419 684 1460 continere.
746 1420 896 1461 Omnis
919 1430 1060 1461 autem
1086 1421 1307 1476 cogitatio,
1328 1430 1554 1477 motusque
1573 1420 1717 1471 animi,

278 1483 352 1515 aut
372 1475 413 1516 in
435 1475 620 1516 consiliis
643 1477 861 1532 capiundis
893 1477 945 1518 de
974 1478 1099 1518 rebus
1123 1477 1325 1528 honestis,
1346 1488 1387 1518 et
1408 1477 1715 1532 pertinentibus

277 1531 331 1572 ad
351 1531 457 1572 bene
478 1532 683 1587 beateque
706 1534 940 1583 vivendum,
961 1543 1034 1575 aut
1058 1535 1100 1574 in
1127 1534 1273 1575 studiis
1296 1534 1480 1575 scientiae
1502 1534 1714 1589 cognitio-

277 1588 425 1642 nisque
446 1598 648 1629 versatur.
708 1591 774 1630 Ac
793 1590 845 1630 de
866 1590 1004 1645 primo
1024 1590 1192 1646 quidem
1216 1590 1339 1631 officii
1362 1591 1477 1632 fonte
1499 1590 1696 1631 diximus.

229 1636 260 1689 7
287 1647 289 1649 ’
332 1645 402 1685 De
432 1645 566 1685 tribus
594 1655 733 1686 autern
766 1646 937 1702 reliquls
965 1647 1166 1687 latissime
1196 1656 1310 1702 patet
1331 1661 1379 1687 ea
1400 1647 1522 1697 ratio,
1543 1662 1627 1703 qua
1646 1661 1716 1687 so-

212 1710 264 1741 20
276 1701 404 1742 cietas
426 1700 647 1742 hominum
668 1702 777 1743 inter
797 1702 928 1757 ipsos,
950 1712 993 1744 et
1013 1703 1105 1744 vitae
1130 1704 1246 1759 quasi
1275 1704 1558 1744 communitas
1577 1703 1715 1744 conti-

275 1767 411 1799 netur.
443 1757 564 1814 cujus
594 1768 732 1814 partes
758 1759 853 1800 duae
874 1768 996 1801 sunt:
1022 1759 1202 1815 justitia,
1224 1761 1265 1801 in
1286 1775 1368 1815 qua
1393 1760 1554 1801 virtutis
1575 1759 1716 1815 splen-

273 1814 351 1855 dor
371 1825 435 1856 est
454 1814 663 1857 maximus
683 1832 692 1856 ι
725 1830 775 1856 ex
797 1830 881 1871 qua
899 1816 1000 1856 boni
1020 1817 1093 1857 viri
1115 1817 1386 1857 nominantur
1398 1833 1408 1866 3
1430 1826 1473 1857 et
1492 1815 1590 1858 huic
1610 1831 1714 1857 con-

266 1871 418 1926 juncta
439 1871 741 1923 beneficientia,
764 1887 892 1928 quam
918 1872 1109 1913 eamdem
1142 1874 1206 1914 vel
1234 1873 1556 1928 benignitatem,
1580 1873 1642 1914 vel
1661 1872 1712 1913 li-

273 1927 537 1969 beralitatem
567 1936 606 1960 38
621 1929 822 1984 appellari
852 1929 964 1969 licet.
1025 1929 1106 1970 Sed
1133 1930 1311 1985 justitiae
1342 1929 1526 1985 primum
1558 1944 1713 1970 munus

272 1991 350 2034 est,
371 1993 419 2025 ut
451 2000 502 2025 ne
531 1985 600 2026 cui
629 1986 722 2040 quis
753 1995 918 2034 noceat,
940 1985 1017 2026 nisi
1044 1985 1261 2027 lacessitus
1284 1985 1461 2041 injuria:
1493 1985 1644 2026 deinde
1665 1994 1713 2026 ut

208 2050 253 2081 21
272 2041 573 2082 communibus
593 2050 737 2082 utatur
757 2056 833 2097 pro
857 2042 1168 2093 communibus,
1190 2042 1358 2098 privatis
1378 2051 1424 2082 ut
1444 2041 1545 2082 suis.
1602 2042 1712 2083 Sunt

271 2106 414 2138 autem
445 2098 604 2152 privata
634 2098 750 2139 nulla
781 2101 955 2139 natura:
991 2099 1064 2138 sed
1095 2109 1167 2140 aut
1197 2099 1323 2139 veteri
1354 2099 1646 2154 occupatione,
1666 2107 1713 2139 ut

270 2153 343 2208 qui
375 2153 591 2208 quondam
617 2154 659 2195 in
691 2169 820 2195 vacua
850 2163 1080 2205 venerunt,
1113 2164 1186 2195 aut
1212 2155 1400 2205 victoria,
1421 2164 1469 2195 ut
1497 2155 1568 2210 qui
1598 2154 1710 2195 bello

267 2210 395 2264 potiti
426 2218 522 2251 sunt
540 2226 552 2261 3
583 2220 655 2251 aut
676 2210 786 2266 lege,
806 2211 1016 2266 pactione,
1039 2211 1294 2262 conditione,
1316 2221 1441 2252 sorte.
1473 2226 1523 2251 ex
1542 2225 1627 2266 quo
1650 2210 1709 2261 fit,

268 2273 318 2307 ut
337 2280 440 2322 ager
460 2266 643 2322 Arpinas
665 2267 917 2323 Arpinatum
941 2267 1105 2309 dicatur
1122 2285 1130 2309 ε
1157 2267 1422 2309 Tusculanus
1442 2266 1708 2308 Tusculano-

268 2337 362 2364 rum
383 2339 392 2363 :
425 2323 657 2379 similisque
680 2333 743 2364 est
765 2324 1020 2379 privatarum
1050 2325 1363 2379 possessionum
1385 2324 1626 2378 descriptiO.
1659 2338 1711 2364 ex

267 2393 370 2435 quo,
402 2379 501 2435 quia
533 2395 657 2420 suum
689 2380 896 2440 cujusque
933 2380 1004 2431 fit,
1037 2395 1200 2432 eorum,
1234 2396 1327 2439 quae
1362 2390 1511 2421 natura
1540 2380 1708 2421 fuerant

308 2538 349 2562 84
365 2538 427 2561 nat.
444 2532 566 2571 attingit
582 2531 676 2571 hum]
692 2533 962 2572 Conjunctionem
1007 2540 1037 2563 et
1054 2534 1133 2563 Mss.
1149 2533 1302 2573 plerique,
1319 2533 1414 2562 etiam
1432 2533 1530 2563 Goth.
1548 2533 1622 2562 Cur.
1640 2532 1707 2571 pla·-

265 2575 360 2605 habet
375 2584 453 2604 cum
478 2582 588 2606 natura
609 2576 766 2612 humana,
781 2576 872 2616 eique
888 2585 964 2606 con·
1007 2577 1074 2611 cuit
1098 2575 1261 2605 nonnullis
1285 2576 1463 2612 cognitionis,
1480 2583 1515 2605 ut
1537 2574 1704 2611 Lambino,

264 2618 371 2653 venit..
385 2627 414 2647 v.
432 2618 520 2648 Clav.
539 2619 570 2648 ln
588 2619 739 2658 attingere.
1009 2619 1143 2649 Graevio.
1160 2621 1210 2648 sui
1229 2619 1330 2648 Studia
1348 2618 1526 2657 cogifatiom's
1540 2618 1572 2647 h.
1588 2617 1608 2647 l.
1624 2617 1706 2648 clare

308 2667 347 2691 85
387 2662 462 2702 quod
489 2660 519 2689 in
550 2662 595 2690 reb
607 2661 642 2700 s]
677 2663 728 2691 Sic
757 2662 826 2691 edd.
857 2672 902 2700 pr.
934 2669 963 2691 et
1007 2670 1214 2699 opponuntur
1236 2663 1345 2691 susm>-
1369 2661 1497 2690 actiom's.
1520 2667 1590 2690 tum
1615 2661 1707 2699 perti-

264 2703 368 2733 Graev.
386 2703 501 2733 Pearcii
520 2705 579 2734 &c.
596 2714 628 2733 m
642 2704 679 2733 le
696 2705 765 2734 alia*
782 2705 863 2745 quid.
1008 2712 1059 2734 net
1076 2706 1136 2733 hm·
1156 2716 1217 2733 nnn
1235 2715 1357 2733 tam-,rm
1375 2705 1412 2733 ad
1429 2704 1571 2733 studium
1588 2704 1703 2734 doctri-

307 2751 346 2776 36
364 2753 395 2775 ut
412 2747 440 2775 ,ἧι
455 2753 526 2775 astr.
549 2746 583 2776 C.
598 2747 761 2786 benficium
777 2747 959 2785 amsteimusj
1007 2758 1067 2783 nro,
1100 2760 1121 2776 ,ψ
1135 2749 1150 2775 xi
1186 2749 1278 2776 ›sn-m
1319 2746 1439 2776 consilii
1479 2746 1635 2785 capiendi,
1665 2753 1702 2776 ut

262 2788 314 2823 Sc.
332 2789 453 2826 fecisse,
471 2790 613 2820 multum
629 2790 722 2820 studii
740 2790 890 2829 posuisse.
1005 2802 1089 2829 Sssi't
1170 2806 1176 2818 t
1190 2800 1231 2819 ηε.

305 2837 343 2866 37
371 2831 400 2861 in
417 2832 518 2862 studiis
533 2831 730 2875 cogitationis]
751 2833 801 2863 Sic
823 2833 892 2863 cdd.
915 2843 960 2873 pr.
1048 2854 1062 2863 c
1073 2846 1087 2863 5
1149 2857 1157 2872 Δ,
1172 2856 1174 2858 -
1188 2835 1254 2861 ..ἢν-ι’
1273 2833 1300 2861 li.
1312 2842 1353 2874 cr)
1374 2832 1489 2863 Malim
1505 2830 1662 2873 appellare-
