1844 3202
229 95 327 140 736·
754 90 832 128 DE
869 90 1132 128 OFFICIIS

230 201 418 250 minant;
449 198 827 255 appetitionesque‚
857 214 961 255 quas
985 199 1046 240 illi
1075 201 1200 255 ὁρμὰς,
1229 199 1473 241 obedientes
1506 198 1690 242 efficere*

231 256 384 300 rationi
404 273 413 297 ι
444 256 631 304 tertium,
651 256 713 306 iis,
734 257 987 311 quibuscum
1007 270 1333 311 congregamur,
1355 256 1417 296 uti
1437 256 1670 307 moderate,
1693 272 1695 275 ·

232 323 277 355 et
297 313 490 364 scienter,
512 327 693 368 quorum
725 312 874 353 studiis
895 327 957 362 ea,
979 327 1075 367 quae
1095 323 1244 353 natura
1262 312 1483 363 desiderat,
1506 312 1674 368 expleta

234 370 537 424 cumulataque
558 369 788 409 habeamus
808 385 816 408 :
850 383 923 422 per
944 368 1214 424 eosdemque,
1236 369 1269 410 si
1298 369 1400 424 quid
1421 369 1674 425 importetur
1692 390 1694 393 ·

236 427 358 468 nobis
384 425 659 474 incommodi,
682 425 992 479 propulsemus,
1013 424 1350 480 ulciscamurque
1385 440 1474 476 eos,
1493 426 1565 482 qui
1594 440 1675 467 no-

238 499 332 525 cere
353 483 474 524 nobis
506 491 546 514 20
560 482 701 522 conati
725 482 820 530 sint,
842 489 1042 536 tantaque
1062 494 1188 535 poena
1209 481 1452 533 afficiamus,
1474 490 1677 539 quantam

193 535 416 596 finequitas
451 538 775 592 humanitasque
811 537 1008 591 patiatur.
1067 537 1236 594 Quibus
1271 548 1410 578 autem
1443 539 1676 580 rationibus

183 597 351 658 19hauc
372 596 618 636 facultatem
640 594 806 649 assequi
835 594 1059 648 possimus,
1081 604 1129 635 ut
1156 593 1378 634 hominum
1399 595 1537 636 studia
1558 609 1677 637 com-

240 653 492 710 plectamur,
511 666 644 707 eaquc
666 660 899 700 teneamus,
920 650 1109 691 dicemus
1126 666 1136 700 ;
1168 664 1304 705 neque
1324 650 1381 691 ita
1402 651 1540 692 multo
1561 660 1680 707 post:

241 710 316 751 sed
346 718 383 741 21
405 723 538 765 pauca
568 717 665 749 aute
694 707 873 748 dicenda
902 716 1013 748 sunt.
1072 707 1279 762 Magnam
1313 707 1395 748 vim
1415 722 1507 749 esse
1528 708 1570 749 in
1591 708 1679 749 for-

239 776 345 808 tuna
371 767 414 807 in
446 774 670 821 utramque
700 773 877 819 partem,
898 763 964 805 vel
990 763 1193 804 secundas
1213 763 1266 804 ad
1288 777 1368 814 res,
1388 765 1449 806 vel
1474 764 1681 814 adversas,

242 824 338 879 quis
371 823 571 878 ignorat?
605 835 700 862 nam
732 829 773 861 et
799 835 898 861 cum
933 834 1134 876 prospero
1165 821 1268 860 flatu
1299 821 1389 876 ejus
1422 821 1597 871 utimur,
1629 821 1684 862 ad

243 880 381 921 exitus
402 878 668 934 pervehimur
688 886 856 932 optatos
875 893 886 918 ι
916 885 958 917 et
979 891 1077 917 cum
1098 877 1269 927 reflavit,
1290 876 1532 933 affligimur.
1572 879 1682 920 Haec

244 936 377 992 igitur
397 936 488 990 ipsa
506 935 678 975 fortuna
705 942 868 973 ceteros
897 947 1017 973 casus
1047 933 1220 973 rariores
1249 933 1392 984 habet,
1414 934 1599 990 primum
1630 934 1683 975 ab

245 992 439 1033 inanimis
471 989 692 1046 proeellas,
723 997 1010 1044 tempestates,
1033 989 1266 1044 naufragia,
1286 989 1441 1040 ruinas,
1461 990 1682 1032 incendia:

183 1057 237 1088 20
247 1048 412 1099 deinde,
433 1062 458 1088 a
479 1046 623 1088 bestiis
644 1045 770 1096 ictus,
791 1059 971 1095 morsus,
992 1045 1190 1100 impetus.
1241 1046 1350 1086 Haec
1373 1061 1493 1102 ergO,
1513 1054 1562 1087 ut
1581 1045 1685 1098 dixi,

248 1106 419 1147 rariora,
478 1104 541 1144 At
565 1117 662 1143 vero
697 1102 890 1143 interitus
911 1101 1188 1152 exercituum,
1208 1110 1247 1133 ‘22
1265 1111 1314 1142 ut
1334 1103 1524 1158 proxime
1542 1103 1687 1154 trium,

247 1176 361 1217 saepe
387 1160 636 1210 multorum,
665 1158 804 1200 clades
830 1159 1150 1213 imperatorum,
1178 1167 1226 1199 ut
1254 1173 1387 1214 nuper
1407 1167 1445 1192 22³
1462 1160 1618 1201 summi
1637 1173 1687 1201 ac

248 1217 474 1274 singularis
500 1217 604 1258 viri:
636 1215 799 1257 invidiae
831 1224 1033 1271 praeterea
1064 1214 1362 1267 multitudinis,
1383 1226 1511 1273 atque
1540 1216 1596 1258 ob
1616 1231 1687 1258 eas

246 1275 354 1317 bene
374 1274 621 1315 meritorum
645 1287 757 1328 saepe
778 1271 932 1313 civium
953 1271 1232 1326 expulsiones,
1253 1272 1529 1323 calamitates,
1549 1273 1690 1329 fugae:

248 1345 480 1387 rursusque
511 1328 706 1371 secundae
741 1343 822 1380 res,
853 1328 1050 1378 honores,
1082 1328 1272 1383 imperia,
1309 1329 1508 1380 victoriae,
1539 1344 1690 1385 quarn-

249 1403 379 1445 quam
410 1387 585 1429 fortuita
614 1395 726 1437 sunt,
757 1395 898 1427 tamen
929 1385 1017 1425 sine
1047 1385 1270 1426 hominum
1301 1386 1455 1441 opibus
1478 1398 1520 1427 et
1541 1385 1692 1428 studiis

250 1454 444 1486 neutram
475 1444 516 1484 in
547 1451 707 1499 partem
740 1442 848 1483 effici
877 1449 1069 1498 possunt.
1128 1442 1227 1483 Hoc
1255 1442 1385 1498 igitur
1404 1442 1594 1498 cognito,
1625 1443 1691 1484 di-

251 1501 434 1544 cendum
455 1509 533 1551 est,
555 1514 741 1555 quonam
763 1498 895 1540 modo
923 1498 1144 1539 hominum
1166 1498 1306 1540 studia
1323 1499 1375 1540 ad
1395 1500 1597 1540 utilitates
1617 1514 1696 1541 noa

252 1568 358 1599 stras
379 1557 546 1599 allicere
565 1566 692 1611 atque
712 1556 893 1596 excitare
923 1555 1147 1610 possimus.
1178 1569 1274 1611 quae
1305 1556 1340 1597 si
1370 1556 1539 1610 longior
1568 1556 1694 1597 fuerit

143 1615 406 1665 imm-oratio,
436 1628 537 1654 cum
567 1612 863 1668 magnitudine
891 1611 1085 1654 utilitatis
1115 1621 1397 1667 comparetur.
1419 1614 1477 1654 ita
1506 1613 1695 1655 fortassis

212 1672 381 1712 a’etiam
401 1670 565 1711 brevior
584 1669 803 1710 videbitur.

190 1743 238 1774 21
312 1729 611 1782 Quaecumque
632 1725 764 1781 igitur
785 1724 980 1766 homines
1009 1723 1172 1765 homini
1200 1725 1393 1766 tribuunt
1422 1724 1477 1767 ad
1503 1739 1601 1766 eum
1621 1740 1697 1766 au:-

253 1785 446 1840 gendum
484 1791 613 1838 atque
653 1781 981 1831 honestandum‚
1018 1791 1092 1822 aut
1131 1782 1427 1823 benivolentiae
1463 1782 1601 1838 gratia
1632 1782 1697 1823 fa-

253 1842 386 1892 ciunt,
417 1855 516 1881 cum
545 1840 687 1895 aliqua
716 1839 769 1880 de
799 1852 926 1880 causa
955 1838 1199 1893 quempiam
1225 1838 1433 1894 diligunt:
1466 1847 1538 1885 aut
1559 1839 1697 1880 hono-

253 1899 325 1949 ris,
347 1898 381 1938 si
413 1897 534 1953 cujus
553 1897 751 1937 virtutem
773 1895 1021 1951 suspiciunt,
1044 1904 1083 1927 ‘24
1100 1910 1310 1951 quemque
1330 1895 1508 1951 dignum
1530 1895 1700 1937 fortuna

255 1970 384 2011 quam
425 1953 686 2009 amplissima
725 1961 901 2008 putant:
933 1960 1007 1992 aut
1036 1952 1104 1993 cui
1143 1952 1268 1992 fidem
1305 1952 1476 2002 habent,
1512 1960 1556 1992 et
1589 1953 1699 1994 bene

255 2013 381 2054 rebus
412 2011 497 2052 suis
527 2010 748 2051 consulere
777 2009 1061 2050 arbitrantur:
1094 2018 1167 2049 aut
1197 2009 1317 2065 eujus
1347 2022 1448 2064 opes
1473 2016 1699 2051 metuuntt

258 2078 333 2110 aut
360 2066 523 2116 contra,
545 2082 570 2107 a
600 2066 761 2122 quibus¹
786 2064 946 2121 aliquid
972 2074 1216 2120 exspectant
1235 2082 1245 2106 ε
1276 2074 1324 2106 ut
1344 2079 1441 2105 eum
1464 2079 1600 2121 reges,
1622 2079 1702 2121 po-

259 2125 477 2180 pularesve
508 2123 718 2173 homines,
748 2122 995 2176 largitiones
1025 2122 1187 2176 aliquas
1218 2132 1488 2177 proponunt:
1518 2132 1592 2163 aut
1621 2136 1700 2177 po·—

260 2190 434 2231 stremo,
465 2180 601 2235 pretio
630 2194 678 2220 ac
707 2178 903 2220 mercede
931 2177 1171 2219 ducuntur:
1201 2193 1297 2233 quae
1327 2178 1614 2219 sordidissima
1639 2187 1704 2220 est

260 2238 335 2279 illa
354 2236 527 2293 quidem
560 2237 683 2287 ratio,
704 2245 749 2277 et
778 2234 1127 2291 inquinatissima,
1147 2244 1191 2275 et
1227 2235 1305 2286 his,
1328 2235 1399 2290 qui
1421 2249 1471 2275 ea
1490 2243 1701 2286 tenentur,

199 2306 251 2340 22
263 2304 306 2336 et
326 2295 422 2346 illis,
443 2294 515 2349 qui
547 2293 603 2335 ad
633 2307 727 2334 eam
759 2292 991 2347 confugere
1021 2300 1241 2333 conantur.
1301 2292 1419 2332 Male
1441 2291 1550 2332 enim
1574 2306 1618 2332 se
1637 2305 1704 2333 res

263 2352 409 2403 habet,
439 2365 553 2406 cum,
584 2349 702 2406 quod
731 2349 883 2390 virtute
914 2348 1023 2390 effici
1051 2348 1194 2400 debet,
1225 2347 1270 2389 id
1297 2355 1483 2389 tentatur
1512 2348 1704 2404 pecunia.

264 2485 327 2510 tus.
351 2477 456 2517 itaque
479 2475 601 2514 conjeci
626 2475 799 2515 legendum
822 2484 890 2505 esse
912 2474 963 2505 vel
1051 2481 1091 2504 22
1115 2480 1149 2504 u!
1174 2473 1305 2513 proxime
1331 2471 1434 2511 trium]
1469 2475 1505 2504 ln
1533 2474 1721 2512 Pharsalia,‘

265 2520 440 2551 turbulentos
454 2520 504 2549 vel
522 2519 643 2549 turbati.
1007 2517 1126 2553 Africa,
1144 2518 1309 2556 Hispania.

311 2571 351 2594 20
375 2563 468 2592 conati
485 2560 731 2601 sunl—patitur]
758 2560 899 2590 Latinius
922 2560 968 2590 fo·
1056 2567 1095 2590 98
1121 2561 1265 2589 summiac
1280 2561 1354 2599 sing.
1371 2557 1450 2599 viri]
1469 2559 1621 2599 Pompeii.

267 2614 325 2644 ret,
349 2606 443 2636 conati
466 2605 712 2645 sint—patiatur,
734 2611 764 2634 et
787 2605 848 2633 hcc
872 2603 968 2633 habet
1056 2610 1095 2633 -21
1120 2614 1261 2644 quemque
1271 2602 1550 2642 dignum—putant]
1570 2614 1709 2644 quemque

268 2650 333 2681 Ms.
350 2650 449 2679 Goth.
1012 2655 1028 2675 e
1045 2645 1124 2675 Μῦς.
1141 2652 1170 2675 ct
1185 2646 1256 2675 cdd.
1271 2655 1346 2676 vett.
1369 2647 1452 2676 dedit
1476 2646 1632 2682 Graevius,
1654 2654 1708 2685 pro

311 2700 349 2724 21
371 2699 467 2732 pauca
489 2697 556 2720 ante
577 2690 697 2719 dicenda
720 2688 797 2727 sunl]
825 2689 876 2719 SIC
900 2698 968 2719 cor·
1012 2695 1039 2717 et
1063 2689 1087 2717 si
1109 2699 1204 2728 quem,
1230 2689 1278 2718 vel
1302 2696 1354 2718 aut
1374 2689 1399 2718 si
1422 2700 1526 2730 qufn13
1551 2696 1588 2719 ut
1607 2696 1652 2719 est
1675 2691 1728 2719 in·

268 2738 333 2768 rexi
351 2736 519 2774 vulgatum
533 2734 610 2763 sint:
627 2742 720 2773 atque
733 2734 776 2763 sie
792 2733 853 2763 ΜΒ.
869 2734 969 2763 Goth.
1013 2732 1077 2762 Μς.
1103 2732 1201 2761 Goth.
1224 2732 1277 2761 sed
1301 2732 1331 2762 id
1356 2741 1420 2762 non
1444 2730 1555 2771 placet.
1579 2739 1656 2771 puto
1679 2733 1708 2762 id

268 2781 340 2811 edd.
363 2779 452 2818 Mog.
476 2777 546 2808 Col.
571 2776 664 2807 Rom.
690 2777 770 2806 Ven.
800 2782 891 2811 1470.
908 2778 969 2808 ἃς.
1014 2782 1127 2804 natum
1148 2784 1215 2805 esse
1237 2784 1277 2805 ex
1300 2785 1440 2817 cumque.-
1463 2782 1559 2814 atque
1573 2775 1619 2806 sic
1634 2776 1717 2806 scri-⁷

269 2825 322 2854 sed
339 2832 392 2861 per
406 2832 439 2852 se
455 2822 582 2853 evidens
598 2828 644 2851 est
659 2819 819 2851 correctio„
1014 2818 1156 2848 bendum
1175 2826 1261 2857 puto.
