1844 3202
297 116 377 155 860
780 116 857 154 DE
893 117 1230 158 PETITIONE

253 250 278 297 1
296 229 451 300 ETSI
481 257 558 300 tibi
587 259 729 300 omnia
747 270 990 316 suppetunt,
1010 277 1103 317 quae
1125 262 1326 318 consequi
1348 261 1533 318 ingenio,
1553 270 1626 305 aut
1644 275 1725 305 usu

299 323 312 347 1
339 314 545 367 homines,
567 325 640 358 aut
659 316 876 372 diligentia
894 327 1098 373 possunt:
1130 327 1271 359 tamen
1290 334 1433 360 amore
1463 329 1608 361 nostro
1639 334 1724 361 non

294 387 390 414 sum
419 373 643 414 arbitratus
668 373 866 424 alienum,
892 373 944 414 ad
976 384 1019 415 te
1044 375 1298 429 perscribere
1326 391 1388 427 ea,
1409 392 1503 432 quae
1531 376 1635 417 mihi
1654 391 1724 417 ve-

293 429 466 471 niebant
483 429 525 470 in
547 438 746 481 mentem,
767 430 856 471 dies
876 445 923 470 ac
947 440 1092 471 noctes
1111 430 1162 470 de
1183 431 1384 486 petitione
1405 441 1478 474 tua
1496 432 1724 489 cogitanti:

291 499 379 527 non
399 496 449 528 ut
472 494 488 517 2
507 485 665 542 aliquid
689 501 739 526 ex
766 486 815 526 iis
846 487 940 527 novi
970 486 1208 543 adjicerem,
1229 488 1302 528 sed
1332 498 1379 530 ut
1404 504 1467 541 ea,
1491 505 1585 546 quae
1607 490 1649 530 in
1679 502 1723 530 re

290 541 479 599 dispersa
506 551 631 599 atque
653 542 812 583 infinita
833 542 1069 584 viderentur
1097 557 1202 594 csse,
1225 551 1242 576 3
1261 545 1422 586 ratione
1447 556 1490 588 et
1518 546 1720 587 distribu-

288 597 406 640 tione
427 599 506 640 sub
531 614 616 640 uno
637 598 840 654 adspectu
867 608 1136 653 ponerentur.
1195 601 1466 657 Quamquam
1491 602 1720 658 plurimum

288 665 437 697 natura
462 656 584 707 valet,
614 666 754 697 tamen
782 655 944 696 videtur
973 656 1015 697 in
1044 671 1276 712 paucorum
1306 658 1512 700 mensium
1545 660 1720 714 negotio

286 725 412 767 posse
444 721 461 744 4
480 713 690 754 simulatio
721 721 910 754 naturam
934 713 1109 754 vincere.
1172 713 1328 755 Civitas
1354 730 1446 770 quae
1477 716 1543 766 sit,
1562 716 1720 771 cogita,

287 769 391 824 quid
420 778 552 825 petas,
578 769 650 825 qui
680 769 749 810 sis.
811 769 944 824 Prope
970 770 1158 826 quotidie
1186 770 1238 811 ad
1263 771 1402 812 forum
1433 771 1512 813 tibi
1545 772 1718 814 descen-

286 825 403 867 denti
434 825 684 868 meditatum
716 826 797 867 hoc
829 826 895 877 sit,
917 841 1039 867 novus
1065 842 1168 878 sum,
1191 827 1442 869 consulatum
1458 836 1568 883 petO,
1590 829 1718 871 Roma

285 888 360 922 est.
419 882 617 924 Nominis
647 883 873 923 novitatem
906 883 1073 924 dicendi
1100 884 1237 940 gloria
1261 885 1441 926 maxime
1469 886 1717 928 sublevabis.

285 938 461 994 Semper
480 953 528 979 ea
547 953 611 980 res
632 939 861 995 plurimum
885 939 1100 994 dignitatis
1120 940 1280 981 habuit.
1339 941 1440 982 Non
1470 950 1624 997 potest,
1646 944 1718 998 qui

284 993 441 1050 dignus
472 995 652 1036 habetur
691 1004 890 1050 patronus
932 997 1230 1047 consularium,
1261 996 1457 1052 indignus
1497 999 1718 1040 consulatu

283 1052 437 1106 putari.
496 1052 804 1108 Quamobrem,
825 1053 1024 1108 quoniam
1050 1062 1065 1085 ⁵
1084 1053 1136 1094 ab
1168 1053 1244 1094 hac
1276 1053 1400 1094 laude
1428 1054 1718 1109 proficisceris,

283 1115 340 1159 et,
362 1108 564 1165 quicquid
585 1123 642 1160 es,
664 1124 713 1149 ex
743 1109 825 1149 hoc
845 1124 888 1149 es
908 1126 916 1149 :
949 1110 1005 1150 ita
1036 1119 1205 1165 paratus
1227 1109 1280 1150 ad
1311 1109 1539 1152 dicendum
1562 1112 1717 1164 venito,

283 1165 404 1220 quasi
434 1165 476 1206 in
504 1165 678 1221 singulis
700 1165 834 1206 causis
858 1165 1067 1222 judicium
1099 1166 1150 1207 de
1181 1166 1297 1208 omni
1327 1166 1497 1223 ingenio
1528 1167 1717 1210 futurum

283 1221 352 1263 sit.
410 1223 514 1279 Ejus
545 1222 755 1264 facultatis
784 1221 1041 1278 adjumenta,
1072 1239 1165 1279 quae
1197 1223 1275 1264 tibi
1304 1223 1391 1265 scio
1433 1230 1451 1256 6
1472 1238 1561 1265 esse
1592 1239 1714 1280 sepo-

282 1277 375 1328 sita,
397 1289 445 1320 ut
475 1288 619 1334 parata
649 1294 697 1320 ac
727 1290 895 1334 promta
922 1280 1018 1330 sint,
1040 1295 1165 1331 cura3
1198 1289 1239 1321 et
1270 1295 1395 1335 saepe,
1417 1296 1510 1336 quae
1541 1280 1593 1322 de
1623 1281 1713 1323 De-

281 1334 514 1376 mosthenis
537 1336 677 1377 studio
707 1346 750 1377 et
777 1337 1074 1378 exercitatione
1105 1337 1270 1392 scripsit
1298 1338 1556 1388 Demetrius,
1578 1352 1717 1379 recor-

280 1390 395 1433 dare.
454 1392 620 1434 Deinde
650 1402 692 1434 et
735 1393 1005 1434 7amicorum
1049 1393 1281 1435 multitudo
1311 1402 1355 1434 et
1390 1408 1546 1449 genera
1584 1409 1713 1450 appa-

277 1458 411 1489 reant.
442 1449 571 1490 habes
601 1450 712 1490 enim
744 1464 805 1501 ea,
850 1458 865 1481 Β
884 1466 977 1506 quae
1009 1451 1103 1492 novi
1137 1450 1401 1500 habuerunt3
1448 1465 1595 1492 omnes
1633 1467 1714 1507 pu-

278 1503 483 1556 blicanos,
515 1515 655 1547 totum
693 1507 778 1547 fere
817 1516 1053 1563 equestrem
1093 1508 1297 1558 ordinem,
1337 1507 1472 1548 multa
1510 1517 1714 1563 praeterea

277 1561 521 1618 municipia,
543 1564 701 1604 multos
723 1563 797 1604 abs
825 1572 866 1604 te
897 1563 1091 1604 defensos
1120 1563 1327 1619 cujusque
1359 1563 1530 1614 ordinis,
1551 1564 1713 1620 aliquot

230 1621 264 1652 b·
277 1617 482 1674 collegia:
514 1628 715 1674 praeterea
738 1628 757 1653 9
771 1620 911 1661 studio
932 1619 1097 1660 dicendi
1118 1620 1364 1660 conciliatos
1384 1620 1586 1675 plurimos
1607 1621 1712 1662 adu-

273 1674 544 1727 lescentulos,
567 1676 853 1732 quotidianam
882 1676 1112 1716 amicorum
1142 1676 1429 1717 assiduitatem
1452 1686 1494 1717 et
1515 1677 1710 1732 frequen-

273 1731 392 1772 tiam.
453 1734 561 1773 Haec
595 1748 695 1774 cura
730 1742 777 1773 ut
806 1742 947 1774 teneas
984 1741 1021 1764 10
1038 1732 1391 1783 commendando,
1423 1741 1465 1773 et
1501 1734 1708 1788 rogando,

272 1796 318 1828 et
345 1788 459 1829 omni
487 1789 648 1830 ratione
676 1789 910 1840 efficiendo,
930 1797 979 1830 ut
1008 1789 1257 1845 intelligant,
1277 1800 1319 1830 et
1350 1789 1421 1844 qui
1451 1789 1607 1831 debent
1636 1801 1710 1833 tua

271 1858 416 1896 causa,
444 1846 674 1887 referendae
703 1847 880 1901 gratiae3
913 1853 956 1886 et
985 1846 1057 1901 qui
1079 1847 1237 1898 volunt,
1262 1845 1479 1901 obligandi
1510 1846 1571 1886 tui
1600 1856 1709 1888 tem-

269 1915 350 1956 pus
371 1902 451 1943 sibi
470 1903 584 1944 aliud
606 1903 769 1944 nullum
791 1904 894 1945 fore.
953 1903 1093 1943 Etiam
1125 1903 1205 1944 hoc
1236 1903 1419 1944 multum
1441 1902 1602 1943 videtur
1629 1904 1705 1946 ad-

262 1957 411 2013 juvare
435 1973 557 2015 posse
578 1975 732 2002 novum
761 1959 991 2011 hominem,
1021 1959 1243 2002 hominum
1273 1959 1481 2001 nobilium
1501 1959 1707 2015 voluntas,

315 2080 328 2102 1
355 2072 493 2114 homines]
520 2075 666 2104 Muretus
687 2075 748 2104 hoc
764 2074 897 2104 verbum
914 2075 968 2104 de·
1055 2081 1070 2105 5
1096 2075 1131 2104 ab
1147 2074 1200 2103 hac
1218 2074 1302 2104 laude
1318 2071 1525 2114 preficisceris]
1551 2075 1570 2103 i.
1591 2084 1617 2105 e.
1641 2075 1705 2106 elo—

268 2114 323 2145 leri
346 2116 471 2147 volebat
493 2124 524 2147 et
546 2117 674 2158 consequi
697 2117 816 2157 passive
843 2117 965 2147 dictum

267 2159 409 2197 putabat.
447 2160 507 2190 Sed
523 2161 585 2190 hoc
601 2161 710 2190 durius
727 2167 784 2196 est,
801 2167 831 2189 et
847 2161 965 2191 habent

267 2201 390 2231 homines
405 2203 483 2233 Mss.
497 2210 572 2233 teste
586 2204 732 2233 Grutero.
744 2203 880 2242 denique
893 2213 965 2233 sua-

265 2245 397 2275 vitatem
422 2247 547 2276 numeri
569 2247 664 2276 habet
682 2247 712 2276 id
728 2247 861 2276 verbum
879 2247 963 2276 addi-

266 2293 338 2317 tum
363 2288 443 2319 inter
464 2296 516 2318 aut
535 2300 599 2327 usu,
616 2296 668 2319 aut
685 2289 851 2330 diligentia,
876 2299 964 2320 more

265 2330 437 2361 Ciceronis.

310 2380 328 2404 2
351 2373 470 2415 aliquid
495 2386 532 2403 ex
563 2373 598 2403 iis
619 2374 689 2403 novi
711 2373 877 2414 adjicerem]
910 2375 961 2406 Sc.

264 2415 314 2453 iis,
330 2426 403 2456 quae
419 2424 453 2447 tu
471 2418 535 2456 ipse
552 2419 646 2453 nosti,
664 2424 694 2447 et
710 2417 761 2447 alii
779 2425 906 2448 norunt.

307 2465 325 2490 3
351 2459 461 2490 ratione
490 2467 518 2488 et
546 2459 760 2500 distributione]
793 2461 959 2498 Methodo,

264 2508 300 2531 ut
323 2512 379 2532 nos
403 2502 578 2542 loquimur,
595 2503 760 2542 explicata.
777 2504 852 2534 alias
869 2504 958 2534 Cice-

263 2554 297 2574 ro
312 2546 363 2576 via
384 2552 415 2576 et
438 2546 568 2583 ratione,
589 2547 622 2576 in
644 2556 707 2585 qua
730 2553 760 2576 et
782 2547 958 2578 distributio

261 2594 293 2618 et
308 2589 431 2627 partitio
447 2596 503 2619 est.

305 2638 325 2661 4
354 2631 500 2661 simulatio
533 2638 669 2661 naturam
698 2631 828 2671 vincere]
868 2633 957 2663 Effici

259 2682 351 2712 posse
381 2685 435 2714 per
464 2674 704 2706 simulationem
727 2675 877 2706 faciendis
908 2676 956 2713 iis,

258 2726 332 2756 quae
347 2727 365 2747 a
380 2725 493 2748 natura
508 2724 562 2748 tua
577 2725 652 2748 sunt
673 2717 788 2754 aliena,
806 2725 842 2748 ut
865 2728 901 2748 ea
918 2730 958 2749 ex

257 2760 368 2790 animo
391 2761 491 2791 facere
512 2761 657 2791 videare:
682 2762 853 2801 praesertim
876 2772 954 2793 cum

256 2810 294 2876 :a
310 2803 513 2836 simulatione
528 2814 582 2845 per
593 2813 711 2845 paucos
724 2813 849 2837 menses
863 2811 957 2836 uten-

280 2854 338 2878 um
352 2853 403 2879 sn.

1009 2119 1147 2156 quentia}
1174 2118 1272 2156 gloria
1294 2128 1324 2148 es
1348 2127 1385 2147 ea
1407 2123 1608 2154 consecutus,
1632 2128 1705 2157 quae

1008 2167 1107 2197 tenes,
1124 2168 1154 2191 et
1170 2171 1246 2190 cum
1262 2170 1299 2190 ea
1314 2161 1350 2190 ad
1368 2161 1539 2199 petendum
1555 2161 1654 2191 venis.

1051 2209 1070 2233 6
1094 2216 1150 2233 esse
1172 2204 1305 2243 seposita]
1336 2203 1355 2233 i.
1380 2213 1407 2232 e.
1435 2209 1520 2241 parta
1546 2204 1650 2234 studio
1674 2212 1704 2235 et

1008 2254 1189 2277 conservata
1204 2247 1424 2276 exercitatione
1444 2246 1576 2276 assidua.
1600 2246 1703 2286 loqui-

1007 2296 1059 2319 tur
1074 2297 1109 2321 ut
1125 2291 1163 2320 de
1183 2291 1319 2330 pecunia
1337 2290 1369 2319 in
1392 2289 1546 2319 thesauris
1569 2291 1703 2329 seposita

1005 2334 1043 2363 ad
1060 2334 1182 2363 futuros
1199 2343 1285 2363 usus.

1050 2382 1065 2411 7
1095 2371 1413 2414 amicorum—genera]
1446 2373 1497 2404 Sc.
1529 2384 1545 2403 e
1574 2375 1702 2409 diversit

1003 2419 1165 2449 ordinibus
1184 2419 1329 2454 civitatis,
1347 2418 1402 2456 qui
1425 2424 1495 2456 post
1517 2427 1701 2450 memoran-

1004 2468 1065 2491 tur.

1047 2511 1064 2535 8
1088 2515 1154 2545 quae
1169 2505 1239 2533 novi
1258 2501 1429 2541 habuerunt]
1454 2503 1531 2539 Alii,
1554 2504 1608 2543 qui
1632 2515 1698 2536 non

1002 2548 1136 2584 nobiles,
1149 2554 1258 2577 tamen
1271 2547 1308 2576 ad
1324 2556 1470 2577 summos
1484 2547 1617 2577 honores
1630 2558 1699 2588 per-

1065 2600 1126 2620 ere.

1001 2601 1064 2667 vergi
1087 2629 1179 2662 shedio
1204 2632 1315 2662 dicendi
1339 2630 1514 2670 conciliatos]
1546 2632 1609 2663 Qui
1640 2634 1696 2665 tibi

1001 2678 1096 2707 amici
1119 2682 1207 2711 sunt,
1224 2677 1299 2714 quia
1322 2677 1456 2715 cupiunt
1478 2675 1694 2714 eloquentiam

1000 2721 1059 2751 sibi
1075 2727 1269 2758 comparare,
1287 2726 1318 2749 et
1333 2720 1364 2749 in
1382 2728 1419 2748 eo
1435 2724 1490 2748 tua
1504 2728 1597 2758 opera
1612 2721 1669 2750 uti.

1044 2771 1081 2794 10
1104 2760 1334 2802 commendando]
1367 2762 1429 2791 Int.
1457 2767 1487 2793 te
1509 2769 1541 2794 et
1562 2771 1692 2794 causata

997 2813 1089 2839 tuam
1104 2806 1141 2838 iis
1157 2805 1428 2838 commendando.
