1844 3202
518 117 698 156 LIBER
735 115 1068 154 SECUNDUS.
1427 116 1503 155 663

79 222 161 266 beo
175 224 246 280 jus
264 223 540 281 pontificium.
599 222 714 280 Quid
735 222 817 264 huc
837 222 1012 264 accessit
1030 235 1080 262 ex
1094 221 1191 277 jure
1212 221 1320 262 civili
1338 225 1351 263 ?
1376 223 1506 278 parti-
1517 235 1565 266 53

80 280 207 321 tionis
227 290 355 336 caput
375 280 577 335 scriptum
605 289 742 330 caute,
760 290 808 320 ut
838 287 1010 329 centum
1040 278 1157 319 numi
1186 276 1507 322 deducerentur.

82 335 256 377 Inventa
275 346 337 377 cst
357 336 476 386 ratio,
498 350 573 376 cur
592 337 769 391 pecunia
797 349 1010 376 sacrorum
1031 333 1226 375 molestia
1246 333 1506 377 liberaretur.

81 392 211 448 Quod
233 393 266 433 si
289 392 384 442 hoc,
405 393 476 447 qui
498 401 795 433 testamentum
816 391 1010 442 faciebat,
1032 404 1175 432 cavere
1196 389 1413 441 noluisset,
1432 392 1508 432 ad-

80 458 221 489 monet
261 448 588 504 jurisconsultus
633 448 701 489 hic
750 447 920 504 quidem
965 448 1052 502 ipse
1091 447 1280 496 Mucius,
1319 447 1508 501 pontifex

79 503 206 552 idem,
227 514 274 544 ut
295 504 431 545 minus
453 505 605 560 capiat,
627 518 751 560 quam
773 504 968 545 omnibus
990 503 1213 544 heredibus
1234 502 1508 558 relinquatur.

80 566 116 595 ⁵7
137 560 270 615 Super
289 559 499 611 dicebant,
521 561 593 616 qui
614 560 714 615 quid
733 560 924 615 cepisset,
947 560 1164 615 adstringi.
1201 559 1360 599 Rursus
1381 560 1507 600 sacris

78 615 322 657 liberantur.
361 618 458 658 Hoc
480 631 574 658 vero
597 617 698 657 nihil
720 616 772 657 ad
793 616 1052 672 pontificium
1069 618 1157 672 jus,
1173 624 1215 656 et
1235 629 1258 655 e
1282 614 1423 656 medio
1444 626 1509 657 est

72 671 170 727 jure
191 672 314 722 civili,
335 682 382 714 ut
411 688 484 729 per
514 689 585 724 aes,
606 683 647 714 et
672 673 822 714 libram
851 672 1048 713 heredem
1071 672 1310 713 testamenti
1331 671 1507 724 solvant,

78 736 122 768 et
141 728 289 769 eodem
313 729 408 770 loco
430 744 493 771 res
515 730 581 780 sit,
598 729 715 785 quasi
731 743 781 769 ea
801 729 978 784 pecunia
997 730 1137 784 legata
1158 743 1241 768 non
1263 736 1385 778 esset,
1402 729 1435 769 si
1457 729 1505 780 is,

77 784 146 825 cui
165 784 353 840 legatum
374 795 450 836 est,
473 795 511 819 ⁵8
525 786 748 842 stipulatus
776 795 839 827 est
865 785 1062 840 idipsum,
1084 784 1199 840 quod
1216 784 1406 840 legatum
1427 796 1504 836 est,
1517 799 1547 828 Ρ·
1565 797 1634 821 181-

78 850 127 881 ut
155 855 205 882 ea
234 843 410 896 pecunia
438 856 488 884 ex
517 843 786 899 stipulatione
815 841 1031 893 debeatur,
1054 842 1190 897 sitque
1216 855 1265 881 ea
1293 841 1386 894 [non
1406 841 1505 882 alli·
1516 841 1545 863 a.

77 904 181 953 gata
200 912 329 939 sacra.

138 962 177 988 ⁵9
199 955 316 996 Venio
337 970 443 996 minc
463 956 517 997 ad
533 955 717 997 maniam
732 956 851 1010 jura,
874 970 968 1011 qaae
995 956 1167 1010 majores
1187 954 1315 996 nostri
1336 962 1374 996 et
1396 955 1507 1010 sapi·
1518 958 1568 990 54

79 1010 283 1052 entissime
303 1011 580 1062 instituerunt,
609 1020 648 1053 et
677 1012 979 1068 religiosissime
1007 1012 1230 1053 coluerunt.
1291 1012 1506 1052 Februario

82 1075 218 1108 autem
238 1082 384 1119 mense,
406 1069 477 1124 qui
500 1077 595 1110 tunc
614 1076 816 1110 extremus
836 1068 934 1109 anni
954 1068 1101 1109 mensis
1121 1075 1223 1118 erat,
1244 1069 1414 1110 mortuis
1428 1078 1507 1123 ραν

80 1123 236 1164 rentari
262 1123 474 1166 voluerunt
491 1143 504 1166 ,·
537 1126 645 1181 quod
671 1133 805 1166 tamen
827 1125 886 1166 D.
904 1125 1076 1176 Brutus,
1103 1132 1148 1165 ut
1177 1124 1372 1178 scriptum
1394 1139 1418 1165 a
1442 1125 1507 1166 Si-

79 1194 202 1220 senna
223 1187 296 1230 est,
319 1181 534 1222 Decembri
541 1182 689 1236 facere
707 1180 875 1222 solebat.
919 1182 1046 1235 Cujus
1065 1195 1134 1237 ego
1155 1181 1213 1221 rei
1234 1195 1397 1221 causam
1418 1196 1508 1221 cam

78 1250 233 1276 mecam
254 1251 491 1292 quoemrem,
508 1238 684 1278 Brutum
703 1236 949 1292 reperiebam
970 1237 1116 1278 idcireo
1137 1251 1161 1277 a
1181 1252 1289 1278 more
1308 1237 1508 1292 majorum

81 1291 317 1341 discessisse,
341 1295 452 1346 (nam
486 1294 696 1335 Sisennam
721 1293 835 1335 video
863 1308 1040 1344 causam,
1064 1309 1134 1334 cur
1154 1293 1187 1334 is
1211 1301 1321 1335 vetus
1341 1293 1509 1335 institu-

82 1355 168 1390 tum
189 1364 265 1390 non
285 1349 471 1401 servarit,
494 1350 694 1407 ignorare.
753 1351 932 1391 Brutum
960 1357 1095 1391 autem
1123 1351 1323 1405 majoram
1343 1350 1508 1391 institu-

84 1411 169 1446 tam
193 1413 338 1448 temere
365 1406 604 1463 tzegleaeissffi
624 1422 703 1448 non
714 1406 777 1463 fit
794 1407 895 1448 mihi
913 1406 1147 1462 verisimile]
1173 1407 1347 1448 doctum
1368 1407 1509 1449 homi-

82 1477 179 1504 nem
216 1477 342 1505 sane:
380 1465 501 1520 cujus
531 1465 612 1505 fuit
641 1464 800 1505 Accius
826 1463 1118 1520 perfamiliaris
1133 1466 1160 1515 z)
1199 1463 1272 1504 sed
1304 1477 1508 1515 mensem,

82 1519 225 1570 credo,
244 1530 480 1562 extremum
509 1520 621 1572 anni,
650 1530 699 1562 ut
727 1528 883 1562 veteres
913 1520 1203 1570 Februarium,
1234 1520 1292 1561 sic
1323 1520 1393 1561 hic
1418 1521 1510 1561 De-

80 1576 293 1617 cembrem
329 1578 595 1632 sequebatur.
655 1583 695 1609 60
710 1577 865 1618 Hostia
891 1586 1033 1618 autem
1067 1577 1248 1617 maxima
1277 1585 1510 1631 parentare,

81 1632 228 1687 pietati
257 1647 345 1674 esse
378 1633 623 1690 adjunctum
656 1634 845 1689 putabat.
903 1635 998 1675 Jam
1029 1642 1145 1674 tanta
1174 1633 1323 1688 religio
1352 1642 1416 1674 est
1446 1649 1511 1674 se·
1525 1635 1591 1681 22

83 1688 344 1743 pulcrorum,
379 1696 415 1721 ⁶1
432 1699 479 1732 ut
505 1700 622 1731 extra
652 1704 784 1742 sacra,
815 1700 858 1731 et
886 1700 1075 1745 gentem,
1095 1690 1235 1731 inferri
1265 1690 1327 1731 fas
1359 1699 1513 1746 negent
1523 1710 1572 1741 55

83 1759 196 1787 esse:
223 1746 348 1801 idque
368 1747 480 1802 apud
502 1747 683 1803 majores
702 1756 868 1787 nostros
889 1748 944 1787 A.
961 1747 1202 1802 Torquatus
1221 1747 1264 1787 in
1282 1756 1410 1802 gente
1432 1748 1512 1788 Po-

83 1801 186 1856 pilia
211 1801 431 1858 judicavit.
490 1804 583 1844 Nec
611 1818 706 1844 vero
736 1812 822 1843 tam
846 1803 1067 1852 denicales,
1090 1818 1183 1859 quae
1203 1817 1227 1843 a
1247 1817 1348 1844 nece
1369 1804 1514 1860 appel-

83 1858 180 1899 latae
220 1869 331 1911 sunt,
370 1867 408 1891 ⁶2
429 1874 512 1915 qua
550 1859 731 1901 resident
770 1859 943 1909 mortui,
984 1874 1111 1914 quam
1149 1870 1387 1901 ceterorum
1426 1875 1514 1901 coe-

85 1913 253 1956 lestium
275 1916 405 1971 quieti
427 1916 530 1967 dies,
550 1916 666 1957 feriae
685 1916 1015 1966 nominarentur,
1037 1916 1113 1956 nisi
1134 1916 1313 1972 majores
1335 1931 1423 1967 eos,
1441 1918 1514 1973 qui

83 1984 135 2012 ex
165 1971 242 2013 hac
271 1973 355 2014 vita
382 1973 647 2028 migrassent,
673 1972 715 2013 in
746 1972 922 2013 deorum
953 1987 1128 2013 numero
1157 1986 1246 2013 esse
1276 1972 1514 2014 voluissent.

85 2041 154 2068 eas
186 2028 228 2069 in
260 2043 332 2070 eos
361 2029 448 2070 dies
477 2030 667 2070 conferre
690 2029 777 2085 jus,
808 2029 961 2084 quibus
983 2036 1021 2060 63
1039 2043 1177 2084 neque
1206 2030 1350 2084 ipsius,
1381 2044 1515 2085 neque

86 2085 268 2139 publicae
285 2085 399 2127 feriae
415 2086 510 2127 sint.
532 2094 706 2141 totaque
722 2084 847 2141 hujus
862 2085 970 2141 juris
990 2085 1245 2141 compositio
1267 2085 1517 2140 pontificalis

86 2155 288 2197 magnam
317 2142 567 2198 religionem
597 2142 967 2197 caerimoniamque
1002 2141 1200 2183 declarat.
1259 2143 1412 2199 Neque
1443 2157 1516 2183 ne-

87 2211 203 2239 cesse
223 2207 287 2241 est
305 2198 476 2248 edisseri
501 2214 525 2240 a
554 2200 692 2251 nobis,
713 2214 807 2256 quae
830 2199 920 2240 finis
940 2198 1119 2240 funestae
1141 2198 1327 2250 familiae,
1347 2206 1386 2231 64
1404 2199 1517 2255 quod

125 2333 162 2363 57
178 2327 275 2367 Super
283 2326 430 2368 dicebant]
441 2327 612 2359 Turnebus
622 2335 653 2358 et
668 2328 780 2358 Lamb.
825 2327 950 2365 corrigit
973 2334 1072 2356 extera
1094 2338 1176 2356 sacra
1190 2339 1200 2356 ι
1222 2328 1328 2367 itaque
1350 2334 1381 2358 et
1402 2328 1435 2358 in
1448 2339 1520 2368 gen-

87 2372 250 2410 corrigunt
271 2371 448 2412 Superiores,
468 2371 618 2411 probante
641 2372 781 2401 Davisio.
826 2378 881 2399 tem
894 2369 993 2400 intell.
1011 2377 1150 2408 exteram,
1164 2371 1222 2401 i.e.
1235 2371 1452 2410 aliam,quam
1466 2372 1518 2401 cui

88 2414 142 2444 Sic
158 2424 186 2444 c.
203 2421 255 2445 πο.
277 2415 310 2445 in
332 2415 442 2444 eadem
465 2424 497 2444 re
518 2422 565 2444 est
578 2414 693 2456 antiqui
707 2414 784 2444 dice·
825 2413 1007 2452 sepulcrum
1033 2420 1193 2444 structum
1219 2421 1276 2444 est.
1306 2424 1384 2444 nam
1412 2414 1520 2444 violati

90 2456 169 2486 bant.
825 2456 961 2496 sepulcri
985 2465 1054 2486 reus
1077 2464 1153 2494 erat,
1175 2457 1232 2496 qui
1255 2458 1386 2487 cadaver
1407 2457 1520 2488 alienae

135 2506 173 2530 ⁵8
196 2499 350 2538 stipulatus
367 2506 408 2529 est
430 2497 570 2539 idipsum]
589 2499 641 2529 Sc.
659 2499 691 2529 in
706 2508 784 2529 ven·
825 2500 926 2538 gentis
939 2499 1096 2529 intulerat.

91 2543 208 2574 ditione
224 2552 278 2582 per
292 2552 333 2573 aes
350 2549 380 2572 et
395 2542 520 2573 libram.
541 2552 572 2572 V.
588 2552 618 2572 c.
634 2549 686 2573 20.
869 2547 908 2573 62
935 2542 1005 2583 quia
1036 2542 1194 2571 residentur
1221 2539 1341 2581 mortui]
1373 2541 1520 2573 Davisius

136 2593 175 2619 59
201 2586 286 2615 Venio
301 2584 386 2623 nunc]
408 2586 487 2615 Haec
511 2595 576 2615 non
598 2591 673 2615 sunt
696 2585 786 2615 Cice·
827 2585 901 2624 legit
926 2596 985 2626 qua
1011 2584 1133 2614 resident
1158 2585 1178 2614 i.
1199 2594 1227 2615 e.
1249 2585 1429 2623 quiescunt.
1463 2585 1518 2615 Ed.

92 2629 190 2665 tonis,
204 2629 259 2659 sed
274 2629 389 2667 partim
411 2638 429 2658 e
451 2629 592 2667 margine
608 2628 670 2658 Ms.
688 2629 782 2664 facta,
826 2628 907 2658 Ven.
926 2635 1014 2660 1494v
1035 2628 1129 2666 plane
1151 2628 1195 2658 sic
1218 2628 1326 2664 habet,
1347 2628 1424 2657 item
1448 2627 1521 2657 Me-

92 2672 207 2711 partim
237 2682 254 2701 e
281 2671 440 2701 Plutarchi
471 2671 592 2702 Quaest.
626 2672 720 2701 Rom.
751 2681 782 2711 p.
826 2671 900 2701 diol.
919 2672 992 2701 Asc.
1008 2672 1112 2710 itaque
1127 2671 1239 2710 recepi.

94 2721 169 2749 272.
872 2719 910 2744 63
935 2725 1023 2754 neque
1037 2713 1138 2753 ipsius]
1154 2714 1205 2744 Sc.
1221 2712 1362 2748 familiae,
1378 2712 1520 2751 adeoque

137 2761 178 2787 60
200 2756 302 2786 Hostia
316 2753 464 2796 maxima]
480 2756 500 2786 i.
513 2766 540 2787 e.
554 2766 624 2786 ove.
646 2766 678 2787 v.
701 2755 785 2786 Scal.
828 2758 958 2797 privatae
972 2756 1067 2786 feriae.

92 2801 132 2833 ad
149 2800 230 2830 Fest.
246 2799 278 2829 in
295 2800 453 2829 maximam
469 2799 598 2828 hostiam.
872 2804 912 2830 64
935 2799 1010 2840 quod
1027 2809 1116 2838 genus
1143 2798 1244 2838 sacrif.
1267 2796 1328 2826 lare
1348 2797 1521 2827 ‘vervecibus

139 2847 175 2874 61
202 2848 235 2872 ut
249 2850 334 2876 extra
348 2853 430 2873 sacra
448 2848 476 2872 et
493 2840 624 2885 gentem]
641 2842 786 2874 Pearcius
818 2841 898 2883 fiat]
928 2842 986 2874 Pro
1017 2841 1078 2871 lare
1104 2841 1276 2872 voluerunt
1304 2840 1406 2881 legere
1430 2840 1520 2878 Lari,
