1844 3202
286 110 364 149 622
810 108 889 148 DE
927 109 1194 147 LEGIBUS

342 217 413 258 Sed
428 218 468 256 de
486 217 591 257 eodem
613 217 793 269 peculiaris
811 227 873 261 cst,
891 219 1069 270 multisque
1087 218 1293 268 argumentis
1310 217 1504 264 confirmata
1523 216 1718 269 disputatio,

340 273 434 321 cujus
453 281 564 310 tamen
577 272 747 323 particula
764 271 934 322 quaedam,
954 273 1069 309 statim
1085 271 1130 308 ab
1147 271 1250 315 initio,
1267 272 1404 309 interiit.
1460 273 1548 309 Eam
1567 271 1718 322 sequitur

340 326 414 363 alia
432 326 558 369 brevis,
577 339 644 376 qua
664 325 819 374 efficitur,
835 327 897 373 jus
925 335 955 361 et
980 338 1071 362 omne
1089 324 1254 362 honestum
1273 339 1336 362 sua
1356 334 1465 375 sponte
1484 338 1549 361 esse
1567 333 1720 375 expeten-

342 379 434 416 dum.
455 392 484 415 c.
505 384 564 416 18.
580 391 648 428 seq.
707 378 880 416 Conclusio
899 378 976 415 libri
992 388 1040 415 est
1059 378 1100 415 de
1117 377 1274 414 laudibus
1289 377 1502 429 philosophia?
1520 387 1550 414 ct
1569 377 1608 414 de
1627 381 1719 414 Aca-

341 432 540 469 demicorum
554 439 702 468 veterum
722 432 1078 483 Peripateticorumque
1093 440 1123 468 ct
1140 431 1322 468 Stoicorum
1336 431 1565 468 controversiis
1583 429 1624 466 de
1643 429 1721 467 bono

344 495 375 522 et
398 485 494 528 malo,
514 485 548 521 in
567 484 685 536 quihus
706 486 816 535 magis
835 484 876 522 de
894 485 1005 522 verbis
1026 498 1126 536 quam
1146 483 1186 521 de
1204 484 1298 522 rebus
1318 485 1496 521 concertari
1508 492 1624 535 putat.

888 580 1131 620 Arrrcus.

253 665 276 711 1
293 638 528 709 LUCUS
563 668 732 724 quidem
755 669 839 719 ille,
859 677 901 710 et
923 669 1012 710 haec
1033 669 1299 724 Arpinatium
1323 684 1500 725 quercus
1527 667 1722 724 agnosci-

263 738 279 770 ι
297 735 377 774 tur,
409 739 519 780 saepe
548 739 573 766 a
603 740 670 765 me
705 725 839 766 lectus
867 726 938 766 ¹in
969 726 1124 767 Mario.
1186 727 1230 766 Si
1259 735 1401 767 manet
1430 726 1501 766 illa
1530 738 1722 781 quercus,

294 781 386 822 haec
417 790 481 822 est
509 782 712 836 profecto.
744 783 896 822 etenim
921 791 983 823 est
1005 795 1102 823 sane
1122 789 1251 823 vetus.
1311 783 1563 838 QulN'rus.
1621 782 1720 821 Ma·

294 846 367 878 net
388 851 499 887 vem,
520 837 664 878 Attice
686 847 842 889 noster,
862 847 905 880 et
935 853 1099 893 semper
1129 838 1328 879 manebit.
1365 847 1382 870 Ξ
1401 846 1491 878 sata
1520 846 1584 878 est
1612 836 1724 878 enim

293 894 480 949 ingenio.
539 893 712 934 Nullius
742 903 881 935 autem
904 895 1100 950 agricolae
1122 894 1239 935 cultu
1259 896 1384 950 stirps
1405 905 1490 935 tam
1514 893 1725 941 diuturna,

295 965 420 1005 quam
444 954 581 1004 poetae
603 964 721 991 versu
740 950 934 991 seminari
954 960 1108 1006 potest.
1158 950 1251 993 Att.
1271 952 1371 1006 Quo
1393 949 1560 991 tandem
1580 949 1725 999 modo,

294 1006 481 1048 Ouinte?
507 1015 579 1046 aut
601 1007 724 1061 quale
743 1014 808 1046 est
827 1007 951 1057 istuc,
972 1005 1087 1063 quod
1111 1012 1249 1062 poetae
1280 1007 1448 1047 ferunt?
1483 1005 1588 1046 mihi
1613 1005 1724 1046 enim

257 1049 459 1111 ssvideris,
486 1062 656 1103 fratrem
687 1061 914 1113 laudando,
938 1069 955 1094 ³
974 1062 1193 1118 suffragari
1219 1062 1311 1103 tibi.
1368 1063 1424 1118 Ω.
1452 1062 1516 1102 Sit
1536 1062 1594 1103 ita
1614 1074 1724 1102 sane.

294 1119 454 1160 Verum
476 1127 631 1169 tamen,
652 1117 755 1159 dum
779 1127 797 1150 ⁴
815 1119 955 1160 latinae
985 1119 1212 1174 loquentur
1240 1118 1407 1168 litterae,
1428 1131 1607 1173 quercus
1628 1116 1725 1158 huic

293 1175 390 1216 loco
413 1189 497 1215 non
518 1174 663 1225 deerit,
680 1190 775 1230 quae
794 1175 989 1217 Mariana
1009 1175 1197 1217 dicatur:
1228 1188 1375 1231 eaque,
1395 1184 1443 1215 ut
1463 1173 1522 1214 ait
1541 1174 1726 1215 Scaevola

294 1231 346 1272 de
368 1231 505 1272 fratris
526 1231 609 1272 mei
630 1231 787 1282 Mario,

405 1310 563 1347 canescet
581 1310 689 1347 saeclis
708 1310 1020 1349 innumerabilibus.

294 1395 393 1436 Nisi
423 1395 532 1436 forte
561 1394 743 1436 Athenae
774 1404 859 1436 tuae
891 1395 1188 1451 sempiternam
1218 1394 1260 1436 in
1290 1408 1383 1436 arce
1414 1393 1551 1435 oleam
1587 1400 1730 1434 tenere

296 1461 542 1506 potuerunt,
563 1460 649 1502 aut,
672 1451 787 1507 quod
809 1452 1065 1493 Homericus
1089 1451 1264 1507 Ulysses
1295 1450 1395 1492 Deli
1424 1465 1468 1491 se
1496 1463 1728 1506 proceram,

297 1517 339 1549 et
368 1517 553 1549 teneram
585 1508 767 1563 palmam
799 1508 947 1549 vidisse
977 1508 1100 1557 dixit,
1115 1507 1241 1549 hodie
1271 1515 1506 1549 monstrant
1523 1506 1727 1548 eandem:

297 1565 514 1620 multaque
542 1564 623 1605 alia
652 1565 797 1606 multis
818 1564 922 1606 locis
943 1564 1101 1606 diutius
1119 1563 1523 1605 commemoratione
1542 1571 1730 1612 manent,

298 1635 426 1676 quam
448 1630 597 1662 natura
617 1630 725 1662 stare
744 1629 986 1676 potuerunt.
1037 1621 1178 1678 Quare
1197 1620 1431 1676 glandifera
1446 1619 1518 1661 illa
1537 1633 1730 1676 quercu8‚

297 1693 347 1718 ex
373 1692 457 1733 qua
478 1677 581 1718 olim
602 1677 780 1719 evolavit

406 1757 541 1794 Nuntia
547 1757 664 1804 fitlva
684 1758 796 1802 Jovis,
817 1756 972 1794 miranda
991 1758 1069 1794 visa
1074 1756 1213 1807 figura,

299 1854 410 1884 nunc
433 1841 487 1882 sit
507 1840 611 1882 haec.
643 1840 716 1882 sed
741 1855 838 1883 cum
859 1854 951 1882 eam
973 1849 1216 1896 tempestas,
1237 1847 1469 1881 vetustasve
1487 1853 1732 1880 consumse-

299 1900 366 1950 rit,
385 1908 526 1940 tamen
547 1898 625 1938 erit
654 1897 720 1939 his
752 1898 796 1939 in
827 1897 930 1939 locis
950 1911 1144 1952 quercus,
1169 1905 1185 1929 ⁵
1201 1910 1329 1952 quam
1352 1895 1590 1937 Marianam
1608 1908 1731 1950 quer-

262 1970 286 2002 3
300 1969 398 1997 cum
419 1964 583 1996 vocent.
642 1954 735 1995 Att.
756 1955 860 1995 Non
879 1953 1030 1994 dubito
1050 1953 1094 1993 id
1114 1952 1283 2009 quidem
1300 1970 1310 1993 ι
1342 1952 1414 1993 sed
1436 1952 1517 1993 hoc
1536 1951 1626 2006 jam
1647 1965 1732 1993 non

255 2017 350 2053 hex
369 2021 426 2062 te,
448 2011 624 2067 Quinte,
642 2024 801 2066 quaer0,
822 2024 963 2051 verum
984 2024 1035 2050 ex
1055 2010 1147 2065 ipso
1166 2013 1306 2064 poeta,
1325 2008 1442 2050 tuine
1463 2021 1604 2048 versus
1623 2006 1734 2049 hanc

299 2082 503 2124 quercum
530 2067 722 2118 severint,
742 2081 794 2107 an
822 2065 881 2107 ita
911 2066 1071 2107 factum
1098 2065 1151 2107 de
1182 2064 1340 2116 Mario,
1361 2072 1409 2106 ut
1427 2063 1588 2114 scribis,
1609 2077 1731 2105 acce-

297 2123 423 2181 peris.
484 2124 717 2164 MARCUS.
749 2122 1029 2178 Respondebo
1056 2121 1135 2163 tibi
1164 2120 1376 2177 equidem,
1402 2119 1478 2162 sed
1507 2133 1592 2162 non
1621 2129 1733 2173 ante,

298 2193 427 2236 quam
453 2179 558 2220 mihi
587 2187 635 2220 tu
665 2179 754 2235 ipse
781 2178 1059 2235 responderis,
1078 2178 1255 2220 Attice:
1279 2184 1414 2218 6num
1444 2191 1530 2218 non
1557 2177 1687 2232 longe
1707 2190 1732 2217 a

298 2236 383 2278 tuis
405 2236 566 2278 aedibus
587 2234 866 2287 inambulans,
887 2245 983 2291 post
1002 2247 1218 2276 excessum
1246 2248 1369 2277 suum
1402 2233 1608 2275 Romulus
1631 2234 1733 2274 Pro-

299 2292 397 2335 culo
416 2292 532 2335 Julio
560 2291 724 2345 dixerit,
741 2296 789 2335 'se
812 2291 945 2335 ¹deum
975 2305 1081 2343 esse,
1112 2299 1155 2333 et
1183 2290 1410 2347 Quirinum
1441 2289 1594 2340 vocari,
1623 2296 1732 2330 tem-

344 2412 358 2436 1
385 2405 416 2436 in
432 2404 552 2447 Mario]
573 2406 731 2437 Ciceronis
754 2407 912 2446 poiimnte,
930 2411 997 2435 me·
1039 2411 1094 2435 est.
1119 2402 1215 2434 male.

298 2456 422 2480 morato
437 2456 468 2480 et
482 2450 520 2480 de
533 2449 643 2481 Divin-
663 2450 689 2487 1,
704 2455 755 2484 47.
772 2449 827 2480 ubi
851 2455 882 2479 et
906 2447 998 2488 parti·
1084 2454 1100 2478 5
1125 2452 1212 2488 quam
1228 2444 1401 2475 Marianam
1416 2457 1445 2486 q.
1462 2441 1580 2483 vocent]
1600 2453 1736 2485 quercum

299 2492 373 2523 cula
389 2494 457 2532 ejus
472 2499 530 2523 est.
1039 2490 1145 2520 aberat
1159 2489 1257 2519 aMs.
1276 2488 1392 2518 Ursini.
1416 2490 1506 2518 bene.
1528 2492 1631 2516 vocent
1653 2493 1734 2516 recte

344 2543 361 2566 2
386 2542 449 2564 sata
472 2542 512 2564 est
539 2532 664 2574 ingenio]
695 2534 797 2565 Poetae
824 2534 996 2573 Ciceronis,
1040 2539 1219 2562 correctum
1235 2542 1252 2561 e
1269 2531 1346 2562 Mss.
1360 2541 1415 2571 pro
1429 2537 1550 2567 vocant,
1566 2536 1602 2560 ut
1616 2529 1738 2559 habent

298 2577 334 2608 in
351 2578 405 2608 illo
420 2579 577 2618 po'e'mate,
596 2577 710 2607 Matio.
1040 2576 1111 2606 edd.
1126 2586 1171 2614 pr.

344 2627 362 2652 3
387 2620 547 2661 suffragari
570 2618 635 2659 tihi]
664 2619 790 2656 Favere,
806 2618 861 2657 qui
882 2626 912 2649 et
933 2619 997 2658 ipse
1085 2623 1102 2647 ὑ
1135 2623 1208 2648 certe
1234 2627 1287 2648 non
1313 2617 1391 2656 longe
1418 2613 1494 2655 &c.]
1521 2614 1654 2645 clarum
1677 2619 1736 2650 est,

302 2666 391 2702 poeta
408 2673 450 2694 es.
475 2665 644 2702 scripserat
661 2662 834 2703 tragoedias,
853 2671 884 2691 v.
900 2662 996 2693 ado.
1040 2668 1106 2691 esse
1134 2661 1422 2701 interrogationem.
1457 2661 1562 2696 itaque
1586 2656 1736 2686 Camera-

305 2703 352 2736 Fr.
372 2707 430 2742 ΙΙΙ,
450 2712 478 2736 6.
498 2708 556 2737 &c.
1040 2705 1102 2734 rius
1118 2704 1289 2744 corrigebat
1302 2709 1376 2733 ceree
1388 2713 1435 2732 ne.
1467 2701 1546 2731 Edd.
1564 2706 1639 2729 vett.
1655 2700 1736 2730 Num

346 2757 363 2779 4
388 2749 489 2778 latinae
506 2749 525 2779 l.
544 2748 664 2787 litterae]
684 2748 735 2778 Sic
753 2748 823 2777 edd.
840 2756 885 2786 pr.
903 2753 993 2777 recte.
1039 2747 1139 2786 longe:
1164 2748 1194 2777 in
1212 2757 1276 2786 quo
1292 2746 1407 2777 excidit
1422 2755 1486 2773 non.
1511 2743 1639 2782 sicergo
1660 2750 1735 2774 ocr-

301 2789 458 2821 Victorius
475 2792 612 2826 induxit,
629 2791 775 2823 Consulto
791 2799 831 2819 an
848 2798 934 2826 casu,
951 2787 995 2818 la·
1040 2791 1125 2820 rexi:
1148 2801 1215 2821 num
1232 2801 1283 2821 non
1298 2790 1378 2829 lange
1394 2785 1451 2818 &ca

304 2833 373 2870 tim,
402 2835 486 2875 quod
517 2836 550 2865 in
576 2834 647 2865 edd.
674 2843 759 2874 seqq.
784 2839 994 2878 propagatum
