1844 3202
255 114 336 157 923
628 105 688 144 M.
720 105 935 143 TULLII
972 105 1309 147 CICERONIS
1358 137 1363 140 -

258 224 307 257 ut
325 213 398 278 qui
417 213 648 265 urinantur,
668 222 741 255 aut
772 213 875 255 nihil
906 228 1120 270 superum,
1147 223 1221 257 aut
1246 216 1424 257 obscure
1451 214 1680 258 admodum

259 285 483 313 cermmus.

315 329 446 369 NON.
476 325 825 381 Perpendiculum.
852 326 908 366 ΙΙ.
928 327 1035 378 718.)
1078 326 1226 391 Atqui,
1260 327 1293 367 si
1329 325 1371 368 id
1406 327 1683 381 crederemus,

260 399 344 424 non
366 398 592 445 egeremus
609 382 930 438 perpendiculiS‚
950 397 1032 422 non
1055 384 1226 433 normis,
1248 398 1331 423 non
1354 384 1524 439 regulis

316 441 447 481 NON.
475 438 661 480 Gallina.
683 440 739 479 ΙΙ.
756 440 863 490 372)
906 437 1017 478 Cum
1037 452 1163 479 ovum
1184 439 1460 494 inspexerant,
1480 456 1575 496 quae
1591 440 1684 496 gal-

260 496 343 538 lina
365 496 607 558 peperisset,
628 494 763 535 dicere
784 493 987 534 solebant.

316 554 448 594 NON.
472 567 514 592 m
537 550 796 591 conciam-‚e
820 550 852 590 Ι.
873 552 980 599 207.)
1023 550 1132 612 Ouae
1157 564 1254 590 cum
1282 551 1551 593 similitudine
1572 552 1684 594 verbi

258 609 511 651 concinnare
534 609 751 660 (concineu
771 622 791 646 e
813 606 919 646 Mss.
943 591 1105 657 Davzs.)
1129 607 1308 646 maxime
1329 608 1408 648 sibi
1429 609 1649 650 videretur.

315 666 549 706 D10MED.
576 664 644 714 (L.
661 663 696 703 Ι.
718 661 790 702 col.
810 670 899 710 373.
920 662 981 702 ed.
1003 661 1187 715 Putsclc.)
1228 663 1369 719 Opera
1387 665 1519 706 affixa.
1542 681 1566 707 α
1593 667 1685 707 Da·

259 721 357 764 visio
377 720 554 777 rqfertur
574 720 628 760 ad
647 720 698 760 L.
722 718 798 759 ΙΙΙ.

494 791 567 833 Ea:
587 790 656 832 lib.
673 791 752 832 ΙΙΙ.
773 790 1122 844 Academicorum,
1145 792 1199 833 ad
1222 792 1452 835 Vanonem.

315 861 448 902 NON.
480 858 729 915 Ingenerari.
760 858 816 899 ΙΙ.
842 861 950 912 417..)
995 861 1044 900 Ι11
1077 869 1193 901 tanta
1220 860 1462 901 animalium
1492 861 1687 903 varietate

259 916 423 958 homini
453 924 501 957 ut
528 894 607 956 5011
635 914 842 971 cupiditas
870 915 1183 971 ingeneraretur
1204 917 1473 994 cognitionis,
1493 927 1535 958 et
1553 918 1688 959 scien-

259 973 346 1014 tiae.

316 1029 450 1070 NON.
477 1027 661 1070 Vindice.
682 1027 753 1069 IV.
769 1029 877 1082 487.)
919 1027 1078 1085 Aliqua
1096 1035 1282 1085 potestas
1304 1029 1337 1071 si
1357 1029 1423 1082 sit,
1445 1029 1624 1071 vindicet
1643 1045 1687 1072 se

259 1085 302 1126 in
323 1085 573 1126 libertatem.

263 1161 265 1163 ·
317 1143 449 1182 NON.
477 1140 734 1197 Digladiari.
757 1141 791 1182 Ι.
812 1141 919 1193 331.)
961 1140 1200 1197 Digladiari
1229 1150 1371 1183 autem
1402 1156 1581 1198 semper,
1612 1143 1688 1183 de-

259 1212 451 1255 pugnare
471 1213 568 1239 cum
591 1197 849 1261 facinorosis,
870 1207 914 1238 et
938 1197 1181 1249 audacibus,
1201 1199 1293 1254 quis
1315 1214 1399 1240 non
1420 1213 1518 1240 cum
1540 1200 1617 1240 niis
1621 1214 1688 1240 er-

261 1256 543 1304 ri111um,tum
564 1254 691 1295 etiam
713 1253 1009 1295 stultissimum
1030 1254 1209 1297 dixerit?

310 1313 450 1375 ‚N0N·
474 1309 666 1351 ..Exsulto
687 1311 720 1351 Ι.
740 1312 847 1363 335.)
889 1312 944 1352 Et
973 1319 1022 1352 ut
1051 1326 1127 1353 nos
1158 1326 1268 1353 nunc
1298 1311 1493 1353 sedemus
1522 1311 1575 1353 ad
1600 1313 1688 1353 Lu-

263 1367 440 1418 crinum,
462 1366 769 1422 pisciculosque
791 1366 1047 1409 exsultantes
1068 1367 1270 1409 videmus.

317 1425 449 1465 NON.
473 1423 515 1464 in
539 1422 743 1464 Gallinoe.
765 1423 822 1464 ΙΙ.
839 1425 947 1477 375.)
987 1424 1074 1481 Qui
1102 1424 1289 1465 Gallinas
1316 1423 1543 1480 permultas
1572 1440 1688 1482 quae-

261 1489 353 1522 stus
373 1495 499 1521 causa
519 1480 629 1521 alere
651 1479 844 1521 solerem.
880 1479 1067 1534 (solerent
1085 1480 1220 1522 Acad.
1242 1482 1300 1522 II.
1327 1482 1402 1534 18.)

318 1538 468 1577 LA.c'r
493 1535 562 1577 lib.
580 1540 618 1577 6.
641 1550 674 1576 c.
692 1539 772 1588 24.)
815 1537 945 1592 Quod
974 1537 1009 1577 si
1040 1536 1200 1587 liceret,
1221 1546 1270 1578 ut
1299 1537 1365 1600 iis,
1384 1537 1456 1593 qui
1480 1537 1522 1578 in
1543 1537 1688 1579 itinere

262 1592 576 1642 deerravissent,
608 1592 667 1633 sic
700 1592 827 1633 vitam
863 1592 1024 1633 deviam
1059 1594 1227 1643 secutis,
1261 1594 1472 1649 corrigere
1507 1607 1688 1636 errorem

258 1649 520 1705 poenitendo,
541 1648 703 1690 facilior
722 1658 833 1690 esset
852 1648 1092 1690 emendatio
1112 1649 1373 1691 temeritatis.

462 1723 536 1764 Ex
557 1722 626 1764 liz.
648 1722 797 1763 incerto
816 1722 1165 1775 Academicorum,
1186 1723 1241 1765 ad
1264 1724 1493 1766 Varrffonem

318 1794 469 1833 LA.c‘r
492 1791 561 1832 lib.
578 1800 617 1832 3.
639 1799 726 1845 cap.
749 1791 827 1843 15.)
865 1789 978 1830 Mihi
1006 1797 1149 1831 autem
1180 1806 1264 1832 non
1289 1790 1418 1833 modo
1446 1792 1499 1833 ad
1525 1793 1688 1849 sapien-

261 1848 364 1890 tiam
390 1849 490 1890 caeci
515 1847 717 1897 videmur,
738 1846 812 1888 sed
832 1846 884 1887 ad
904 1861 953 1887 ea
972 1846 1076 1902 ipsa,
1098 1862 1192 1903 quae
1212 1848 1352 1905 aliqua
1370 1863 1421 1889 ex
1440 1858 1557 1905 parte
1578 1850 1691 1892 cerni

260 1905 491 1956 videantur,
511 1904 685 1945 hebetes
707 1911 750 1944 et
769 1902 924 1944 obtusi.

318 1962 583 2002 MARCIAN.
625 1960 653 2001 Z.
685 1970 722 2001 5.
771 1960 996 2001 FORTUN.
1034 1959 1103 2001 lib.
1132 1961 1187 2014 3.)
1241 1962 1395 2003 Latent
1424 1961 1504 2004 ista
1532 1963 1688 2015 omnia,

260 2018 413 2069 Varro,
432 2017 597 2073 magnis
617 2017 854 2067 obscurata,
873 2026 916 2057 et
935 2015 1189 2059 circumfusa
1207 2018 1402 2059 tenebris.

317 2074 376 2114 D.
397 2075 526 2115 AUG.
551 2072 620 2114 lib.
637 2082 675 2114 3.
701 2073 987 2113 contraAcad.
1010 2088 1041 2114 c.
1061 2075 1115 2126 7.)
1159 2074 1420 2116 Academico
1441 2085 1616 2130 sapienti
1635 2076 1689 2117 ab

261 2130 459 2172 omnibus
489 2138 722 2171 ceterarum
753 2138 976 2181 sectarum,
996 2130 1068 2185 qui
1099 2130 1177 2171 sibi
1207 2131 1410 2186 sapientes
1438 2132 1689 2183 viderentur,

262 2185 457 2228 secundae
488 2195 625 2241 partes
653 2186 818 2235 dantur,
840 2200 937 2226 cum
966 2187 1120 2240 primas
1146 2186 1224 2227 sibi
1244 2202 1453 2243 quemque
1474 2188 1692 2230 vendicare

261 2257 430 2284 necesse
449 2242 514 2283 sit.
545 2257 595 2283 ex
615 2257 700 2297 quo
722 2251 862 2297 potest
881 2242 1153 2297 probabiliter
1173 2243 1335 2294 confici,
1354 2259 1451 2284 eum
1472 2253 1583 2285 recte
1605 2245 1694 2300 pri.-

260 2313 381 2340 mum
402 2313 492 2340 esse
515 2298 681 2363 judicio
700 2314 792 2349 suo,
814 2299 884 2353 qui
903 2299 1092 2339 omnium
1113 2307 1347 2340 ceterorum
1364 2299 1529 2364 judicio
1550 2300 1604 2342 sit
1625 2316 1691 2342 se-

261 2355 440 2396 cundus.
500 2356 532 2396 F
533 2370 581 2396 ac
602 2355 730 2405 enim,
751 2355 863 2395 verbi
884 2369 1023 2405 causa,
1047 2354 1236 2397 Stoicum
1257 2355 1400 2397 adesse
1430 2357 1689 2412 sapientem.

263 2426 361 2453 nam
380 2420 525 2452 contri
540 2426 612 2452 eos
630 2411 896 2466 potissimum
911 2411 1267 2453 Academicorum
1283 2412 1434 2453 exarsit
1450 2413 1690 2468 ingenium.

263 2482 367 2523 ergo
400 2469 532 2518 Zeno,
566 2467 629 2509 vel
666 2467 948 2524 Chrysippus,
980 2467 1014 2508 si
1045 2467 1368 2523 interrogentur,
1400 2469 1501 2525 quid
1533 2469 1588 2510 sit
1622 2485 1689 2511 sa-

263 2525 395 2578 piens,
418 2523 698 2579 respondebit,
720 2538 815 2564 eum
838 2538 944 2573 esse,
964 2537 1089 2579 quem
1111 2524 1198 2579 ipse
1220 2524 1496 2580 descripserit.
1529 2525 1690 2569 Contra

264 2581 486 2636 Epicurus,
522 2580 584 2621 vel
618 2580 710 2634 quis
746 2579 850 2620 alius
891 2579 1221 2622 adversariorum
1259 2581 1445 2636 negabit,
1480 2582 1700 2637 suumque

261 2637 403 2691 potius
443 2636 740 2691 peritissimum
778 2636 1038 2700 voluptatum
1077 2651 1299 2692 aucupem,
1331 2638 1560 2693 sapientem
1598 2653 1690 2680 esse

261 2692 502 2741 contendet.
562 2692 665 2733 Inde
700 2692 753 2733 ad
780 2692 988 2748 jurgium.
1049 2692 1218 2734 Clamat
1252 2695 1383 2744 Zeno,
1420 2704 1462 2735 et
1497 2702 1587 2736 tota
1617 2694 1693 2738 illa.

260 2750 450 2803 porticus
483 2750 779 2799 tumultuatur,
802 2748 1018 2789 hominem
1049 2765 1083 2790 11
1078 2758 1193 2790 itum
1219 2749 1273 2790 ad
1300 2750 1403 2791 nihil
1429 2749 1542 2792 aliud
1562 2765 1688 2806 quam

262 2805 555 2848 honestatem:
576 2806 711 2862 ipsam
731 2820 807 2846 suo
829 2805 1083 2862 splendore
1073 2821 1115 2847 m
1137 2821 1180 2848 se
1201 2806 1362 2850 animos
1385 2806 1552 2861 ducere,
1571 2807 1689 2852 nullo
