1844 3202
248 120 325 160 788
775 116 852 154 DE
889 115 1150 156 OFFICHS

248 222 389 273 fidem,
425 238 519 281 qu‘e
550 223 707 267 infideli
741 224 840 268 data
872 227 953 268 sit:
982 226 1161 278 videant,
1197 241 1249 269 ne
1279 232 1491 283 queratur
1521 223 1684 269 latebra

161 289 232 329 107
246 279 446 335 perjurio.
503 283 580 324 Est
610 292 754 325 autem
783 284 854 339 jus
882 284 1010 325 etiam
1045 284 1261 335 bellicum,
1295 284 1481 339 fidesque
1499 283 1685 348 jurisju-

245 337 363 378 randi
396 353 507 395 saepe
540 354 638 380 cum
671 339 796 381 hoste
832 340 1043 383 servanda.
1102 341 1233 396 Quod
1263 342 1374 382 enim
1407 342 1466 382 ita
1491 340 1685 396 juratum

243 403 323 444 est,
359 404 407 437 ut
440 411 559 436 mens
593 396 837 451 conciperet
872 396 958 437 fieri
994 408 1204 451 oportere,
1238 397 1280 438 id
1314 398 1560 439 56Υκειηάιιιῃ
1596 405 1689 437 est:

243 450 359 505 quod
390 452 536 503 aliter3
567 453 611 494 id
641 454 675 493 si
705 467 789 493 non
820 453 983 503 feceris,
1014 453 1176 494 nullum
1208 461 1271 495 est
1300 455 1544 511 perjurium.
1565 464 1627 503 ut,
1649 452 1685 493 si

242 508 514 562 praedonibus
545 518 714 573 pactum
748 523 824 564 pro
855 510 992 564 capite
1022 510 1203 564 pretium
1234 524 1318 551 non
1345 511 1548 560 attuleris,
1571 509 1688 551 nulla.

244 563 358 605 fraus
387 575 465 615 est,
495 580 547 606 ne
579 566 613 606 si
638 564 806 622 juratus
839 566 1011 622 quidem
1043 566 1086 606 id
1118 581 1201 607 non
1230 567 1391 608 feceris.
1422 582 1519 608 narn
1553 566 1689 622 pirata

245 628 286 654 ³9
302 636 388 662 non
415 631 478 663 est
507 637 558 663 ex
589 622 870 678 perduellium
894 637 1071 664 numero
1093 623 1321 665 definitus:
1354 624 1426 665 sed
1445 623 1686 665 communis

243 676 378 720 hostis
409 680 735 720 01nnium.cuin
768 679 850 721 hoc
882 694 958 720 nec
991 679 1092 720 fides
1122 680 1263 729 debet,
1286 695 1359 721 nec
1383 680 1685 737 J'usJurandum

159 742 232 774 108
245 749 336 776 esse
357 750 600 777 commune.
641 738 744 778 Non
764 737 876 777 enirn
898 735 1083 778 falsum
1066 751 1225 800 Jurare,
1245 736 1455 793 perjurare
1476 746 1563 778 est:
1597 735 1686 785 sed,

244 791 362 848 quod
392 807 442 833 ex
472 793 600 834 animi
631 794 691 835 tui
723 793 929 834 sententia
952 808 1121 858 Juraris,
1147 794 1258 835 sicut
1286 794 1420 836 verbis
1451 794 1689 848 concipitur

243 863 378 946 morcp
384 860 543 900 nostro,
564 849 607 890 id
636 865 719 891 non
748 850 898 901 facere,
922 850 1155 906 perJurium
1183 861 1260 892 est.
1319 851 1433 892 Seite
1461 850 1573 891 enim
1598 851 1688 891 Eu-

244 919 323 960 ripi
357 920 426 946 65.

399 997 499 1045 Jura
501 998 542 1034 τί
558 998 692 1048 lingua,
713 1007 850 1035 mentem
870 998 1058 1046 injuratum
1072 1011 1166 1048 gero.

246 1071 435 1127 Regulus
464 1086 562 1113 xero
593 1086 678 1113 non
709 1071 856 1112 debuit
887 1070 1166 1121 conditiones,
1188 1071 1491 1136 pactionesque
1517 1072 1691 1115 bellicas

245 1138 288 1170 et
319 1129 492 1170 hostiles
523 1129 769 1184 perturbare
800 1128 999 1184 perjurio.
1031 1143 1129 1169 cum
1153 1128 1275 1184 justo
1295 1129 1407 1169 enim
1433 1140 1474 1170 et
1495 1130 1691 1184 legitimo

245 1185 369 1226 hoste
392 1201 457 1227 res
482 1186 736 1241 gerebatur3
768 1185 964 1226 adversus
985 1200 1113 1249 quern
1136 1195 1178 1226 et
1209 1194 1348 1226 totum
1373 1185 1444 1241 J'us
1470 1186 1626 1237 fetiale,
1648 1197 1691 1229 et

139 1258 170 1287 p
186 1253 236 1282 74
249 1242 384 1284 multa
404 1252 501 1283 sunt
524 1242 623 1299 jura
642 1242 900 1283 communia.
922 1242 1038 1298 quod
1061 1258 1102 1282 m
1127 1242 1187 1283 ita
1208 1252 1332 1292 esset,
1351 1257 1581 1298 numquam
1604 1244 1690 1284 cla-

207 1299 319 1340 a’ros
354 1299 462 1340 viros
499 1308 667 1340 senatus
701 1300 861 1339 vinctos
897 1299 1089 1340 hostibus
1127 1299 1368 1340 dedidisset.
1427 1299 1489 1341 At
1523 1301 1692 1341 veroT.

164 1339 468 1407 30Veturius,
503 1365 545 1397 et
581 1358 654 1411 Sp.
689 1356 946 1405 Postumius,
978 1371 1078 1397 cum
1116 1356 1270 1397 iterum
1302 1356 1496 1397 consules
1535 1366 1690 1408 esseut,

161 1414 235 1454 109
249 1413 361 1469 quia,
391 1428 490 1454 cum
520 1414 629 1454 male
659 1421 895 1477 pugnatum
924 1413 1038 1468 apud
1068 1413 1282 1454 Caudium
1304 1423 1428 1463 esset,
1448 1413 1691 1468 legionibus

245 1471 401 1511 nostris
431 1470 510 1511 sub
535 1469 619 1525 jug
622 1485 694 1511 um
725 1469 878 1520 missis,
909 1484 1057 1533 pacem
1087 1485 1185 1510 cum
1208 1470 1468 1511 Samnitibus
1489 1471 1691 1521 fecerant,

245 1527 378 1568 dediti
411 1536 510 1568 sunt
546 1526 636 1568 his.
669 1526 832 1582 injussu
863 1527 977 1567 enim
1013 1527 1161 1582 populi
1196 1536 1449 1582 senatusque
1490 1528 1689 1568 fecerant.

244 1584 482 1639 eodemque
511 1592 702 1638 tempore
731 1583 795 1624 Ti.
819 1583 1060 1632 Numicius,
1090 1585 1146 1639 Q.
1170 1582 1356 1634 Maelius‚
1389 1584 1459 1639 qui
1493 1592 1585 1624 tum
1616 1583 1691 1624 tri-

243 1640 348 1682 buni
369 1640 503 1696 plebis
522 1649 655 1689 erant,
677 1639 793 1694 quod
813 1654 961 1680 eorum
982 1640 1235 1681 auctoritate
1256 1654 1338 1694 pax
1357 1650 1446 1680 erat
1468 1641 1592 1690 facta,
1615 1640 1689 1684 de-

244 1696 322 1738 diti
350 1705 462 1747 sunt,
482 1705 531 1738 ut
554 1711 636 1752 pax
667 1696 919 1737 Samnitium
941 1696 1246 1751 repudiaretur.
1305 1697 1451 1752 Atque
1471 1696 1597 1753 hujus
1616 1697 1691 1747 def

247 1754 449 1795 ditionis
440 1768 529 1809 1pse
559 1753 816 1803 Postumius,
838 1753 910 1817 qui
931 1753 1180 1802 dedebatur,
1202 1767 1348 1794 suasor
1367 1762 1409 1794 et
1431 1763 1578 1794 auctor
1597 1754 1693 1795 fuit.

246 1820 288 1843 ⁴0
304 1811 420 1875 quod
449 1811 560 1851 idem
593 1810 738 1851 multis
768 1810 886 1850 aunis
917 1820 1014 1865 post
1046 1809 1098 1851 C.
1120 1810 1379 1852 Mancinus.
1412 1811 1502 1866 qui,
1521 1820 1570 1852 ut
1595 1812 1691 1852 Nu-

246 1868 461 1917 mantinis,
492 1866 747 1923 quibuscum
774 1867 862 1908 sine
889 1876 1056 1908 senatus
1088 1867 1339 1908 auctoritate
1361 1867 1500 1908 foedus
1521 1867 1691 1918 fecerat,

247 1924 487 1975 dederetur,
510 1924 778 1980 rogationem
798 1924 927 1964 suasit
947 1938 1056 1975 eam,
1078 1939 1206 1979 quam
1227 1925 1277 1965 L.
1300 1924 1450 1965 Furius
1470 1932 1512 1965 et
1533 1925 1575 1964 S.
1592 1924 1690 1965 Ati-

247 1983 328 2024 lius
348 1997 398 2023 ex
422 1991 592 2024 senatus
616 1980 812 2022 consulto
838 1981 1055 2021 ferebant:
1088 1996 1171 2036 qua
1197 1989 1387 2035 accepta,
1407 1989 1471 2021 est
1498 1981 1692 2021 hostibus

248 2038 430 2080 deditus.
489 2038 725 2079 Honestius
756 2037 840 2087 hic,
871 2052 1000 2092 quarn
1031 2038 1086 2094 Ω.
1116 2037 1356 2093 Pompeius,
1386 2051 1487 2093 quo,
1519 2052 1617 2078 cum
1648 2037 1691 2079 in

247 2095 395 2136 eadem
430 2109 556 2136 causa
586 2103 711 2144 esset,
742 2093 1008 2149 deprecante,
1040 2103 1215 2149 accepta
1244 2094 1309 2134 lex
1333 2109 1418 2135 non
1437 2103 1515 2135 est.
1535 2093 1604 2135 hic
1626 2109 1692 2145 ea,

249 2168 345 2208 quae
367 2152 587 2193 videbatur
607 2126 780 2199 utili'tas,
804 2151 898 2215 plus
920 2151 1062 2202 valuit,
1082 2166 1209 2206 quam
1231 2150 1458 2191 honestas·
1489 2151 1602 2206 apud
1621 2166 1692 2192 su·
1728 2172 1733 2177 ·

249 2209 448 2265 periores,
484 2207 678 2249 utilitatis
718 2208 878 2264 species
913 2207 1031 2257 falsa,
1071 2209 1125 2248 ab
1167 2207 1400 2249 honestatis
1440 2208 1694 2249 auctoritate

162 2271 240 2303 110
252 2275 448 2322 superata
472 2274 549 2306 est.
608 2265 670 2306 At
697 2279 782 2306 non
816 2264 964 2305 debuit
993 2273 1132 2306 ratum
1160 2279 1263 2314 esse,
1287 2264 1400 2320 quod
1428 2273 1517 2305 erat
1548 2274 1692 2306 actum

250 2337 324 2379 per
344 2322 636 2378 vim.(5·1asi
656 2337 753 2363 vero
775 2322 874 2362 forti
894 2321 980 2363 viro
1000 2322 1058 2363 vis
1080 2322 1214 2377 possit
1234 2321 1438 2362 adhiberi.
1500 2321 1618 2362 Cur
1609 2322 1692 2377 1gi-

250 2390 320 2420 tur
346 2379 400 2420 ad
428 2389 619 2420 senatum
646 2378 1001 2433 proficiscebatur,
1037 2393 1134 2419 cum
1167 2378 1398 2434 praesertim
1433 2377 1484 2418 de
1518 2379 1693 2433 captivis

250 2437 515 2477 dissuasurus
542 2437 682 2476 esset?
716 2435 844 2491 Quod
868 2435 1098 2476 maximum
1129 2435 1169 2475 in
1201 2449 1253 2475 6ο
1283 2444 1362 2485 est,
1393 2434 1435 2475 id
1467 2434 1691 2490 reprehen-

250 2493 363 2534 ditis.
386 2507 469 2534 non
500 2492 611 2533 enim
643 2507 720 2532 suo
719 2479 910 2548 judicio
941 2492 1072 2556 stetit,
1103 2491 1176 2532 sed
1208 2492 1393 2547 suscepit
1422 2506 1610 2543 causam,
1643 2500 1691 2533 ut

250 2559 361 2592 esset
383 2549 596 2606 judicium
627 2559 820 2590 senatus:
850 2549 918 2590 cui
950 2549 1027 2590 nisi
1058 2548 1147 2604 ipse
1178 2558 1326 2589 auctor
1356 2548 1518 2600 fuisset,
1539 2549 1692 2605 captivi

295 2692 336 2719 39
360 2695 412 2714 non
423 2692 463 2715 επ
479 2691 557 2724 exp.
571 2696 684 2714 numero
695 2682 847 2725 dfim'rus]
863 2685 951 2714 Grae-
994 2685 1146 2715 omnibus
1161 2692 1219 2721 est,
1235 2686 1353 2716 servavi
1371 2693 1400 2716 et
1417 2686 1490 2726 ipse.
1537 2685 1600 2715 Ms.
1618 2685 1695 2717 Cur.

249 2730 320 2759 vius
350 2728 466 2759 delevit
494 2740 541 2764 ex,
570 2728 702 2758 restituit
732 2727 887 2758 Pearcius.
916 2738 952 2757 u·
996 2728 1146 2758 habetin.
1194 2729 1378 2768 Utrumque
1394 2729 1480 2759 abest
1497 2729 1558 2759 Ms.
1574 2729 1673 2759 Goth.

251 2779 401 2811 itumque
424 2779 505 2801 recte
528 2772 644 2802 dicitur
664 2781 720 2811 pro
743 2781 808 2801 non
837 2771 951 2813 defini·
1037 2779 1078 2802 4ο
1101 2771 1176 2812 quod
1196 2771 1289 2815 idem]
1309 2773 1370 2803 Int.
1388 2772 1471 2803 fecit.
1487 2782 1542 2812 pro
1559 2771 1631 2801 idem
1646 2772 1695 2802 le-

251 2821 322 2844 tum
344 2822 401 2851 est,
426 2824 503 2845 cum
527 2824 592 2845 esse
619 2825 659 2844 ex
684 2814 732 2844 vel
759 2815 790 2844 in
814 2810 950 2844 numero
993 2815 1092 2854 gerim
1108 2814 1143 2843 it
1142 2825 1188 2845 ·.m

250 2837 476 2897 perduellium.
499 2859 616 2898 itaque,
640 2858 717 2898 quia
742 2869 778 2887 ex
803 2858 836 2888 in
864 2857 950 2888 libris
