1844 3202
578 133 657 172 DE
691 131 1066 173 SENECTUTE.
1458 143 1537 177 805

115 248 202 285 tam
222 241 453 293 inimicum,
473 254 597 297 quam
620 239 893 296 voluptatem.
952 240 1046 281 Nec
1074 238 1186 281 enim
1205 239 1377 284 libidine
1397 243 1595 286 domi-41

117 308 241 341 nante
262 296 544 355 temperantiae
566 296 709 338 locum
730 310 848 347 esse3
882 310 1018 352 neque
1048 296 1221 338 omnino
1246 297 1287 337 in
1312 299 1536 355 voluptatis

114 369 248 410 regno
275 356 468 397 virtutem
500 367 621 408 posse
651 353 891 394 consistere.
935 351 1050 408 quod
1079 368 1164 408 quo
1194 353 1329 408 magis
1359 355 1538 412 intelligi

144 420 279 462 osset;
311 412 465 465 fingere
490 409 630 450 animo
654 409 848 466 jubebat,
867 418 983 450 tanta
1009 409 1229 451 incitatum
1261 410 1442 465 aliquem
1463 427 1538 452 vo-

131 476 276 522 uptate
295 466 494 521 corporis,
516 474 672 521 quanta
690 466 849 521 percipi
870 476 1013 521 posset
1032 467 1227 507 maxima.
1258 466 1413 507 nemini
1440 481 1540 508 cen-

111 523 230 564 sebat
260 523 349 563 fore
377 522 569 572 dubium,
589 523 690 579 quin
710 529 750 555 ³⁶
766 523 941 574 tamdiu,
966 522 1068 564 dum
1098 522 1157 564 ita
1184 522 1403 578 gauderet,
1433 523 1539 565 nihil

111 579 271 634 agitare
289 589 446 631 mente,
466 579 572 620 nihil
599 580 772 630 ratione,
794 579 895 620 nihil
921 579 1180 635 cogitatione
1208 580 1407 635 consequi
1436 594 1535 635 pos·
1547 590 1582 622 b.

110 644 188 677 set.
219 635 416 691 quocirca
445 635 547 676 nihil
577 650 666 677 esse
687 644 774 677 tam
801 635 1064 687 detestabile,
1084 645 1256 693 tamque
1275 636 1539 691 pestiferum,

111 706 240 747 quam
261 691 517 748 voluptatem
534 709 543 732 τ
576 693 610 734 si
631 692 800 748 quidem
821 707 883 743 ea,
900 707 998 733 cum
1018 691 1155 747 major
1175 702 1283 734 esset
1303 702 1429 748 atque
1446 693 1540 734 lon-

110 747 222 802 gior,
243 762 367 789 omne
387 749 515 790 animi
534 749 677 790 lumen
703 748 1002 804 exstingueret.
1061 750 1170 790 Haec
1191 764 1286 790 cum
1313 749 1364 790 C.
1390 750 1541 791 Pontio

111 804 314 855 Samnite,
334 814 451 860 patre
479 806 584 861 ejus,
607 819 632 846 a
657 820 757 861 quo,
781 804 974 845 Caudino
1006 805 1152 860 praelio
1183 807 1255 861 Sp.
1285 807 1542 857 Postumius,

109 860 160 901 T.
194 861 409 912 Veturius,
448 861 656 912 eonsules,
693 861 878 917 superati
916 870 1027 913 sunt,
1060 862 1249 904 locutum
1283 862 1539 919 Archytam,

109 917 333 959 Nearchus
361 917 627 968 Tarentinus,
651 918 804 974 hospes
835 927 990 969 noster,
1018 919 1090 974 qui
1119 918 1161 959 in
1189 919 1373 960 amicitia
1393 919 1541 974 populi

111 973 290 1015 Romani
311 983 608 1029 permanserat,
629 989 672 1015 se
701 989 725 1015 a
754 974 984 1031 majoribus
1005 984 1105 1016 natu
1127 976 1338 1030 accepisse
1358 975 1540 1026 dicebat,

109 1043 208 1070 cum
229 1030 399 1085 quidem
420 1031 459 1071 ei
479 1031 660 1071 sermoni
679 1031 937 1076 interfuisset
959 1031 1078 1072 Plato
1098 1032 1389 1073 Atheniensis:
1411 1047 1540 1087 quem

108 1086 337 1127 Tarentum
370 1086 543 1138 venisse,
576 1088 626 1128 L.
663 1087 860 1137 Camillo,
891 1088 1034 1142 Appio
1068 1087 1250 1130 Claudio
1280 1089 1539 1140 consulibus,

110 1143 286 1197 reperio.
325 1144 539 1198 Quorsum
562 1143 653 1184 haec
672 1145 685 1184 ?
717 1152 765 1184 ut
784 1144 1043 1198 intelligatis,
1063 1145 1098 1185 si
1118 1145 1373 1200 voluptatem
1396 1159 1537 1199 asper·
1549 1158 1602 1193 42

108 1199 198 1239 nari
228 1199 388 1240 ratione
417 1209 461 1240 et
488 1200 692 1255 sapientia
720 1214 802 1240 non
825 1215 1062 1255 possemus,
1082 1216 1278 1256 magnam
1301 1201 1538 1243 habendam

110 1255 316 1296 senectuti
345 1256 541 1310 gratiam,
577 1271 673 1311 quae
708 1257 902 1308 efficeret,
937 1267 984 1298 ut
1023 1257 1067 1297 id
1105 1272 1189 1298 non
1223 1258 1388 1309 liberet,
1423 1258 1541 1314 quod

110 1325 195 1352 non
232 1320 458 1366 oporteret.
527 1312 710 1368 Impedit
744 1313 855 1353 enim
892 1313 1115 1354 consilium
1151 1314 1356 1369 voluptaS,
1388 1315 1542 1356 rationi

109 1367 304 1409 inimica:
344 1383 392 1410 ae
423 1369 575 1410 mentis
612 1371 676 1421 (ut
705 1369 765 1410 ita
793 1369 948 1422 dicam)
981 1370 1238 1425 praestringit
1268 1371 1431 1420 oculos,
1461 1385 1543 1412 nec

109 1423 238 1465 habet
276 1425 411 1466 ullum
448 1440 545 1466 cum
586 1426 737 1467 virtute
773 1427 1092 1468 commercium.
1171 1427 1330 1468 Invitus
1369 1427 1542 1483 quidem

110 1480 192 1521 feci
223 1490 271 1523 ut
299 1481 514 1523 fortissimi
544 1482 616 1522 viri
645 1483 694 1523 T.
725 1482 945 1523 Flaminini
975 1483 1145 1524 fratrem
1176 1485 1227 1524 L.
1259 1484 1543 1525 Flamininum

109 1553 134 1579 e
154 1547 300 1581 senatu
328 1538 539 1594 ejicerem,
560 1546 718 1594 septem
749 1539 867 1579 annis
897 1547 1008 1594 post,
1037 1555 1165 1595 quam
1192 1540 1342 1581 consul
1368 1541 1515 1582 fuisset
1531 1556 1544 1581 z

111 1595 186 1636 sed
213 1595 442 1636 notandam
469 1595 611 1650 putavi
641 1594 876 1636 libidinem.
937 1595 1014 1636 Ille
1041 1596 1153 1636 enim
1181 1611 1279 1637 cum
1310 1605 1421 1638 esset
1439 1611 1545 1637 con-

112 1652 192 1702 sul,
220 1652 262 1692 in
295 1651 434 1692 Gallia
466 1660 660 1692 exoratus
693 1652 737 1692 in
769 1651 958 1692 convivio
992 1666 1017 1692 a
1047 1660 1187 1694 scorto
1221 1661 1299 1703 est,
1329 1663 1378 1695 ut
1409 1653 1546 1694 securi

111 1708 254 1749 feriret
285 1707 466 1763 aliquem
501 1722 663 1758 eorum,
695 1707 769 1764 qui
803 1707 845 1748 in
881 1707 1056 1749 vinculis
1088 1718 1228 1750 essent
1262 1709 1450 1750 damnati
1485 1709 1546 1750 rei

111 1765 314 1819 capitaliS.
345 1764 414 1805 hic
443 1764 557 1815 Tito,
582 1764 709 1804 fratre
739 1778 832 1815 suo,
861 1778 1049 1814 censore,
1083 1766 1171 1820 (qui
1200 1766 1418 1821 proximus
1447 1773 1547 1806 ante

111 1834 182 1862 me
201 1820 351 1872 fuerat)
375 1820 541 1875 elapsus
561 1829 650 1861 est:
683 1820 788 1861 mihi
807 1835 917 1871 vero,
937 1828 980 1861 et
1005 1821 1155 1862 Flacco
1177 1822 1422 1878 neutiquam
1443 1835 1545 1877 pro·

110 1877 201 1918 bari
229 1877 368 1932 potuit
398 1886 485 1918 tam
516 1877 740 1931 flagitiosa,
763 1885 805 1917 et
835 1886 921 1917 tam
952 1878 1115 1932 perdita
1142 1878 1288 1928 libido,
1319 1894 1414 1934 quae
1444 1892 1540 1919 cum

111 1933 269 1989 probro
300 1933 460 1987 privato
490 1933 769 1988 conjungeret
800 1933 964 1989 imperii
997 1934 1196 1975 dedecus.
1255 1936 1375 1990 Saepe
1405 1934 1625 1983 audivilss

111 2005 137 2031 a
157 1990 386 2051 majoribus
407 1999 523 2040 natu,
545 1989 617 2045 qui
647 2004 692 2030 se
720 2004 846 2045 porro
873 2004 1028 2045 pueros
1055 2006 1079 2031 a
1104 1991 1273 2032 senibus
1294 1991 1459 2032 audisse
1479 1991 1544 2032 di·
1554 2009 1605 2041 43

113 2047 289 2095 cebant3
320 2046 462 2087 mirari
491 2046 663 2087 solitum
695 2046 748 2086 C.
779 2047 1030 2097 Fabricium,
1062 2047 1177 2102 quod
1206 2062 1305 2088 cum
1335 2048 1449 2103 apud
1478 2062 1545 2089 re-

112 2117 213 2158 gem
236 2102 443 2158 Pyrrhum
463 2101 629 2158 legatus
648 2111 772 2154 esset,
794 2103 980 2144 audisset
1009 2118 1034 2144 a
1061 2103 1264 2145 Thessalo
1287 2104 1434 2154 Cinea,
1453 2118 1544 2145 esse
1555 2120 1585 2150 p.
1601 2116 1652 2141 86-

112 2159 323 2214 quendam
357 2158 552 2209 Athenis,
586 2159 659 2215 qui
689 2174 733 2200 se
769 2159 998 2214 sapientem
1030 2161 1325 2216 profiteretur:
1364 2162 1586 2216 eumquea·

115 2216 266 2266 dicere,
303 2215 459 2266 omnia,
499 2230 593 2271 quae
632 2217 880 2266 faceremus,
918 2216 973 2257 ad
1008 2217 1268 2272 voluptatem
1306 2231 1398 2258 esse
1437 2217 1547 2258 refe-

115 2271 256 2313 renda.
300 2271 416 2328 quod
444 2286 495 2313 ex
525 2286 576 2313 eo
606 2272 837 2323 audientes,
867 2273 948 2314 M?
998 2273 1176 2315 Curium
1211 2282 1254 2315 et
1287 2274 1353 2314 Ti.
1377 2273 1547 2315 Corun-

115 2328 280 2369 canium
302 2338 447 2384 optare
467 2328 630 2378 solitos,
649 2337 698 2369 ut
723 2329 767 2370 id
793 2329 1067 2380 Samnitibus,
1086 2329 1250 2385 ipsique
1272 2329 1432 2386 Pyrrho
1451 2345 1546 2385 per-

117 2383 389 2426 suaderetur:
422 2400 508 2440 quo
537 2385 699 2426 facilius
733 2385 839 2427 vinci
866 2394 1052 2440 possent,
1073 2400 1172 2427 cum
1198 2401 1242 2427 se
1261 2386 1547 2442 voluptatibus

117 2439 343 2482 dedissent.
399 2442 574 2483 Vixerat
608 2443 688 2482 M?
730 2442 884 2483 Curius
915 2457 1013 2484 cum
1051 2443 1095 2484 Ρ.
1130 2443 1283 2494 Decio,
1314 2443 1387 2499 qui
1422 2443 1547 2498 quin·

116 2496 301 2552 quennio
325 2506 423 2538 ante
448 2510 546 2540 cum
574 2498 791 2540 consulem
814 2513 859 2539 se
883 2513 960 2554 pro
985 2499 1202 2555 republica
1221 2509 1372 2555 quarto
1392 2514 1547 2540 consu-

116 2553 207 2594 latu
239 2552 472 2595 devoverat.
529 2555 669 2596 Norat
697 2555 878 2597 eundem
915 2556 1144 2607 Fabricius,
1178 2565 1299 2598 norat
1327 2555 1547 2596 Corunca-

118 2609 237 2651 nius:
270 2610 342 2665 qui
364 2623 458 2650 cum
485 2624 536 2651 ex
561 2625 636 2652 sua
656 2611 752 2662 vita,
773 2621 862 2653 tum
895 2626 946 2653 ex
974 2613 1080 2668 ejus,
1103 2627 1230 2670 quem
1261 2612 1373 2662 dico,
1396 2613 1440 2652 P.
1458 2613 1550 2652 De·

118 2666 174 2707 cii
203 2666 330 2718 facto,
354 2666 616 2722 judicabant,
644 2682 734 2710 esse
763 2669 1145 2725 profecto‘aliquid
1175 2677 1323 2710 natura
1351 2667 1547 2723 pulcrum

161 2770 202 2802 36
226 2766 349 2803 tamdiu,
373 2767 439 2795 dum
461 2766 504 2794 ita
523 2765 678 2807 gauderet]
700 2767 812 2802 tamdia
854 2774 972 2806 quente
995 2768 1077 2806 dum,
1099 2769 1152 2799 sed
1178 2768 1358 2807 interposito
1383 2767 1490 2802 verbo,
1513 2773 1552 2797 ut

118 2818 242 2848 semper
267 2811 373 2848 putavi
401 2809 573 2839 delendum
597 2815 673 2840 nam
701 2817 748 2840 est
779 2811 811 2841 in
854 2810 919 2840 Off.
950 2811 994 2849 11,
1028 2817 1077 2843 1‘2.
1115 2810 1227 2841 tamdiu
1265 2808 1444 2847 laudabitur,
1481 2809 1549 2839 dum

116 2852 195 2882 dum.
234 2852 287 2883 Est
309 2852 439 2892 quidem
463 2859 492 2882 et
515 2851 588 2882 alibi
611 2853 745 2890 tamdiu,
763 2863 814 2884 se·
855 2856 914 2884 ἃς.
