1844 3202
567 124 741 161 LrssER
766 121 1041 161 TERTIUS.
1438 128 1516 173 677

94 233 255 290 judicia
287 233 463 276 dantur:
489 230 664 288 judicia,
689 238 737 272 ut
764 239 874 271 esset
904 230 1051 285 populi
1078 239 1280 285 potestas»,
1307 232 1359 274 ad
1389 248 1515 289 quam

97 301 418 346 provocaretur:
464 287 662 343 auspicia,
691 296 739 328 ut
768 285 924 328 multos
953 286 1119 327 inutiles
1149 288 1389 330 comitiatus
1419 305 1518 345 pro-

98 347 256 387 babiles
289 344 536 401 impedirent
568 359 723 384 morae:
755 357 865 398 saepc
896 343 1007 383 enim
1041 343 1186 398 populi
1218 343 1422 398 impetum
1455 348 1517 387 in-

90 403 269 458 justum,
307 400 500 456 auspiciis
540 400 596 441 dii
637 399 894 440 immortales
933 410 1229 454 represserunt.
1289 408 1328 432 3⁵
1352 403 1413 442 Ex
1455 402 1518 443 his

94 467 250 508 autem,
285 458 357 513 qui
396 457 686 512 magistratum
724 464 938 511 ceperunt,
969 455 1083 511 quod
1123 467 1289 497 senatus
1327 458 1518 510 efficitur,

95 514 338 569 popularem
369 528 466 554 sane
496 513 704 554 nerninem
735 513 775 553 in
806 526 1017 552 summum
1050 513 1206 560 locum,
1235 513 1312 553 nisi
1341 528 1414 568 per
1439 529 1516 569 po-

94 569 255 624 pulum,
275 571 425 619 venire,
447 575 487 601 3⁶
505 569 668 610 sublata
694 568 961 623 cooptatione
987 568 1187 610 censoria.
1248 570 1332 610 Sed
1362 580 1516 625 praesto

92 635 156 666 est
184 626 307 682 hujus
329 627 413 668 vitii
440 626 700 681 temperatio,
729 624 842 680 quod
874 634 1040 665 senatus
1072 625 1168 680 lege
1199 636 1340 667 nostra
1367 627 1517 667 confir-

94 691 232 723 matur
251 684 490 724 auctoritas.
550 682 747 738 Sequitur
770 681 880 721 enim
898 698 906 722 :
939 689 976 717 ³7
994 682 1078 735 ejus
1096 683 1253 723 decreta
1271 689 1365 723 rata
1385 690 1513 725 sunto.
1528 694 1577 726 28

93 739 206 778 Nam
228 738 286 779 ita
306 754 348 780 sc
369 754 431 780 res
453 739 592 788 habet,
615 748 674 788 ut,
695 739 727 778 si
747 746 928 787 senatuS,
949 737 1142 779 dominus
1169 739 1221 780 sit
1240 739 1398 794 publici
1415 754 1518 780 con-

95 793 188 844 silii,
222 795 420 851 quodque
447 795 479 836 is
507 794 694 844 creverit,
727 793 951 834 defendant
978 808 1150 835 omnes:
1192 805 1249 845 et,
1286 796 1319 836 si
1349 796 1515 838 ordines

93 850 254 906 reliqui,
275 852 472 908 principis
494 851 648 892 ordinis
668 850 844 891 consilio
870 850 1171 906 rempublicam
1201 852 1426 907 gubernari
1446 868 1514 893 ve-

92 905 183 957 lint,
211 908 356 962 possit,
385 923 436 949 ex
461 907 762 962 temperatione
785 906 907 962 juri8‚
927 921 1024 947 cnm
1055 917 1239 962 potestas
1267 908 1307 949 in
1338 910 1512 964 populo,
1527 926 1643 957 p.190.

91 964 316 1005 auctoritas
337 965 379 1005 in
399 974 543 1005 senatu
563 963 630 1013 sit,
650 964 778 1004 teneri
797 963 867 1003 ille
887 963 1128 1004 moderatus
1148 973 1189 1004 ct
1209 979 1385 1006 concors
1412 966 1511 1007 civi·
1524 971 1553 993 ²¹·

89 1019 185 1060 tatis
203 1029 349 1070 status,
370 1020 598 1076 praesertim
619 1019 653 1060 si
673 1020 872 1074 proximae
892 1019 974 1074 legi
996 1020 1221 1075 parebitur.
1280 1023 1392 1062 Nam
1415 1037 1513 1078 pro-

93 1075 253 1116 ximum
283 1086 359 1118 est.
420 1078 457 1117 [ς
485 1077 575 1117 ordo
607 1076 702 1116 vitio
735 1083 879 1125 carew,
910 1076 1048 1117 ceteris
1076 1077 1274 1130 specimen
1302 1086 1396 1119 esto.
1455 1080 1511 1135 Q.

93 1132 293 1174 Praeclara
312 1148 421 1184 vero,
442 1134 580 1182 frater,
602 1134 681 1174 ista
701 1132 767 1173 lex
796 1142 872 1181 est,
901 1141 943 1172 et
971 1132 1054 1173 late
1085 1142 1216 1187 patet,
1245 1139 1292 1174 u!
1314 1135 1412 1175 vitio
1443 1149 1513 1176 ca-

93 1198 179 1229 reat
217 1189 336 1238 ordo,
375 1200 417 1229 et
455 1197 493 1221 ³³8
510 1203 724 1229 censorem
765 1197 925 1243 quaerat
964 1189 1245 1244 interpretem.
1303 1191 1397 1231 Att.
1437 1191 1578 1244 Ille29

91 1258 201 1293 vero,
232 1245 309 1286 etsi
341 1256 404 1286 est
435 1253 551 1286 totus
587 1254 683 1285 tuus
716 1244 836 1293 ordo,
866 1245 1232 1302 gratissimamque
1265 1247 1513 1289 memoriam

89 1300 239 1342 retinet
258 1301 497 1342 consulatus
517 1301 592 1350 tui,
614 1314 716 1355 pace
738 1310 811 1341 tua
836 1300 1024 1352 dixerim,
1047 1316 1129 1342 non
1156 1303 1286 1343 modo
1307 1318 1514 1355 censores,

90 1356 163 1397 sed
183 1357 309 1399 etiam
331 1357 496 1413 judices
519 1372 662 1398 omnes
683 1366 822 1412 potest
843 1357 1088 1412 defatigare.
1149 1360 1214 1399 M.
1237 1360 1398 1401 Omitte
1419 1361 1513 1411 ista,
1534 1363 1595 1410 13

89 1412 247 1454 Attice.
275 1429 357 1455 non
379 1414 491 1454 enim
516 1414 568 1454 de
596 1413 677 1454 hoc
705 1422 864 1464 senatu,
885 1428 961 1454 nec
991 1414 1054 1454 his
1082 1414 1134 1454 de
1165 1415 1421 1467 hominibus,
1442 1419 1514 1473 qui

90 1483 201 1510 nunc
227 1480 338 1521 sunt,
359 1471 430 1511 sed
460 1471 512 1511 de
539 1470 703 1519 futuris,
723 1470 756 1510 si
776 1470 848 1525 qui
868 1470 977 1511 forte
1001 1469 1065 1511 his
1089 1470 1256 1526 legibus
1276 1487 1420 1527 parere
1440 1489 1513 1515 vo-

87 1524 252 1577 luerint,
286 1527 375 1568 haec
409 1527 586 1568 habetur
618 1526 765 1567 oratio.
824 1528 938 1568 Nam
970 1541 1066 1568 cum
1102 1528 1217 1568 omni
1246 1529 1344 1570 vitio
1374 1545 1515 1572 carere

87 1580 155 1622 lex
181 1583 345 1638 jubeat,
385 1591 491 1624 39116:
521 1584 655 1624 veniet
686 1582 851 1638 quidem
881 1583 923 1623 in
953 1598 1050 1625 eum
1085 1584 1274 1625 ordinem
1308 1601 1513 1642 umquam

87 1638 174 1679 vitii
195 1640 414 1695 particeps.
475 1640 523 1681 Id
551 1650 693 1680 autem
721 1639 886 1680 difficile
913 1640 1029 1680 factu
1053 1650 1130 1689 est,
1157 1641 1233 1682 nisi
1261 1641 1512 1684 educatione

88 1695 267 1749 quadam
305 1706 346 1737 et
380 1696 620 1751 disciplina:
651 1695 703 1736 de
739 1711 820 1751 qua
851 1695 1036 1736 dicemus
1066 1696 1223 1752 aliquid
1255 1699 1444 1751 fortasse,
1478 1700 1512 1741 si

87 1751 189 1805 quid
209 1753 335 1793 fuerit
354 1753 451 1803 loci,
471 1763 544 1794 aut
563 1753 778 1807 temporis.
835 1753 929 1793 Att.
959 1754 1099 1794 Locus
1120 1763 1232 1794 certe
1253 1770 1336 1796 non
1364 1756 1510 1807 deerit,
1523 1769 1575 1801 30

87 1808 286 1862 quoniam
309 1819 424 1849 tenes
446 1809 633 1850 ordinem
654 1809 798 1863 legum
818 1826 826 1849 :
858 1818 1024 1864 tempus
1046 1824 1141 1850 vero
1170 1810 1347 1866 largitur
1371 1812 1512 1868 longi-

86 1864 193 1905 tudo
229 1865 324 1905 diei.
384 1866 478 1920 Ego
511 1876 668 1915 autem,
700 1865 863 1905 etiarnsi
899 1865 1161 1920 praeterieris,
1195 1877 1380 1922 repetam
1415 1884 1440 1910 a
1471 1879 1512 1911 te

87 1919 212 1961 istum
235 1921 286 1962 de
306 1921 555 1962 educatione
575 1931 617 1962 et
636 1921 689 1962 de
711 1920 927 1976 disciplina
952 1921 1108 1963 locum.
1169 1924 1235 1964 M.
1265 1925 1334 1965 Tu·
1352 1940 1445 1967 vero
1470 1935 1513 1967 et

84 1975 227 2027 istum,
248 1978 406 2018 Attice.
436 1990 480 2019 et
508 1979 541 2018 si
572 1992 698 2033 quem
728 1977 854 2018 aliurn
887 1979 1080 2033 praeterii.
1142 1980 1295 2021 Ceteris
1313 1982 1511 2035 specimen

86 2041 181 2074 esto.
213 2032 328 2089 quod
360 2034 393 2075 si
425 2044 507 2084 est,
532 2044 721 2075 tenemus
756 2034 911 2075 omnia.
972 2035 1033 2076 Ut
1064 2035 1174 2076 enim
1211 2037 1511 2092 cupiditatibus

86 2090 320 2145 principum
349 2100 391 2132 et
415 2090 522 2131 vitiis
552 2091 661 2131 infici
690 2090 798 2131 solet
825 2100 916 2132 tota
941 2091 1112 2132 civitas:
1145 2093 1203 2133 sic
1232 2094 1443 2136 emendari
1468 2104 1513 2137 et

85 2146 240 2202 corrigi
259 2147 530 2188 continentia.
588 2147 666 2188 Vir
686 2161 880 2202 magnuS,
901 2155 944 2188 et
968 2148 1088 2189 nobis
1108 2148 1304 2190 omnibus
1334 2151 1509 2201 amicus,

87 2203 137 2243 L.
175 2202 394 2255 Lucullus,
434 2212 474 2236 40
494 2204 757 2255 efferebatur,
791 2204 912 2260 quasi
957 2205 1300 2248 commodissime
1338 2222 1511 2264 respon-

817 2327 946 2366 qualem
975 2328 1027 2359 lex
1056 2339 1121 2360 csse
1143 2330 1226 2367 vult,
1255 2340 1332 2361 cum
1361 2339 1510 2363 senatum

128 2333 167 2357 35
193 2327 243 2357 Ex
263 2327 460 2358 bis—senatus
474 2327 607 2369 efficitur]
632 2328 717 2358 Nam
741 2327 774 2357 in
817 2371 828 2401 l
871 2372 876 2376 ἡ

830 2378 902 2410 egit.

83 2377 230 2402 senatum
264 2371 459 2411 legebantur,
488 2372 542 2411 qui
578 2372 775 2410 magistratus

86 2411 224 2444 mihores
239 2414 382 2451 fuissent,
399 2422 578 2454 quaestoreS,
595 2414 710 2444 aediles.

127 2461 168 2486 36
191 2455 303 2486 sublata
332 2457 503 2496 coaptatione
530 2456 670 2498 censoria]
702 2457 775 2487 Pro-

83 2499 148 2538 prie
174 2498 319 2529 lectione.
342 2509 418 2530 narn
437 2500 588 2531 Censores
606 2499 708 2539 legere
725 2510 772 2530 se-

85 2549 198 2572 natum
221 2543 372 2572 dicuntur
389 2544 520 2582 proprie,
538 2553 602 2574 non
618 2550 772 2582 cooptare.

83 2584 163 2614 illud
177 2593 285 2615 autem
299 2585 352 2622 jus
371 2584 493 2624 legendi
507 2594 654 2617 senatum
668 2593 774 2616 sustu-

84 2626 160 2657 lerat
175 2628 282 2658 Cicero
298 2628 365 2666 lege
380 2637 447 2658 sua.

127 2676 165 2705 37
190 2671 248 2709 <jus
262 2671 374 2699 decreta
390 2677 455 2699 rata
470 2669 562 2709 sunto]
582 2672 692 2702 Addidi
706 2678 773 2700 rata

83 2721 160 2742 cum
181 2713 310 2743 Davisio
325 2723 342 2743 e
360 2712 436 2743 Mss.
452 2720 483 2743 et
498 2714 566 2744 edd.
581 2722 656 2745 vett.
678 2715 723 2745 sic
743 2721 773 2744 et

85 2755 149 2785 Ms.
167 2755 272 2786 Guelf.

125 2804 165 2829 38
189 2809 324 2828 censorem
348 2805 462 2840 qua-ra!
484 2797 680 2839 interpretem]
705 2799 771 2829 Qui

77 2840 198 2879 judicet
217 2841 337 2873 scilicet
355 2843 389 2873 in
409 2842 555 2882 singulis,
573 2851 615 2874 an
629 2842 669 2874 sit
685 2842 769 2881 talis,

861 2420 901 2447 39
925 2425 957 2443 ne
969 2414 1067 2444 veniet
1081 2415 1388 2458 quidem—umquam]
1407 2417 1457 2448 Sic
1472 2418 1511 2448 li-

817 2456 864 2486 bri
885 2457 979 2487 multi
1004 2467 1065 2488 scr.
1088 2465 1119 2488 et
1141 2459 1211 2490 edd.
1231 2459 1364 2499 quidam
1387 2467 1508 2498 tamen,

816 2506 851 2529 ut
874 2500 936 2529 Ms.
959 2501 991 2530 in
1015 2510 1058 2530 m.
1082 2502 1130 2531 ed.
1154 2502 1189 2532 L.
1211 2511 1230 2532 a
1253 2512 1297 2532 m.
1321 2513 1366 2542 pr.
1390 2504 1509 2534 habent

816 2542 968 2583 quisquam
982 2553 1036 2583 pro
1052 2554 1200 2585 umquam,
1216 2546 1302 2584 quod
1316 2552 1347 2576 et
1361 2545 1508 2577 Davisius

815 2586 940 2625 recepit.
957 2596 1069 2625 parurn
1086 2588 1186 2617 refert.
1345 2593 1364 2612 0

859 2636 901 2659 40
916 2629 1086 2669 effbrebaeur
1098 2628 1171 2669 &c.]
1190 2629 1335 2660 Placebat
1343 2630 1414 2666 sibi,
1428 2639 1506 2660 cum

816 2672 847 2701 id
869 2672 1086 2711 respondisset.
1131 2673 1213 2703 Libri
1235 2674 1377 2713 quidam,
1401 2673 1434 2702 in
1457 2673 1506 2703 his

816 2714 1086 2754 Guelf.ferebatur
1099 2715 1181 2756 quasi
1192 2727 1290 2745 comm.
1301 2726 1326 2746 r.
1342 2716 1427 2754 quod
1442 2715 1507 2745 Da-

814 2757 909 2830 visilus
931 2758 1035 2788 edidit.
1056 2760 1110 2789 sed
1137 2768 1191 2798 pro
1213 2758 1309 2800 quasi,
1332 2769 1418 2801 quam
1440 2767 1506 2789 non

814 2809 867 2831 ma
881 2809 910 2831 e.
