1844 3202
267 97 345 136 326
859 99 1098 138 LAELIUs

262 213 384 259 peret
414 203 468 245 ab
498 204 595 256 alio,
625 204 888 262 vicissimque
919 207 1137 250 redderet:
1178 222 1231 249 an
1264 214 1374 249 esset
1405 206 1485 249 hoc
1519 206 1688 263 quidem

261 260 480 318 proprium
511 261 733 313 amiciti2e3
775 264 848 305 sed
879 265 1101 320 antiquior,
1132 273 1174 306 et
1204 265 1399 320 pulcrior,
1430 274 1471 305 et
1504 263 1638 318 magis
1668 279 1692 305 a

263 326 412 357 natura
433 318 522 373 ipsa
548 318 735 372 prosecta
765 320 843 360 alia
873 335 1010 361 causa.
1041 336 1160 362 amor
1178 322 1288 362 enim
1317 325 1382 373 (ex
1403 335 1488 375 quo
1509 319 1693 361 amicitia

263 374 509 427 nominata,)
551 376 742 430 princeps
779 386 841 417 est
876 377 928 417 ad
968 377 1299 418 benevolentiam
1336 377 1430 433 conj
1440 376 1691 431 ungendam.

261 444 360 471 nam
383 431 584 472 utilitates
606 432 774 487 quidem
797 432 921 473 etiam
945 433 996 472 ab
1024 433 1070 473 iis
1092 434 1376 489 percipiuntur
1398 449 1522 488 soepe,
1545 433 1612 487 qui
1637 433 1691 473 si-

264 486 494 528 mulatione
523 488 716 528 amicitiae
745 489 954 539 coluntur,
975 498 1016 529 et
1043 490 1313 531 observantur
1332 505 1455 531 causa
1477 489 1692 544 temporis.

266 543 317 583 In
348 544 530 584 amicitia
561 553 700 584 autem
734 544 838 585 nihil
868 545 1027 595 fictum,
1058 546 1159 586 nihil
1189 546 1460 596 simulatum3
1492 556 1548 595 et,
1570 545 1691 600 quid-

203 606 252 647 27
267 599 368 655 quid
396 600 438 640 in
468 614 516 640 ea
541 611 618 649 est,
642 600 682 640 id
712 611 776 641 est
800 615 937 642 verum
961 611 1003 643 et
1023 602 1316 643 voluntarium.
1374 605 1643 659 Quapropter
1668 617 1694 643 a

266 665 415 697 natura
445 657 547 697 mihi
577 657 736 698 videtur
766 658 920 713 potius,
942 673 1066 713 quam
1091 659 1143 700 ab
1166 659 1408 713 indigentia,
1430 669 1522 701 orta
1547 658 1691 699 amici-

264 712 336 763 tia,
358 721 400 753 et
421 713 698 768 applicatione
730 715 866 769 magis
895 715 1023 755 animi
1043 730 1139 756 cum
1161 716 1344 771 quodam
1368 731 1489 756 sensu
1511 714 1693 765 amandi,

263 783 392 824 quam
413 770 685 825 cogitatione,
707 782 909 826 quantum
941 771 1012 812 illa
1043 787 1106 813 res
1136 772 1328 813 utilitatis
1357 781 1465 812 esset
1487 772 1694 812 habitura.

263 826 393 880 Quod
415 827 584 881 quidem
607 827 729 883 quale
753 827 820 875 sit,
841 828 966 868 etiam
998 828 1038 868 in
1070 829 1212 869 bestiis
1232 828 1480 884 quibusdam
1504 827 1693 868 animad-

264 882 368 923 verti
388 894 526 937 potest
545 900 553 924 :
578 899 672 939 quae
693 899 743 924 ex
763 898 807 924 se
830 895 949 925 natos
971 884 1029 925 ita
1048 900 1189 926 amant
1210 886 1261 926 ad
1281 885 1490 941 quoddam
1513 895 1696 939 tempus,

263 946 308 979 et
328 938 381 979 ab
403 939 461 979 eis
482 939 541 987 ita
561 948 767 990 amantur,
786 949 832 981 ut
853 941 975 981 facile
990 955 1131 982 earum
1164 956 1307 982 sensus
1338 952 1547 996 appareat.
1579 941 1694 995 quod

266 995 309 1035 in
330 994 499 1036 homine
521 996 657 1036 multo
679 1005 742 1037 est
761 996 1003 1037 evidentius.
1050 998 1233 1038 Primum
1256 1013 1304 1038 ex
1325 1012 1375 1037 ea
1393 997 1577 1039 caritate.
1600 1011 1695 1052 quae

222 1059 330 1097 b.est
356 1052 463 1092 inter
492 1063 627 1102 natos,
649 1062 690 1094 et
712 1062 930 1107 parentes:
963 1069 1056 1109 quae
1078 1054 1231 1104 dirimi,
1254 1054 1331 1094 nisi
1352 1053 1584 1094 detestabili
1606 1067 1693 1094 sce-

265 1107 366 1155 lere,
389 1123 471 1150 non
493 1118 646 1164 potest.
692 1109 869 1160 Deinde,
892 1125 988 1151 cum
1019 1110 1164 1151 similis
1188 1125 1330 1151 sensus
1351 1109 1506 1151 exstitit
1528 1109 1699 1160 amoris,

266 1163 301 1205 si
332 1164 514 1220 aliquem
544 1166 654 1206 nacti
684 1181 843 1215 sumus,
865 1167 985 1222 cujus
1013 1182 1110 1208 cum
1140 1167 1328 1208 moribus
1357 1177 1399 1208 et.
1425 1178 1571 1208 natura
1591 1181 1694 1206 con-

266 1236 484 1276 gruamus,
507 1222 621 1277 quod
643 1222 682 1263 in
704 1238 755 1263 eo
776 1223 892 1278 quasi
915 1224 1056 1264 lumen
1077 1223 1246 1279 aliquod
1269 1223 1488 1279 probitatis
1508 1233 1547 1263 et
1570 1223 1697 1263 virtu-

203 1292 253 1325 28
267 1278 319 1319 tis
343 1279 576 1333 perspicere
597 1279 824 1320 videamur.
884 1280 1002 1321 Nihil
1035 1290 1097 1321 est
1127 1281 1236 1321 enim
1270 1280 1490 1321 amabilius
1521 1280 1695 1320 virtute:

265 1334 384 1384 nihil,
405 1335 518 1390 quod
546 1336 680 1391 magis
707 1336 863 1377 alliciat
889 1337 941 1377 ad
971 1336 1259 1392 diligendum:
1290 1337 1443 1393 quippe
1465 1351 1578 1386 cum,
1598 1350 1697 1390 pro-

211 1427 217 1433 .
265 1402 359 1447 pter
384 1391 578 1433 virtutem
607 1403 650 1433 et
676 1393 944 1447 probitatem,
965 1408 1037 1434 eos
1066 1394 1206 1443 etiam,
1229 1410 1334 1449 quos
1355 1408 1569 1448 nunquam
1592 1392 1697 1433 vidi-

264 1462 375 1498 mUS,
402 1448 584 1504 quodam
617 1449 746 1490 modo
775 1449 1015 1505 diligamus.
1075 1451 1182 1493 Quis
1213 1460 1290 1500 est,
1320 1451 1391 1506 qui
1423 1450 1473 1491 C.
1507 1448 1699 1499 Fabricii,

265 1506 341 1546 M?
367 1504 486 1546 Curii
506 1520 591 1546 non
611 1521 707 1546 cum
729 1506 900 1547 caritate
917 1507 1056 1562 aliqua
1077 1517 1118 1547 et
1138 1507 1428 1548 benevolentia
1448 1506 1695 1547 memoriam

264 1571 453 1617 usurpet,
476 1576 580 1618 quos
603 1575 835 1618 numquam
858 1562 1029 1604 viderit?
1053 1564 1146 1620 quis
1167 1575 1304 1605 autem
1328 1573 1403 1613 cst,
1427 1563 1498 1618 qui
1517 1562 1696 1618 Tarqui-

265 1618 383 1658 nium
410 1619 662 1673 Superbum,
684 1619 754 1673 qui
780 1620 852 1673 Sp.
875 1618 1086 1670 Cassium,
1109 1621 1180 1674 Sp.
1210 1621 1402 1661 Maelium
1427 1634 1510 1661 non
1531 1619 1694 1660 oderit?

266 1673 378 1715 Cum
402 1674 566 1715 duobus
589 1675 769 1716 ducibus
797 1675 848 1715 de
872 1675 1048 1731 imperio
1069 1676 1108 1717 in
1133 1677 1253 1718 Italia
1272 1678 1562 1725 decertatum;
1595 1676 1698 1731 Pyr-

264 1731 358 1781 rho,
379 1741 421 1772 et
452 1732 700 1772 Hannibale.
733 1732 785 1772 ab
820 1732 967 1782 altero,
997 1745 1166 1788 propter
1197 1734 1448 1788 probitatem
1479 1731 1585 1788 ejuS,
1613 1746 1698 1773 non

264 1787 388 1828 nimis
408 1788 566 1829 alienos
587 1789 749 1829 animos
770 1788 993 1830 habemus:
1019 1789 1195 1831 alterum
1219 1799 1387 1846 propter
1411 1788 1699 1832 crudelitatem

218 1854 430 1906 ysemper
462 1845 552 1886 haee
581 1846 722 1886 civitas
749 1845 898 1886 oderit.
959 1846 1087 1903 Quod
1110 1847 1142 1887 si
1165 1857 1278 1888 tanta
1301 1848 1356 1887 vis
1376 1845 1597 1902 probitatis
1618 1854 1697 1895 est,

201 1927 256 1968 29
267 1911 316 1942 ut
332 1916 422 1941 eam
442 1902 501 1941 vel
520 1902 560 1942 in
577 1902 649 1952 cis,
667 1918 773 1954 quos
792 1917 1020 1958 numquam
1038 1903 1231 1955 vidimus,
1245 1905 1322 1954 vel,
1337 1903 1452 1959 quod
1469 1902 1603 1958 majus
1619 1911 1697 1952 est,

266 1958 309 1999 in
340 1957 460 1998 hoste
489 1959 613 2000 etiam
645 1959 898 2013 diligamus:
931 1959 1033 2014 quid
1062 1960 1230 2011 mirum,
1257 1961 1289 2001 si
1318 1960 1445 2001 animi
1477 1958 1697 2000 bominum

265 2023 535 2064 moveantur3
558 2030 653 2055 cum
677 2030 838 2065 eorum,
861 2016 1134 2071 quibus—cum
1157 2033 1235 2058 usu
1255 2016 1469 2072 conjuncti
1490 2029 1579 2056 esse
1601 2028 1698 2069 pos·-

265 2082 379 2121 sunt,
408 2071 604 2112 virtutem
640 2081 684 2112 et
718 2072 947 2113 bonitatem
982 2074 1215 2128 perspicere
1247 2073 1489 2114 videantur?
1531 2073 1694 2128 Quam-

265 2141 392 2182 quam
423 2129 696 2169 confirmatur
722 2143 840 2169 amor
867 2138 908 2169 et
941 2129 1145 2171 beneficio
1167 2138 1356 2185 accepto,
1377 2140 1418 2171 et
1440 2128 1579 2170 studio
1602 2142 1696 2182 per-

266 2195 427 2239 specto,
445 2193 487 2225 et
508 2185 809 2226 consuetudine
829 2186 1024 2241 adjuncta
1047 2203 1056 2227 ε
1079 2187 1231 2241 quibus
1253 2188 1376 2227 rebus
1399 2186 1448 2227 ad
1472 2185 1589 2226 illum
1614 2184 1696 2239 pri—

264 2255 384 2281 mum
415 2253 579 2282 motum
607 2242 735 2282 animi
752 2251 794 2282 et
813 2244 966 2284 amoris
993 2243 1207 2294 adhibitis,
1228 2243 1480 2284 admirabilis
1502 2240 1696 2297 quaedam

268 2297 500 2338 exardescit
520 2298 819 2340 bencxossentiae
844 2300 1120 2354 n-agnitudo:
1152 2315 1275 2355 quam
1312 2300 1343 2340 si
1372 2299 1442 2355 qui
1473 2307 1623 2351 putant
1644 2296 1698 2337 ab

268 2354 555 2395 imbecillitate
579 2355 800 2409 proficisci,
822 2364 868 2396 ut
890 2356 957 2406 sit,
978 2371 1051 2411 per
1079 2371 1202 2412 quem
1231 2357 1406 2412 quisque
1440 2363 1698 2405 assequatur,

269 2410 384 2466 quod
404 2411 638 2460 desiderem
671 2411 873 2453 humilem
903 2428 1001 2454 sane
1030 2414 1345 2469 rel}n‹p‚u:11t,‹‘t.
1371 2413 1541 2453 minime
1568 2424 1698 2466 gene-

269 2482 428 2517 rosum,
449 2477 497 2509 ut
518 2468 576 2508 ita
595 2468 746 2519 dicam,
768 2478 908 2510 ortum
938 2470 1145 2519 amiciri-«7.
1174 2485 1297 2524 quant
1328 2485 1375 2510 ex
1406 2469 1544 2524 inopia
1573 2478 1698 2521 atque

140 2550 171 2580 p.
187 2523 504 2580 102,indigcntia
529 2534 667 2565 natam
689 2525 845 2566 volunt.
878 2526 989 2579 quod
1013 2526 1045 2567 si
1070 2529 1118 2567 ita
1144 2538 1245 2567 esset
1269 2542 1278 2573 ς
1310 2537 1356 2567 ut
1377 2526 1550 2581 quisquc
1574 2523 1697 2564 mini-

228 2592 257 2612 a.
271 2595 386 2621 mum
420 2582 460 2621 in
491 2596 534 2621 se
563 2597 651 2622 csse
678 2583 963 2632 arbitraretur,
987 2583 1042 2623 ita
1070 2584 1121 2623 ad
1149 2583 1376 2623 amicitiam
1402 2591 1511 2623 esset
1533 2579 1698 2635 aptissi-

205 2653 258 2686 30
269 2652 377 2679 mus.
407 2638 519 2693 quod
542 2637 671 2693 longe
693 2653 811 2679 secus
832 2652 908 2679 est.
960 2640 1019 2680 Ut
1041 2640 1149 2680 euim
1174 2641 1349 2695 quisquc
1370 2639 1444 2680 silvi
1468 2637 1696 2693 plurimum

269 2694 457 2744 confidit,
479 2704 519 2735 et
543 2705 588 2735 ut
609 2696 786 2750 quisque
812 2695 992 2736 maxime
1013 2696 1176 2746 virtute,
1195 2707 1233 2736 et
1257 2696 1458 2751 sapientia
1477 2695 1535 2735 sic
1556 2692 1697 2734 muni-

268 2758 336 2791 tus
355 2759 432 2801 est,
456 2760 501 2792 ut
520 2751 637 2792 nullo
658 2761 795 2806 egeat,
819 2767 974 2807 suaque
994 2754 1133 2794 omnia
1163 2753 1202 2793 in
1231 2769 1274 2794 se
1302 2754 1393 2808 ipso
1418 2751 1553 2807 posita
1578 2749 1697 2806 judi-

269 2816 358 2848 cet:
389 2808 449 2849 ita
472 2809 514 2850 in
539 2807 733 2850 amicitiis
754 2808 994 2865 expetendis
1015 2810 1284 2867 colendisque
1302 2809 1484 2852 maxime
1515 2805 1696 2850 excellit.
