1844 3202
231 100 310 143 760
755 99 832 138 DE
867 99 1133 138 OFFICIIS

229 207 341 248 enim
364 206 608 262 pulcritudo
635 208 784 264 reliqui
819 209 1005 264 corporis
1036 208 1227 250 imitandi
1257 223 1374 265 spem
1403 209 1646 251 auferebat·
1637 210 1664 263 .)

230 263 289 304 sic
309 277 371 312 ea,
394 279 489 319 quae
513 264 719 306 Panaetius
745 267 1093 320 praetermisisset,
1116 275 1158 306 et
1179 281 1262 306 non
1293 266 1547 330 perfecisset,
1568 280 1668 321 pro·

228 329 324 375 pter
358 334 522 371 eorum,
558 336 653 377 quae
693 322 951 377 perfecisset,
989 322 1289 378 praestantiam,
1328 322 1537 364 neminem
1577 337 1668 364 esse

181 378 515 432 3persecutum.

170 454 212 484 11
284 435 576 491 Quamobrem
600 433 651 474 de
672 433 838 489 judicio
871 433 1041 475 Panaetii
1069 434 1251 476 dubitari
1281 450 1364 476 non
1398 444 1566 490 potest:
1598 449 1664 475 re-

229 498 350 531 ctene
388 499 404 522 8
421 499 559 531 autem
584 490 690 531 hanc
712 491 877 531 tertiam
898 503 1059 546 partem
1079 491 1131 532 ad
1157 492 1458 547 exquirendum
1482 492 1668 533 officium

229 547 481 611 adjunxerit,
504 562 555 587 an
575 561 710 597 secus,
729 546 781 588 de
801 562 853 588 eo
876 548 1053 588 fortasse
1091 556 1109 581 9
1126 548 1334 611 disputari
1352 558 1505 603 potest.
1553 550 1667 589 Nam

230 619 317 645 sive
354 604 594 653 honestum,
637 604 773 645 solum
815 604 976 645 bonum
1012 614 1089 655 est,
1121 614 1167 645 ut
1208 603 1358 645 Stoicis
1401 601 1553 660 placet,
1585 604 1668 646 sive

227 635 349 716 quod
378 661 602 701 honestum
632 670 709 711 est,
742 660 784 701 id
819 661 876 701 ita
907 676 1121 702 summum
1154 661 1313 702 bonum
1350 670 1428 712 est,
1463 661 1668 717 quemad-

228 716 403 758 modum
437 726 474 749 10
494 717 778 772 Peripateticis
814 718 966 758 nostris
991 717 1167 767 xidetur,
1203 727 1251 758 ut
1284 718 1426 758 omnia
1455 733 1506 759 ex
1536 718 1667 758 altera

228 784 348 829 parte
376 774 598 823 collocata,
619 774 683 814 vix
714 774 878 814 minimi
909 776 1114 815 momenti
1147 775 1277 815 instar
1302 774 1511 815 habeant.
1543 774 1668 815 dubi-

227 830 406 870 tandum
429 845 512 870 non
531 841 610 880 est,
626 831 726 885 quin
749 846 978 886 numquam
1000 832 1133 886 possit
1151 831 1306 872 utilitas
1326 846 1423 872 cum
1447 830 1668 872 honestate

183 901 216 932 b.
229 887 497 927 contendere.
560 888 708 942 ltaque
731 887 987 941 accepimus,
1019 889 1236 928 Socratem
1265 888 1469 928 exsecrari
1494 887 1667 929 solitum

229 958 317 993 eos,
347 943 419 999 qui
454 943 638 997 primum
672 942 778 993 haec,
806 952 955 983 natura
986 943 1256 993 cohaerenfia,
1285 944 1483 1007 opinione
1516 944 1668 985 distra-

229 1000 401 1040 xissent.
462 999 550 1040 Cui
576 999 748 1054 quidem
781 999 839 1039 ita
867 1008 966 1040 sunt
994 1000 1125 1040 Stoici
1162 1001 1332 1049 assensi,
1368 1008 1430 1049 ut,
1462 1000 1668 1055 quidquid

170 1056 456 1108 12honestum
488 1065 613 1105 esset,
634 1055 675 1096 id
707 1056 810 1096 utile
832 1070 921 1096 esse
942 1065 1174 1120 censerent,
1197 1071 1274 1096 nec
1296 1056 1399 1096 utile
1421 1056 1669 1120 quidquam,

228 1113 346 1169 quod
376 1127 461 1153 non
494 1113 735 1153 honestum.
795 1112 925 1154 Quod
952 1113 985 1153 si
1007 1112 1040 1153 is
1061 1122 1173 1153 esset
1206 1113 1427 1162 Panaetius,
1448 1113 1520 1169 qui
1541 1113 1671 1154 virtu-

229 1179 316 1211 tem
344 1179 566 1233 propterea
591 1169 811 1210 colendam
841 1168 1012 1220 diceret,
1043 1170 1159 1226 quod
1187 1184 1238 1210 ea
1267 1169 1449 1210 efficiens
1477 1169 1671 1211 utilitatis

227 1236 366 1276 esset3
398 1234 447 1267 ut
476 1226 520 1275 ii,
550 1225 623 1281 qui
654 1240 716 1267 res
747 1226 1002 1290 expetendas
1031 1226 1094 1267 vel
1125 1226 1352 1282 voluptate,
1382 1226 1446 1267 vel
1475 1225 1668 1268 indolen-

228 1283 288 1323 tia
320 1258 583 1333 irietiuntur3
614 1282 759 1324 liceret
787 1283 825 1323 ei
859 1282 1011 1347 dicere,
1043 1283 1272 1324 utilitatem
1308 1283 1537 1338 aliquando
1570 1298 1669 1324 cum

228 1339 451 1381 honestate
481 1354 695 1395 pugnare:
728 1339 814 1389 sed,
844 1354 941 1380 cum
974 1340 1028 1380 sit
1056 1340 1105 1390 is,
1130 1340 1233 1396 quid
1261 1339 1303 1380 id
1333 1339 1470 1380 solum
1507 1340 1667 1381 bonum

220 1396 402 1460 judicet,
420 1396 537 1452 quod
560 1396 782 1437 honestum
806 1397 888 1447 sit3
920 1412 1015 1452 quae
1035 1405 1177 1438 autem
1198 1396 1296 1438 huic
1318 1406 1555 1452 repugnent
1575 1411 1671 1452 spe-

227 1468 293 1494 cie
319 1453 499 1509 quadam
529 1453 738 1503 utilitatis,
759 1468 906 1494 eorum
938 1468 1075 1510 neque
1103 1453 1343 1495 accessione
1371 1453 1589 1494 meliorem
1609 1453 1669 1494 vi-

228 1519 316 1551 tam
339 1510 440 1560 fieri,
462 1524 537 1550 nec
557 1509 802 1551 decessione
826 1510 1045 1566 pejorem:
1076 1525 1161 1552 non
1180 1510 1344 1551 videtur
1363 1510 1575 1564 ejusmodi
1595 1510 1670 1551 de-

170 1576 214 1609 13
228 1567 371 1608 buisse
410 1566 759 1607 deliberationem
793 1567 1071 1618 introducere,
1111 1567 1153 1608 in
1185 1582 1282 1622 qua,
1318 1566 1435 1622 quod
1474 1567 1578 1608 utile
1610 1567 1670 1607 vi-

228 1623 412 1674 deretur,
431 1639 529 1665 cum
551 1637 617 1673 eo,
636 1623 799 1679 11quod
819 1623 1047 1665 honestum
1069 1632 1193 1674 esset,
1210 1631 1536 1678 compararetur.
1568 1624 1670 1665 Ete-

227 1681 313 1721 nim
346 1680 462 1736 quod
498 1694 713 1721 summum
745 1680 905 1721 bonum
944 1695 968 1721 a
1008 1680 1160 1721 Stoicis
1196 1679 1364 1730 dicitur,
1406 1679 1672 1721 Convenien-

228 1745 294 1778 ter
323 1750 483 1778 naturae
515 1737 673 1778 vivere:
712 1736 755 1777 id
792 1737 920 1778 habet
949 1736 1074 1788 hanc,
1110 1745 1158 1778 ut
1197 1736 1363 1791 opinor,
1404 1736 1671 1788 sententiam,

227 1809 326 1835 cum
357 1794 507 1835 virtute
540 1808 778 1849 congruere
807 1808 998 1849 semper:
1029 1802 1168 1835 cetera
1200 1804 1358 1858 autem,
1389 1808 1482 1849 quae
1520 1808 1670 1834 secun-

227 1851 331 1892 dum
363 1860 556 1891 naturam
587 1859 742 1902 essent,
770 1850 829 1891 ita
858 1850 1014 1906 legere,
1035 1850 1069 1891 si
1099 1864 1149 1891 ea
1176 1850 1318 1891 virtuti
1346 1864 1431 1891 non
1460 1864 1671 1914 repugna—

226 1917 332 1950 rent.
391 1907 523 1950 Ouod
553 1922 652 1948 cum
683 1907 743 1948 ita
771 1907 838 1957 sit,
863 1915 1014 1962 putant
1043 1907 1230 1962 quidam,
1251 1907 1359 1948 hanc
1385 1906 1669 1961 comparatio-

227 1979 325 2006 nem
348 1979 433 2005 non
464 1973 577 2005 recte
596 1964 899 2014 introductam,
922 1978 998 2004 nec
1022 1964 1196 2005 omnino
1229 1963 1281 2004 de
1302 1978 1353 2004 eo
1371 1976 1526 2018 genere
1546 1962 1670 2018 quid-

226 2036 355 2078 quam
377 2020 709 2076 praecipiendum
733 2021 874 2061 fuisse.
932 2021 1079 2076 Atque
1100 2020 1205 2062 illud
1235 2019 1406 2083 quidem
1427 2019 1670 2070 honestum,

227 2078 345 2135 quod
384 2078 554 2142 proprie
584 2091 763 2133 vereque
793 2076 961 2127 dicitur,
992 2077 1033 2118 id
1074 2077 1115 2117 in
1153 2076 1410 2132 sapientibus
1450 2084 1514 2116 est
1552 2076 1668 2126 solis,

226 2149 364 2190 neque
386 2149 411 2175 a
431 2134 581 2175 virtute
601 2133 741 2174 divelli
762 2148 964 2189 umquam
986 2143 1154 2198 potest·
1143 2164 1155 2184 ,
1188 2134 1227 2174 in
1255 2133 1303 2173 ils
1324 2141 1482 2183 autem,
1502 2132 1544 2173 in
1573 2131 1668 2188 qui-

226 2192 307 2233 bus
343 2191 548 2247 sapientia
577 2191 765 2245 perfecta
796 2205 879 2231 non
913 2199 991 2240 est,
1024 2192 1162 2245 ipsum
1196 2189 1299 2231 illud
1331 2189 1500 2246 quidem
1532 2189 1672 2245 perfe-

168 2258 218 2291 14
228 2258 346 2289 ctum
378 2248 620 2298 honestum,
642 2248 758 2289 nullo
779 2247 924 2298 modo,
947 2247 1242 2289 similitudines
1271 2246 1438 2287 honesti
1457 2260 1546 2286 esse
1566 2261 1668 2301 pos-

229 2314 339 2346 sunt.
400 2306 508 2345 Haec
544 2305 656 2345 enim
685 2304 827 2345 omnia
848 2304 998 2352 officia,
1020 2304 1072 2344 de
1102 2304 1254 2359 quibus
1285 2303 1349 2344 bis
1376 2302 1491 2344 libris
1523 2302 1669 2358 dispu-

228 2370 383 2412 tamus,
412 2361 554 2402 media
584 2362 716 2402 Stoici
747 2360 974 2425 appellant,
1001 2375 1052 2402 ea
1085 2361 1329 2401 communia
1367 2367 1478 2410 sunt,
1509 2367 1552 2400 et
1584 2359 1671 2402 late

119 2447 151 2477 p
166 2444 216 2468 55
228 2428 403 2474 patent3
435 2434 528 2474 qua:
554 2427 597 2459 et
625 2418 784 2474 ingenii
815 2418 1004 2458 bonitate
1032 2417 1155 2458 multi
1181 2426 1475 2473 assequuntur,
1496 2425 1541 2457 et
1570 2429 1668 2471 pro-

186 2489 214 2511 a.
227 2476 447 2532 gressione
466 2475 676 2516 discendi:
703 2474 809 2516 illud
831 2482 971 2516 autem
996 2474 1196 2525 officium,
1219 2474 1335 2530 quod
1355 2482 1518 2514 rectum
1540 2472 1667 2515 iidem

273 2620 290 2643 8
314 2610 425 2651 autem]
442 2612 539 2643 Abest
557 2612 619 2642 Ms-
637 2612 710 2641 Cur.
732 2621 797 2641 non
816 2611 910 2641 male.
972 2617 1045 2640 stum
1060 2610 1232 2640 videretur:
1256 2620 1457 2651 quamquam
1479 2610 1575 2640 etiam
1598 2609 1670 2642 libri

272 2664 291 2689 9
314 2656 474 2695 disputariJ‘
494 2655 555 2685 Alii
572 2655 714 2690 dubitari,
733 2665 797 2684 non
815 2654 910 2683 male.
970 2656 1102 2692 quidam
1126 2663 1185 2683 scr.
1207 2660 1238 2683 et
1261 2655 1332 2684 edd.
1352 2660 1427 2684 vett.
1450 2653 1569 2684 habent
1586 2653 1672 2683 vide.

273 2706 313 2730 10
336 2699 434 2738 Perip.
458 2697 577 2737 vestris]
612 2699 676 2728 Ms.
706 2698 781 2727 Cur.
812 2697 926 2733 nostris,
973 2704 1032 2733 rur,
1050 2698 1126 2727 item
1143 2697 1223 2726 infra
1239 2703 1437 2736 comparetur:
1460 2697 1546 2736 quod
1560 2702 1669 2727 tamen

224 2742 270 2772 sic
287 2749 318 2772 et
334 2743 431 2772 Goth.
448 2743 497 2773 ed.
514 2743 608 2772 Rom.
624 2742 705 2771 Ven.
726 2747 816 2776 1471.
833 2740 925 2770 bene.
971 2750 1036 2770 non
1060 2741 1168 2780 probo.
1190 2749 1266 2770 nam
1290 2749 1390 2779 genus
1408 2746 1591 2782 temporum
1614 2740 1668 2770 hic

273 2792 306 2815 11
335 2786 410 2826 quod
417 2785 560 2815 honestum
572 2783 629 2825 est]
649 2785 723 2815 Sine
738 2784 836 2814 dubio
851 2783 927 2813 scri·
968 2785 1084 2825 pendet
1099 2794 1117 2814 a
1131 2783 1228 2814 verbo
1243 2783 1379 2813 debuisse.

227 2828 370 2859 bendum
401 2835 483 2867 esset,
507 2834 544 2858 ut
568 2834 642 2859 ante
665 2834 723 2866 est,
746 2827 822 2869 quod
841 2826 924 2856 hone-
