1844 3202
283 95 360 136 942
660 88 719 126 M.
748 85 959 127 TULLII
997 88 1328 127 CICERONIS

285 211 380 238 nem
402 196 648 252 perspicere,
671 197 784 239 haud
805 196 971 238 difficile
991 205 1068 239 est.
1128 198 1240 238 Nam
1273 210 1322 237 ex
1352 194 1462 250 ignis
1491 192 1710 249 utriusque

283 252 457 304 externi,
477 263 601 309 atque
622 254 770 294 interni
791 254 1086 295 communione
1105 254 1211 294 inter
1236 253 1363 308 ipsos,
1383 266 1479 292 cum
1501 265 1609 291 unus
1637 263 1711 304 per

286 309 472 364 singulas
505 319 642 365 partes
667 311 854 359 effectus,
883 319 927 351 et
957 311 1101 351 multis
1134 309 1272 350 modis
1300 322 1475 350 concors
1509 315 1552 348 et
1586 313 1711 362 aptus

225 397 231 402 .
285 366 472 407 redditus
494 367 534 407 in
556 367 706 407 laevore
726 365 930 407 consedit.

228 432 275 467 14
343 422 425 464 Sed
453 423 486 463 si
511 424 552 464 in
582 423 802 478 splendore
829 421 1044 463 consedit:
1070 429 1165 462 tum
1186 421 1250 462 vel
1278 420 1421 462 eadem
1452 418 1625 475 species,
1646 416 1709 458 vel

287 479 495 521 interdum
519 480 740 520 immutata
760 477 958 519 redditur.

444 535 667 591 omniaque
690 534 932 590 hujusmodi
953 532 1186 575 necessario
1208 533 1249 573 in
1270 532 1440 588 speculo
1459 532 1710 581 referuntur,

660 605 758 632 cum
780 590 887 646 ignis
908 589 1127 631 oculorum
1149 603 1248 630 cum
1269 603 1320 630 eo
1342 589 1455 644 igne,
1476 587 1547 645 qui
1569 597 1633 629 est
1653 587 1710 628 ob

285 664 332 690 os
353 648 528 698 offusus,

738 703 779 745 in
802 716 845 744 re
864 702 958 753 levi,
977 710 1021 744 et
1039 701 1268 758 splendida,

284 777 328 803 se
357 760 564 811 confudit,
585 769 627 801 et
652 759 846 801 contulit.
906 760 1066 800 Dextra
1092 767 1234 800 autem
1256 757 1458 807 videntur,
1484 772 1578 813 quae
1608 754 1710 797 laeva

284 828 395 869 sunt,
428 818 526 873 quia
559 817 775 859 contrariis
815 816 1004 872 partibus
1041 815 1276 866 oculorum,
1312 813 1537 856 contrarias
1573 821 1711 868 partes

283 875 512 930 attingunt.

490 938 641 986 praeter
660 944 819 970 rnorem
843 929 1042 971 usitatum
1063 927 1325 985 adjectionis,
1347 935 1389 968 et
1409 925 1710 968 commissurae.

284 986 733 1042 Respondent‘autem
772 986 916 1028 dextra
954 985 1124 1037 dextris,
1159 986 1260 1027 laeva
1297 984 1410 1025 laevis
1444 982 1714 1025 conversione

283 1042 507 1094 luminum,
536 1058 634 1084 cum
667 1058 715 1084 ea
750 1043 857 1084 inter
887 1057 931 1084 se
966 1058 1050 1083 non
1085 1042 1388 1084 cohaerescunt.
1449 1039 1500 1080 Id
1532 1039 1591 1090 fit,
1614 1053 1712 1080 cum

284 1100 552 1156 speculorum
582 1100 737 1141 laevitas
771 1100 868 1140 hinc
908 1099 1103 1154 illincque
1133 1098 1398 1140 altitudinem
1430 1095 1640 1145 assumsit,
1671 1105 1714 1136 et

284 1157 342 1198 ita
372 1157 516 1198 dextra
549 1156 727 1197 detrusit
748 1157 788 1197 in
819 1157 964 1197 laevam
996 1164 1158 1211 partem
1190 1154 1429 1204 oculorum,
1457 1152 1642 1208 laevaque
1671 1151 1711 1192 in

283 1213 487 1254 dextram.
547 1213 706 1268 Supina
727 1213 851 1254 etiam
875 1227 948 1254 ora
968 1221 1195 1253 cernuntur
1212 1210 1456 1268 depulsione
1476 1209 1683 1251 luminum
1703 1225 1712 1249 z

284 1285 378 1326 quae
400 1279 644 1311 convertens
666 1270 858 1311 inferiora
879 1268 1028 1320 reddit,
1049 1284 1143 1324 quae
1169 1277 1264 1309 sunt
1295 1267 1522 1322 superiora.
1580 1265 1714 1321 Atqui

284 1326 375 1367 haec
398 1328 540 1367 omnia
564 1341 614 1367 ex
641 1341 692 1367 eo
720 1341 874 1382 genere
906 1334 1017 1375 sunt,
1039 1340 1133 1381 quae
1165 1339 1302 1366 rerum
1331 1323 1527 1379 adjuvant
1556 1337 1715 1363 causas.

284 1383 452 1439 Quibus
472 1383 603 1425 utitur
627 1383 866 1424 ministeriis
897 1384 1031 1432 Deus,
1051 1397 1149 1423 cum
1182 1380 1331 1436 optimi
1357 1379 1555 1436 speciem,
1576 1378 1716 1435 quoad

286 1439 371 1480 fieri
394 1449 548 1495 potest,
568 1439 708 1480 efficit.
770 1439 852 1481 Sed
873 1439 1111 1480 existimant
1138 1438 1341 1494 plerique,
1363 1452 1447 1478 non
1472 1436 1566 1477 haee
1593 1435 1715 1491 adju-

285 1497 422 1537 vantia
438 1511 673 1546 causarum,
694 1495 767 1536 sed
797 1496 870 1536 has
892 1496 1000 1550 ipsas
1020 1509 1110 1536 esse
1131 1495 1321 1535 omnium
1339 1507 1499 1543 causas,
1518 1508 1611 1549 quae
1634 1491 1716 1533 vim

285 1552 469 1593 habeant
498 1553 681 1608 frigoris,
701 1562 743 1593 et
771 1552 935 1602 caloris,
956 1550 1248 1601 concretionis,
1274 1560 1317 1591 et
1341 1549 1529 1605 liquoris,
1549 1556 1718 1590 careant

285 1619 427 1650 autem
448 1610 563 1650 omni
592 1608 870 1664 intelligentia
896 1617 1022 1663 atque
1050 1608 1223 1657 ratione,
1246 1621 1355 1662 quae,
1378 1605 1456 1646 nisi
1487 1606 1528 1646 in
1561 1605 1717 1654 animo,

286 1666 400 1706 nulla
421 1666 502 1706 alia
523 1666 562 1706 in
585 1675 733 1715 natura
760 1664 1030 1720 reperiantur.
1089 1663 1271 1704 Animus
1299 1669 1441 1703 autem
1473 1676 1641 1703 sensum
1669 1675 1718 1702 o-

287 1737 428 1763 mnem
449 1722 597 1778 effugit
616 1721 852 1763 oculorum.
909 1721 970 1761 At
1003 1719 1126 1776 ignis,
1147 1728 1190 1760 et
1217 1734 1340 1775 aqua,
1360 1726 1402 1759 et
1426 1726 1549 1769 terra,
1570 1726 1613 1759 et
1632 1722 1718 1768 aer,

288 1793 467 1834 corpora
498 1786 610 1829 sunt,
642 1793 777 1833 eaque
809 1786 1048 1818 cernuntur.
1111 1776 1235 1817 Illum
1270 1785 1426 1826 autem,
1458 1774 1531 1831 qui
1562 1774 1718 1815 intelli-

287 1836 443 1891 gentiae
466 1834 764 1891 sapientiaeque
786 1849 829 1875 se
850 1842 1081 1875 amatorem
1102 1833 1337 1888 profitetur,
1358 1846 1526 1872 necesse
1555 1839 1632 1882 est,
1655 1830 1719 1872 in·-

289 1892 533 1947 telligentis,
564 1891 846 1947 sapientisque
877 1899 1036 1931 naturae
1074 1889 1228 1945 primas
1258 1903 1404 1929 causas
1441 1887 1719 1944 conquirere:

288 1949 439 1990 deinde
459 1948 662 1989 secundas
682 1962 829 1989 causas
848 1961 987 1988 rerum
1008 1961 1167 1997 earum,
1185 1961 1280 2001 quae
1300 1945 1532 1986 necessario
1551 1953 1721 1985 movent

288 2006 404 2056 alias,
424 2020 521 2046 cum
543 2005 643 2060 ipsae
666 2006 718 2045 ab
739 2004 829 2045 aliis
855 2011 1087 2044 moventur.
1147 2002 1362 2044 Quocirca
1390 2001 1510 2042 nobis
1540 2001 1598 2042 sic
1629 2015 1719 2042 cer·

290 2077 345 2103 no
367 2077 457 2103 esse
485 2061 738 2111 faciendum,
760 2069 808 2101 ut
828 2060 881 2101 de
910 2068 1090 2116 utroque
1115 2073 1192 2100 nos
1223 2058 1392 2114 quidem
1423 2057 1611 2099 dicamus
1641 2071 1718 2112 ge-

289 2133 387 2159 nere
408 2133 643 2168 causarum,
666 2117 888 2172 separatim
909 2123 1047 2157 autem
1079 2115 1132 2156 de
1158 2114 1222 2165 iis,
1243 2130 1338 2170 quae
1357 2129 1457 2156 cum
1484 2113 1722 2168 intelligen-

289 2175 350 2216 tia
368 2183 465 2215 sunt
485 2174 709 2215 efficientes
730 2173 1074 2229 pulcerrimarum
1106 2185 1259 2222 rerum,
1280 2181 1407 2227 atque
1433 2170 1688 2226 optimarum
1709 2186 1719 2211 ε

289 2240 333 2273 et
353 2231 405 2271 de
427 2231 490 2282 iis,
511 2247 606 2288 quae
623 2239 813 2271 vacantes
835 2228 1068 2286 prudentia,
1086 2228 1381 2278 inconstantia,
1396 2226 1721 2283 perturbataque

290 2287 489 2329 efficiunt.
548 2288 619 2329 Ac>
642 2287 695 2328 de
726 2287 948 2328 oculorum
971 2285 1144 2342 quidem
1164 2285 1314 2335 causis,
1334 2292 1383 2325 ut
1406 2283 1608 2324 haberent
1626 2297 1720 2324 eam

290 2345 387 2394 vim,
410 2359 536 2399 quam
559 2359 668 2385 nunc
689 2344 858 2393 habent,
879 2343 977 2385 satis
997 2343 1129 2383 ferme
1150 2355 1240 2382 esse
1261 2340 1422 2382 dictum
1443 2348 1562 2395 puto.
1621 2340 1722 2380 Ma-

291 2400 404 2444 xima
433 2409 574 2441 autem
604 2415 752 2441 eorum
783 2399 942 2441 utilitas
972 2398 1127 2439 donata
1157 2397 1341 2438 humano
1370 2396 1516 2452 generi
1546 2396 1722 2437 deorum

293 2471 465 2499 munere
483 2456 679 2511 deinceps
699 2456 943 2512 explicetur.
991 2456 1147 2495 Rerum
1166 2453 1276 2494 enim
1297 2455 1550 2508 optimarum
1573 2452 1722 2508 cogni-

293 2514 427 2555 tiones
450 2514 569 2554 nobis
588 2512 702 2554 oculi
721 2512 967 2553 attulerunt.
1025 2511 1140 2552 Nam
1161 2510 1267 2560 haec,
1289 2524 1384 2565 quze
1403 2518 1468 2550 est
1496 2509 1640 2550 habita
1669 2508 1722 2549 do

294 2570 577 2612 Universitate
599 2569 732 2610 oratio
757 2583 782 2608 a
812 2568 948 2618 nobis,
977 2565 1090 2608 haud
1119 2580 1321 2622 umquam
1351 2573 1460 2607 esset
1488 2565 1666 2615 inventa,
1686 2564 1722 2606 si

296 2641 432 2683 neque
464 2626 612 2677 sidera,
642 2638 776 2681 neque
810 2624 886 2675 sol,
920 2637 1056 2679 neque
1085 2621 1242 2664 coelum
1281 2622 1359 2664 sub
1388 2622 1611 2663 oculorum
1645 2621 1722 2662 ad·-

294 2693 484 2739 spectum
524 2683 671 2723 cadere
711 2681 959 2737 potuissent.
1035 2681 1164 2721 Nunc
1200 2694 1298 2721 vero
1339 2679 1442 2730 dies,
1492 2686 1722 2733 noctesque

294 2739 426 2781 oculis
466 2739 664 2795 cognitae,
705 2747 797 2778 tum
835 2737 1061 2787 mensium,
1100 2750 1390 2791 annorumque
1431 2736 1721 2778 conversiones

282 2797 344 2838 *ad
366 2810 588 2841 numerum
615 2794 866 2837 machinatae
887 2802 1000 2846 sunt,
1019 2802 1062 2835 et
1081 2792 1266 2849 spatium
1286 2791 1488 2849 temporis
1509 2790 1720 2832 demensa
