1844 3202
277 95 354 143 69⁸
801 96 876 134 DE
913 96 1177 135 OFFICIIS

278 211 316 240 78
331 217 455 268 quam
493 218 556 245 res
594 204 764 260 patitur,
795 206 975 269 primum
1007 205 1048 246 in
1079 219 1131 246 eo
1162 212 1352 260 peccant,
1373 204 1487 260 quod
1517 203 1706 269 injuriosi

277 269 376 302 sunt
395 259 436 300 in
458 261 685 315 proximos.
709 276 811 316 quas
831 262 941 301 enim
962 262 1104 316 copias
1126 261 1191 302 his
1207 269 1249 302 et
1265 261 1523 317 suppeditari
1545 261 1706 316 aequius

277 324 356 366 est,
379 326 423 357 et
451 317 644 372 relinqui,
673 332 740 358 eas
771 319 1022 358 transferunt
1051 317 1104 357 ad
1133 317 1304 358 alienos.
1367 319 1479 358 Inest
1501 328 1638 358 autem
1662 318 1704 358 in

278 372 352 413 tali
369 373 617 414 liberalitate
638 373 842 428 cupiditas
858 374 1106 428 plerumque
1124 373 1325 437 rapiendi,
1343 382 1384 415 et
1399 373 1613 415 auferendi
1635 387 1709 428 per

171 442 203 472 Ρ·
218 437 267 460 ¹0·
279 428 489 484 injuriam,
510 439 559 471 ut
577 429 630 470 ad
649 429 911 484 largiendum
941 438 1166 484 suppetant
1197 430 1344 484 copiae.
1404 431 1557 471 Vide1e
1579 430 1708 470 etiam

238 482 267 502 ³
278 485 378 527 licet
399 487 634 541 plerosque,
658 501 740 526 non
762 495 847 526 tam
870 494 1016 526 natura
1033 486 1239 535 liberales,
1262 501 1388 541 quam
1410 486 1590 542 quadam
1612 486 1708 541 glo-

277 542 338 583 ria
356 542 522 590 ductos,
546 552 592 583 ut
611 542 784 583 benefici
809 540 1040 592 videantur,
1061 542 1196 582 facere
1216 541 1364 591 multa,
1386 558 1478 598 quae
1500 542 1708 598 proficisci

275 598 329 639 ab
359 599 639 640 ostentatione
668 598 820 662 magis,
850 612 975 653 quam
1007 612 1031 637 a
1060 597 1274 639 voluntate
1307 598 1535 639 videantur.
1594 598 1708 638 Talis

276 662 417 695 autem
439 654 667 706 simulatio,
690 654 860 695 vanitati
892 664 955 695 cst
985 654 1263 718 conjunctior,
1286 669 1442 709 quam
1433 666 1506 696 aut
1524 650 1708 695 liberali-

211 724 262 757 45
277 711 367 761 tati,
385 720 457 752 aut
483 711 708 752 honestati.
765 710 954 752 Tertium
977 721 1040 752 est
1059 711 1340 766 propositum,
1362 720 1410 752 ut
1441 712 1481 752 in
1509 710 1641 752 benef
1632 726 1708 751 61-

275 767 388 808 entia
408 767 596 809 delectus
626 776 736 809 esset
765 767 1010 823 dignitatis:
1041 767 1084 808 in
1114 782 1199 823 quo
1227 776 1269 808 et
1299 782 1435 808 mores
1467 767 1558 823 ejus
1587 776 1710 808 erunt

275 824 508 878 spectandi,
538 825 578 864 in
617 838 743 889 quem
778 825 1025 865 beneficium
1059 825 1310 875 confeietur,
1340 832 1382 864 et
1413 824 1577 865 animus
1608 837 1710 879 erga

274 895 367 931 nOS,
385 889 428 921 et
446 881 743 931 communitas,
763 895 812 921 ac
833 881 1011 921 societas
1033 881 1140 931 vitae,
1161 890 1204 921 et
1233 880 1284 921 ad
1313 890 1474 922 nostras
1504 880 1707 922 utilitates

274 936 412 977 officia
429 946 526 977 ante
545 937 726 977 collata:
758 951 850 991 quae
880 946 928 978 ut
956 945 1205 977 concurrant
1226 937 1381 987 omnia,
1404 937 1591 992 optabile
1613 945 1677 978 est
1693 952 1706 987 3

275 992 339 1032 sin
369 992 521 1043 minus,
548 992 694 1047 -plures
729 1007 881 1042 causae,
912 992 1191 1056 majoresque,
1222 993 1418 1047 ponderis
1448 993 1543 1047 plus
1573 993 1704 1034 habe-

198 1051 263 1101 15
275 1048 396 1089 bunt
455 1049 670 1091 Quoniam
691 1057 831 1089 autem
853 1048 1000 1089 vivitur
1017 1063 1100 1089 non
1120 1063 1216 1089 cum
1236 1050 1429 1104 perfectis
1449 1049 1708 1100 hominibus,

209 1122 264 1159 46
277 1111 315 1142 74
329 1105 537 1161 planeque
567 1105 841 1161 sapientibus,
863 1104 934 1145 sed
955 1119 1053 1146 cum
1074 1105 1138 1156 iis,
1158 1105 1200 1146 in
1223 1105 1374 1162 quibus
1395 1106 1591 1161 praeclare
1612 1105 1707 1161 agi-

274 1171 357 1213 tur,
372 1177 405 1202 Sl
427 1170 525 1203 sunt
546 1162 768 1203 simulacra
787 1162 971 1203 virtutis:
995 1161 1120 1202 etiam
1141 1161 1222 1202 hoc
1241 1162 1563 1217 intelligendum
1586 1172 1708 1218 puto,

273 1219 484 1259 neminem
501 1219 673 1260 omnino
690 1233 779 1260 esse
797 1217 1116 1273 negligendum,
1132 1218 1175 1259 in
1191 1233 1277 1284 quo
1293 1219 1432 1274 aliqua
1454 1219 1706 1274 significatio

271 1274 432 1316 virtutis
453 1285 678 1330 appareat:
709 1275 935 1316 colendum
964 1284 1104 1316 autem
1137 1289 1227 1315 esse
1257 1276 1316 1316 ita
1345 1289 1555 1331 quemque
1574 1290 1708 1316 maxi-

270 1346 354 1382 me,
377 1339 414 1368 7⁵
431 1341 477 1373 ut
498 1332 675 1388 quisque
696 1331 878 1372 maxime
904 1332 966 1372 his
995 1331 1215 1373 virtutibus
1236 1332 1464 1372 lenioribus
1486 1332 1564 1372 erit
1583 1346 1706 1372 orna-

270 1398 354 1438 tus,
373 1388 594 1439 modestia,
615 1389 906 1444 temperantia,
925 1387 1039 1428 hac
1030 1402 1132 1443 ipsa,
1154 1387 1206 1429 de
1227 1403 1310 1444 qua
1332 1388 1421 1452 jam
1443 1388 1577 1429 multa
1597 1388 1711 1429 dicta

271 1453 385 1495 sunt,
400 1444 578 1501 justitia.
637 1447 751 1486 Nam
774 1445 893 1486 fortis
915 1445 1079 1486 animus
1100 1454 1142 1486 et
1162 1459 1342 1500 magnus
1369 1460 1408 1485 111
1432 1444 1602 1485 homine
1622 1459 1706 1485 non

272 1501 473 1565 perfecto,
497 1515 573 1542 nec
594 1502 794 1557 sapiente,
817 1501 1042 1543 ferventior
1068 1501 1316 1557 plerumque
1348 1511 1438 1542 est:
1470 1501 1552 1542 illae
1577 1501 1708 1542 virtu-

273 1566 351 1608 tes,
373 1557 505 1598 virum
528 1558 688 1599 bonum
711 1565 748 1594 76
764 1558 955 1599 videntur
974 1558 1116 1613 potius
1136 1558 1358 1613 attingere
1388 1558 1531 1613 Atque
1551 1557 1671 1599 haec
1661 1572 1704 1598 m

207 1625 259 1665 47
274 1614 476 1655 moribus.
516 1615 584 1655 De
604 1615 893 1656 benevolentia
912 1623 1068 1665 autem,
1087 1629 1213 1678 quani
1237 1615 1413 1670 quisque
1433 1614 1584 1655 habeat
1605 1628 1709 1670 erga

273 1685 364 1721 nos,
383 1670 568 1726 primum
589 1671 694 1712 illud
714 1681 778 1712 est
800 1672 841 1712 in
864 1671 1016 1722 officio,
1039 1680 1086 1712 ut
1103 1686 1139 1711 6]
1161 1671 1389 1726 plurimum
1412 1671 1660 1721 tribuamus,
1681 1685 1707 1711 a

272 1742 358 1783 quo
378 1726 608 1782 plurimum
629 1728 875 1783 diligimuzr
907 1727 978 1768 sed
999 1727 1333 1768 benevolentiam
1355 1742 1438 1768 non
1460 1727 1704 1768 adolescen-

272 1783 459 1824 tulorum
478 1799 611 1835 more,
631 1784 794 1826 ardore
810 1784 993 1840 quodam
1025 1784 1194 1834 amoris,
1215 1784 1289 1825 sed
1321 1784 1548 1826 stabilitate
1566 1784 1708 1840 potius

273 1848 316 1882 et
340 1841 575 1882 constantia
597 1841 865 1906 judicemus:
897 1841 959 1881 sin
991 1849 1113 1882 erunt
1142 1841 1303 1891 merita,
1322 1850 1368 1882 ut
1397 1856 1482 1882 non
1511 1839 1708 1891 ineunda,

230 1900 260 1931 b·
274 1897 346 1937 sed
366 1897 585 1938 referenda
606 1898 658 1938 sit
676 1898 836 1953 gratia:
867 1897 1003 1954 major
1024 1897 1216 1953 quaed'am
1238 1912 1338 1938 cura
1358 1897 1598 1938 adhibenda
1617 1905 1706 1937 est·

275 1952 438 1994 nullum
473 1954 585 1995 enim
618 1955 802 1996 officium
838 1955 1054 1995 referenda
1089 1954 1226 2009 gratia
1260 1954 1395 2009 magis
1429 1953 1709 1994 necessarium

208 2018 260 2051 48
275 2018 351 2051 est.
410 2011 549 2075 Quod
572 2010 606 2052 si
637 2026 700 2061 ea,
722 2026 815 2066 quae
838 2010 994 2051 utenda
1013 2010 1238 2066 acceperis,
1260 2011 1420 2066 majore
1441 2024 1650 2060 mensura,
1672 2009 1707 2050 si

274 2066 403 2108 modo
439 2066 588 2132 possis,
615 2067 741 2124 jubet
776 2066 948 2108 reddere
986 2067 1228 2108 Hesiodus·
1265 2066 1464 2122 quidnam
1500 2065 1707 2107 beneficio

272 2124 487 2178 provocati
514 2124 650 2164 facere
677 2123 912 2165 debemus?
948 2131 985 2160 77
1001 2138 1053 2164 an
1086 2139 1169 2164 non
1199 2123 1353 2164 imitari
1379 2138 1502 2178 agros
1534 2122 1706 2172 fertiles,

272 2179 346 2235 qui
368 2187 406 2216 78
422 2180 559 2222 multo
587 2180 683 2236 plus
716 2181 909 2231 eflerunt,
930 2194 1057 2236 quam
1083 2182 1365 2236 acceperunt?
1398 2179 1566 2221 Etenim
1598 2179 1632 2219 si
1660 2179 1704 2219 in

270 2250 359 2288 eOS,
380 2251 486 2293 quos
518 2251 733 2293 speramus
764 2237 885 2278 nobis
913 2237 1173 2293 profuturos,
1192 2251 1277 2277 non
1308 2236 1549 2277 dubitamus
1570 2235 1709 2276 officia

316 2353 354 2383 73
379 2360 466 2390 quam
483 2360 525 2378 res
534 2347 667 2389 patitur]
685 2349 763 2381 Mss.
780 2350 877 2380 Goth.
891 2351 966 2381 Cur.

272 2392 391 2422 habent
401 2392 549 2431 patiatur.
567 2403 630 2423 non
649 2393 743 2422 male.

316 2441 355 2469 74
374 2435 520 2476 planeque
535 2434 724 2476 sapientibus]
737 2435 880 2477 planeque
895 2437 965 2466 dedi

270 2487 326 2516 pro
343 2477 483 2519 pleneque
505 2488 522 2507 e
546 2478 625 2508 Mss.
646 2478 722 2508 Cur.
743 2479 857 2509 Duisb.
873 2486 903 2508 et
918 2480 967 2509 ed.

271 2522 459 2551 Anemoecii.
476 2522 565 2552 etsie
581 2531 705 2561 semper
720 2521 893 2561 legendum
910 2531 969 2561 pu-

273 2565 346 2594 tavi.

315 2613 353 2640 75
377 2612 410 2634 u!
436 2606 556 2647 quisque
579 2606 715 2645 maxime]
743 2607 862 2648 quisque
885 2608 965 2637 mihi

271 2655 453 2688 suspectum
469 2656 526 2686 est,
544 2649 722 2689 meliusque
739 2651 870 2679 abesset.

317 2696 356 2726 76
384 2692 522 2721 videntur
545 2693 642 2732 potius
672 2691 829 2732 attingere]
863 2693 965 2732 Magis

270 2734 310 2763 ad
333 2735 435 2764 virum
460 2735 584 2766 bonum
606 2737 771 2776 pertinere,
787 2736 892 2765 virum
909 2736 965 2765 bo-

272 2786 353 2806 num
370 2777 500 2808 efficere.

316 2825 352 2853 '1¹7
377 2831 414 2848 an
429 2831 479 2850 non
496 2819 622 2860 imitari]
642 2821 692 2852 Sic
707 2821 784 2852 olim
801 2821 963 2859 edebatur,

1011 2357 1080 2389 post
1095 2350 1218 2380 editum
1233 2360 1284 2386 an,
1299 2349 1400 2379 deleto
1415 2360 1480 2386 non,
1498 2355 1532 2379 ut
1548 2349 1643 2379 habet
1658 2349 1708 2380 ed.

1011 2394 1124 2423 Colon.
1151 2394 1337 2431 dictumque
1363 2403 1400 2421 an
1430 2393 1462 2421 in
1489 2393 1708 2431 interrogando

1010 2437 1185 2466 affirmare:
1209 2436 1294 2475 quod
1309 2441 1355 2465 est
1371 2442 1480 2465 contra
1500 2435 1678 2474 analogiam
1696 2444 1704 2462 ι

1011 2489 1070 2510 nec
1091 2478 1238 2518 exempla
1261 2477 1379 2517 prolata
1402 2479 1608 2507 satisfaciunt.
1636 2486 1705 2507 ma-

1011 2522 1070 2552 lim
1086 2529 1193 2552 tamen
1209 2532 1246 2550 an
1261 2521 1369 2557 deleri,
1386 2531 1449 2560 quo
1466 2521 1521 2551 fiat
1535 2521 1632 2551 oratio
1644 2519 1708 2549 ele-

1011 2566 1151 2604 gantior:
1176 2575 1227 2593 non
1248 2564 1361 2593 imitari
1381 2576 1411 2594 a.
1425 2565 1459 2604 f-
1473 2564 1490 2593 ?
1505 2574 1595 2592 annon
1612 2563 1708 2592 habet

1010 2608 1073 2638 Ms.
1091 2607 1155 2638 Erf.
1192 2607 1279 2637 Tum
1308 2613 1376 2646 post
1401 2607 1464 2637 Ms.
1489 2607 1586 2635 Goth.
1611 2606 1708 2636 habet

1008 2650 1180 2690 acceperint.

1054 2699 1093 2728 78
1117 2692 1206 2721 multo
1226 2691 1295 2731 plus
1320 2691 1454 2741 ffrunt]
1483 2691 1578 2721 Recte
1603 2691 1665 2721 hoc
1688 2699 1707 2720 a

1008 2735 1233 2766 recentioribus
1253 2736 1424 2775 repositum
1441 2741 1486 2765 est
1506 2744 1560 2774 pro
1576 2734 1705 2774 vulgato

1008 2779 1146 2820 aff'erunl.
