1844 3202
595 147 778 186 LIBER
815 146 1065 184 PRIMUS.
1464 145 1535 192 691

110 259 367 309 eommunia,
384 255 500 314 quod
532 255 684 311 cuique
708 253 880 310 obtigit,
902 253 944 294 id
975 253 1153 309 quisque
1181 258 1346 292 teneat:
1378 259 1418 287 89
1431 266 1483 294 eo
1502 251 1538 293 si

110 316 183 371 qui
209 315 289 356 sibi
317 315 411 370 plus
441 320 610 369 appetet
626 328 637 363 3
669 311 840 353 violabit
860 311 933 367 jus
955 309 1149 350 humanae
1171 307 1395 348 societatis.
1455 308 1537 350 Sed
1549 313 1601 346 22

109 371 323 426 quoniam,
342 373 405 424 (ut
420 369 617 424 praeclare
634 368 834 422 scriptum
855 376 917 407 est
933 381 957 407 a
975 366 1163 417 Platone)
1184 373 1224 396 40
1235 378 1319 404 non
1335 364 1454 404 nobis
1472 379 1540 404 so-

110 427 160 468 lis
183 428 267 468 nati
287 440 446 476 sumus,
463 433 664 479 ortusque
685 423 815 464 nostri
834 433 996 478 partem
1015 421 1148 478 patria
1164 420 1358 470 vindicat,
1377 429 1537 474 partem

111 482 264 523 amici:
297 491 438 537 atque,
461 491 507 523 ut
537 481 675 536 placet
705 479 872 530 Stoicis,
895 488 930 511 4¹
953 494 1046 534 quae
1076 479 1117 519 in
1144 477 1264 519 terris
1294 477 1538 532 gignantur,
1551 489 1581 518 h.

107 538 160 579 ad
188 552 311 579 usum
343 538 563 580 hominum
594 537 735 578 omnia
764 536 908 585 creari,
931 535 1122 576 homines
1151 545 1290 576 autem
1319 533 1539 574 hominum

109 608 236 635 causa
254 608 344 635 esse
362 604 600 650 generatos,
621 603 669 634 ut
697 593 775 648 ipsi
806 593 914 633 inter
947 606 1006 643 se,
1026 591 1117 632 aliis
1136 591 1205 631 alii
1224 589 1423 645 prodesse
1444 603 1542 644 pos-

107 659 200 692 sent
218 667 226 690 :
259 651 299 691 in
320 650 401 692 hoc
423 660 614 691 naturam
636 649 839 691 debemus
858 649 1012 690 ducem
1035 647 1167 703 sequi,
1188 660 1436 688 communes
1456 645 1540 686 uti-

106 707 244 748 litates
274 707 316 747 in
346 707 532 748 medium
553 707 712 756 afferre,
731 707 965 747 mutatione
987 705 1236 754 officiorum,
1257 702 1412 753 dando,
1431 701 1542 743 acci-

105 762 279 818 piundo,
303 772 391 805 tum
423 764 597 812 artibus,
620 772 709 804 tum
743 777 885 817 opera,
914 771 1005 803 tum
1033 760 1303 802 facultatibus
1332 759 1540 800 devincire

106 819 327 861 hominum
350 821 458 862 inter
478 819 669 860 homines
701 820 960 860 societatem.
1020 817 1360 858 Fundamentum
1381 825 1444 856 est
1464 829 1539 856 au·
1551 821 1599 854 23

107 885 193 917 tem
220 874 398 931 justitiae
432 876 560 926 fides3
591 875 633 916 id
669 883 746 926 est,
778 875 988 917 dictorum
1019 883 1406 929 conventorumque
1436 887 1540 913 con-

107 933 260 973 stantia
288 942 332 974 et
362 933 525 974 veritas.
555 946 607 973 ex
633 947 733 988 quo,
755 946 1011 988 quamquam
1031 931 1114 972 hoc
1134 930 1343 971 videbitur
1363 930 1543 970 fortasse

107 988 291 1044 cuipiam
322 989 482 1040 durius,
514 999 654 1029 tamen
685 988 914 1029 audeamus
946 987 1101 1030 imitari
1132 987 1314 1036 Stoicos,
1348 985 1420 1041 qui
1451 995 1541 1027 stu-

107 1044 226 1086 diose
256 1046 495 1101 exquirunt,
521 1045 633 1086 unde
661 1045 786 1086 verba
816 1045 899 1086 sint
927 1045 1070 1095 ducta,
1100 1043 1421 1098 credamusque,
1443 1042 1544 1098 quia

108 1101 192 1151 fiat,
214 1102 329 1156 quod
349 1102 510 1143 dictum
532 1110 610 1154 est,
630 1101 882 1157 appellatam
904 1101 1044 1142 fidem.

156 1158 239 1198 Sed
260 1158 473 1214 injustitiae
494 1172 650 1213 genera
669 1158 755 1198 duo
778 1167 894 1199 sunt:
916 1172 1049 1198 unum
1065 1171 1230 1206 eorum,
1244 1156 1317 1213 qui
1336 1156 1542 1206 inferunt3

105 1213 282 1254 alterum
317 1229 481 1264 eorum,
512 1213 584 1269 qui
615 1214 669 1254 ab
700 1214 763 1264 iis,
792 1213 945 1268 quibus
976 1213 1165 1263 infertur,
1191 1213 1224 1253 si
1249 1213 1426 1268 possint,
1457 1227 1544 1254 non

105 1270 352 1325 propulsant
381 1270 591 1326 injuriam.
649 1270 763 1310 Nam
795 1270 868 1324 qui
896 1269 1051 1326 injuste
1081 1270 1288 1324 impetum
1322 1269 1363 1310 in
1392 1283 1544 1325 quem-

104 1326 219 1381 piam
250 1326 364 1377 facit,
383 1335 457 1367 aut
485 1327 558 1376 ira,
591 1334 630 1358 42
649 1336 722 1367 aut
751 1325 892 1381 aliqua
921 1326 1236 1381 perturbatione
1266 1325 1478 1376 incitatus,
1510 1326 1544 1366 is

106 1382 224 1438 quasi
256 1398 404 1423 manus
434 1383 578 1424 afferre
606 1382 769 1423 videtur
800 1383 941 1423 socio:
973 1382 1044 1438 qui
1070 1392 1213 1423 autem
1236 1397 1319 1423 non
1339 1381 1545 1433 defendit,

108 1452 184 1483 nec
204 1439 384 1490 obsistit,
406 1440 439 1480 si
459 1447 614 1494 potest,
635 1439 811 1494 injuriae,
833 1447 921 1480 tam
951 1448 1015 1480 est
1043 1439 1085 1479 in
1117 1438 1230 1489 vitio,
1253 1453 1380 1494 quam
1407 1440 1441 1479 si
1468 1453 1542 1494 pa-

105 1503 257 1547 renteS,
278 1505 351 1536 aut
371 1496 565 1551 patriam,
586 1503 660 1536 aut
682 1496 819 1536 socios
841 1496 1017 1536 deserat.
1076 1495 1222 1551 Atque
1254 1494 1337 1536 illae
1368 1496 1541 1551 quidem
1555 1506 1606 1539 24

104 1550 281 1607 injuriae,
302 1567 396 1608 quae
428 1552 606 1593 nocendi
636 1565 762 1593 causa
791 1551 844 1592 de
874 1551 1078 1607 industria
1107 1552 1356 1602 inferuntur,
1376 1567 1488 1608 saepe
1519 1567 1545 1594 a

103 1617 222 1649 metu
242 1608 588 1664 proficiscuntur3
620 1623 718 1650 cum
740 1608 789 1659 is,
808 1608 881 1664 qui
901 1623 1052 1650 nocere
1070 1608 1189 1649 alteri
1208 1608 1386 1663 cogitat,
1406 1609 1545 1660 timet,

105 1677 172 1714 ne,
194 1664 271 1705 nisi
291 1665 332 1706 id
353 1665 513 1716 fecerit,
535 1665 624 1721 ipse
645 1665 788 1721 aliquo
809 1665 1012 1706 afficiatur
1038 1665 1329 1706 incommodo.
1391 1673 1430 1697 43
1445 1667 1546 1706 Ma-

104 1719 262 1761 ximam
293 1731 433 1762 autem
461 1731 624 1778 partem
653 1721 706 1762 ad
735 1721 931 1778 injuriam
959 1721 1201 1762 faciundam
1223 1721 1546 1777 aggrediuntur,

103 1785 153 1817 ut
173 1776 457 1832 adipiscantur
476 1793 539 1828 ea,
557 1792 652 1833 quae
671 1778 1027 1833 concupiverunt:
1049 1779 1091 1819 in
1113 1793 1199 1834 quo
1220 1779 1320 1819 vitio
1341 1778 1545 1819 latissime

103 1841 223 1888 patet
241 1834 423 1875 avaritia.
473 1837 739 1890 Expetuntur
758 1843 900 1875 autem
922 1834 1076 1875 divitiae
1104 1849 1202 1876 cum
1235 1834 1289 1875 ad
1320 1850 1420 1876 usus
1448 1835 1543 1876 vitae
1559 1830 1592 1877 8

104 1890 373 1939 necessarios,
393 1899 484 1932 tum
515 1891 568 1931 ad
599 1890 871 1946 perfruendas
901 1891 1151 1946 voluptates.
1213 1892 1262 1932 In
1288 1891 1441 1947 quibus
1467 1907 1543 1933 au·
1556 1904 1606 1936 25

105 1954 193 1986 tem
216 1946 352 2002 major
371 1956 434 1988 est
455 1947 634 1997 animus,
655 1947 697 1987 in
729 1947 777 1988 iis
806 1947 996 2002 pecuniae
1020 1948 1229 2003 cupiditas
1252 1956 1291 1980 44
1309 1956 1472 2003 spectat
1491 1949 1546 1990 ad

105 2015 224 2057 opes,
241 2011 284 2042 et
302 2002 355 2043 ad
370 2003 635 2059 gratificandi
656 2003 901 2045 facultatem
919 2021 927 2044 :
960 2012 1008 2045 ut
1029 2019 1163 2060 nuper
1182 2005 1250 2045 M.
1273 2003 1451 2046 Crassus
1474 2019 1545 2045 ne-

105 2059 250 2113 gabat,
266 2058 395 2100 ullam
416 2055 516 2102 satis
533 2074 730 2115 magnam
752 2060 976 2115 pecuniam
993 2075 1084 2102 esse
1105 2061 1159 2114 ei,
1177 2061 1249 2116 qui
1266 2061 1309 2101 in
1328 2061 1545 2116 republica
1557 2073 1587 2102 P·
1602 2066 1635 2093 6-

104 2115 298 2169 princeps
318 2115 443 2157 vellet
463 2130 567 2166 esse,
584 2117 706 2173 cujus
726 2116 934 2158 fructibus
954 2117 1185 2158 exercitum
1206 2117 1317 2158 alere
1337 2132 1423 2158 non
1444 2132 1544 2173 pos-
1555 2117 1585 2136 ἃ·

105 2180 184 2212 set.
241 2171 470 2214 Delectant
504 2173 631 2214 etiam
668 2173 883 2229 magnifici
917 2182 1156 2229 apparatus,
1191 2174 1371 2230 vitaeque
1406 2174 1546 2216 cultus

104 2240 202 2268 cum
232 2228 445 2284 elegantia
471 2238 515 2270 et
545 2229 697 2285 copia:
731 2229 884 2286 quibus
914 2230 1039 2271 rebus
1066 2230 1265 2271 effectum
1286 2240 1366 2281 est,
1387 2240 1436 2272 ut
1456 2231 1548 2272 infi-

104 2282 190 2324 nita
209 2285 399 2340 pecuniae
427 2285 636 2342 cupiditas
662 2296 786 2328 esset.
845 2287 940 2328 Nec
962 2300 1057 2328 vero
1079 2287 1138 2329 rei
1157 2286 1376 2330 familiaris
1395 2287 1547 2344 ampli-

148 2447 189 2474 89
205 2452 234 2470 eo
249 2442 273 2471 si
289 2444 339 2485 qui
356 2444 411 2474 sibi
428 2444 498 2484 plus
513 2443 643 2485 appetet]
663 2446 737 2477 Plus
752 2455 803 2484 eo,

103 2485 191 2524 quod
212 2485 270 2514 sibi
298 2487 409 2527 obtigit
432 2488 576 2528 legitimo
600 2489 709 2520 modo.
734 2490 805 2519 haec

104 2527 198 2557 lectio
213 2533 260 2558 est
274 2529 343 2560 edd.
359 2540 406 2569 pr.
421 2540 556 2571 eamque
571 2531 743 2562 lectionem
760 2532 806 2562 al·

105 2570 174 2607 teri,
192 2581 228 2599 ex
250 2582 304 2612 quo
327 2571 351 2601 si
366 2573 416 2614 qui
438 2573 493 2603 sibi
509 2580 625 2614 appetet
639 2574 804 2615 praetulere

106 2612 141 2643 P.
167 2612 349 2651 Manutius,
375 2615 546 2654 Victorius,
571 2618 748 2648 Lambinus
774 2624 805 2648 et

108 2656 265 2693 Pearcius‚
286 2659 342 2696 qui
366 2667 438 2689 eam
459 2661 624 2692 revocavit.
647 2661 740 2692 bene.
759 2661 804 2691 sic

105 2704 154 2728 est
169 2698 232 2729 Ms.
249 2699 365 2730 Duisb.

148 2747 191 2771 40
212 2751 265 2771 non
287 2742 364 2772 nobis
384 2743 473 2773 solum
493 2745 556 2773 nati
573 2743 684 2785 sumus]
703 2746 804 2776 Credo

105 2783 278 2822 legendum
293 2784 358 2815 solis
371 2797 381 2814 :
397 2786 488 2816 solum
503 2788 669 2826 pertineret
684 2790 723 2819 ad
738 2788 803 2817 nati

105 2835 213 2862 sumus,
229 2829 314 2865 quod
329 2835 375 2859 est
389 2829 544 2860 alienum.
573 2830 620 2860 Ita
634 2832 719 2870 apud
734 2831 805 2861 Pla-

103 2873 214 2902 tonem
231 2869 286 2910 Ep.
307 2878 333 2901 ι.
357 2873 398 2903 ad
420 2873 610 2913 Archytam,
629 2873 801 2913 legendum

850 2445 908 2485 οὐχ
924 2445 1018 2484 ἑαυτῷ
1031 2445 1118 2484 patim,
1135 2456 1200 2477 non
1215 2445 1305 2483 μένον.

893 2497 929 2519 41
956 2500 1023 2531 quae
1046 2490 1076 2518 in
1099 2489 1183 2519 terris
1203 2488 1378 2529 gignuntur]
1398 2490 1549 2520 Latinitas

848 2532 987 2571 postulat
998 2532 1172 2572 gignantur,
1185 2533 1295 2572 sicque
1311 2533 1462 2571 rescripsi.

892 2582 932 2605 42
955 2582 1008 2604 aut
1030 2575 1133 2617 aliqua
1153 2575 1381 2615 perturbatione]
1409 2576 1471 2605 Int.
1487 2575 1549 2605 alia

848 2627 924 2657 qua,
941 2624 977 2650 ut
998 2627 1082 2658 saepe
1104 2625 1151 2649 est
1173 2619 1256 2658 apud
1281 2619 1468 2649 Ciceronem
1491 2617 1549 2646 ali·

869 2672 924 2690 uls.

849 2672 868 2703 q
892 2710 932 2734 43
956 2703 1127 2733 Maximam
1151 2701 1284 2743 partem]
1313 2703 1367 2733 Est
1394 2702 1548 2742 plerique,

848 2751 886 2775 ut
894 2746 1009 2785 partim
1024 2747 1139 2777 dicitur
1155 2757 1211 2787 pro
1227 2745 1345 2788 quidam
1361 2755 1391 2775 v.
1408 2745 1498 2776 Clav.
1515 2746 1548 2776 in

846 2795 973 2827 partim.

890 2838 930 2862 44
954 2838 1064 2870 spectat
1085 2831 1127 2860 ad
1144 2830 1218 2871 opes]
1236 2832 1256 2862 i.
1270 2840 1298 2861 e.
1315 2831 1354 2860 ad
1370 2831 1547 2870 potentiam

846 2875 1120 2914 consequendam·

815 2927 935 2970 Yy4
