1844 3202
672 117 749 156 DE
786 115 1090 154 AMICITIA.
1515 120 1593 166 827

173 225 290 282 Quid
318 226 429 268 enim
459 225 683 268 Africanus
712 223 903 278 indigens
929 222 1009 263 mei
1030 224 1043 263 ?
1076 222 1258 264 Minime
1277 222 1446 267 hercle:
1473 241 1523 268 ac
1542 241 1594 268 ne

171 297 255 338 ego
277 283 445 339 quidem
467 283 598 324 illius:
620 280 691 321 sed
713 295 795 335 ego
817 279 1091 321 admiratione
1110 279 1288 335 quadam
1308 281 1468 324 virtutis
1489 285 1595 339 ejuS,

170 339 242 380 ille
262 340 436 381 vicissim
459 337 653 394 opinione
676 337 850 378 fortasse
871 335 1084 385 nonnulla,
1105 350 1230 391 quam
1261 336 1313 376 de
1341 339 1444 378 meis
1465 340 1594 380 mori·

172 395 250 436 bus
282 396 475 445 habebat,
505 410 572 435 me
603 393 775 435 dilexit:
811 392 926 434 auxit
958 392 1286 434 benevolentiam
1317 396 1593 437 consuetudo.

171 452 253 492 Sed
274 466 527 506 quamquam
549 450 749 492 utilitates
771 450 929 499 multae,
949 458 991 490 et
1020 463 1184 504 magnae
1214 460 1451 490 consecutae
1482 462 1594 502 sunt,

171 522 253 548 non
275 518 371 548 sunt
390 518 528 548 tamen
549 508 601 548 ab
620 521 762 548 earum
783 521 856 562 spe
877 520 1012 547 causae
1034 505 1235 561 diligendi
1258 506 1473 561 profectae.
1536 508 1593 548 Ut
1607 522 1655 555 31

171 563 282 604 enim
314 564 485 605 benefici
518 564 791 620 liberalesque
822 577 981 613 sumus,
1000 576 1084 603 non
1102 574 1150 603 ut
1171 562 1388 618 exigamus
1415 563 1595 618 gratiam

173 621 325 676 (neque
357 621 468 661 enim
496 620 745 662 beneficium
774 620 1043 672 foeneramur)
1071 626 1105 655 ¹7
1125 619 1198 660 sed
1227 629 1374 660 natura
1402 621 1597 674 propensi

170 676 223 716 ad
245 677 533 718 liberalitatem
564 692 709 718 sumus
727 694 737 718 :
769 676 827 717 sic
852 675 1077 716 amicitiam
1100 690 1183 716 non
1205 688 1277 731 spe
1298 675 1500 717 mercedis
1521 676 1596 717 ad-

171 731 302 781 ducti,
323 733 396 774 sed
418 734 534 790 quod
561 735 696 775 omnis
722 732 812 789 ejus
840 733 1002 774 fmctus
1027 732 1068 773 in
1096 733 1188 787 ipso
1215 747 1359 773 amore
1384 733 1506 783 inest,
1525 747 1597 773 ex·

170 789 391 844 petendam
414 801 624 847 putamus.
664 790 734 831 Ab
755 790 818 839 iis,
840 789 910 844 qui
933 788 1145 844 pecudum
1165 789 1248 830 ritu
1266 789 1319 829 ad
1340 789 1596 844 voluptatem
1610 803 1660 835 32

170 846 311 887 omnia
347 847 544 897 referunt,
575 847 702 901 longe
734 846 1001 887 dissentiunt.
1040 860 1115 886 nec
1145 845 1314 886 mirum.
1352 846 1453 887 nihil
1485 846 1598 887 enim

170 902 318 954 altum,
343 903 448 944 nihil
477 903 747 958 magnificum
781 917 829 944 ac
861 902 1047 943 divinum
1076 902 1286 958 suspicere
1314 913 1504 958 possunt,
1526 902 1600 959 qui

172 973 267 1000 suas
303 974 449 1001 omnes
484 960 766 1016 cogitationes
799 959 1042 1015 abjecerunt
1070 959 1114 1000 in
1143 974 1230 1000 rem
1262 970 1348 1000 tam
1379 959 1599 1009 humilem,

170 1024 342 1072 tamque
362 1026 635 1058 contemtam.
658 1017 931 1073 quamobrem
952 1015 1031 1056 hos
1049 1015 1220 1071 quidem
1236 1016 1289 1056 ab
1309 1016 1389 1056 hoc
1406 1030 1599 1057 sermone

171 1086 487 1115 removeamus:
519 1074 596 1129 ipsi
625 1083 764 1114 autem
796 1073 1096 1128 intelligamus,
1117 1083 1264 1114 natura
1282 1073 1400 1128 gigni
1429 1087 1599 1114 sensum

171 1128 388 1185 diligendi,
408 1140 449 1171 et
470 1130 767 1171 benevolentiae
787 1130 1020 1178 caritatem,
1040 1129 1150 1170 facta
1177 1129 1480 1184 significatione
1500 1143 1600 1184 pro·

172 1185 314 1226 bitatis
338 1203 346 1226 :
389 1202 514 1242 quam
547 1187 618 1242 qui
647 1186 949 1242 appetiverunt,
981 1185 1192 1240 applicant
1225 1200 1327 1235 sese,
1357 1195 1399 1226 et
1429 1185 1601 1241 propius

171 1240 410 1293 admovent,
430 1252 478 1284 ut
501 1253 545 1284 et
571 1258 652 1283 usu
671 1243 777 1299 ejus,
798 1257 924 1298 quem
944 1241 1120 1297 diligere
1139 1252 1374 1297 coeperunt,
1395 1243 1601 1293 fruantur,

170 1308 214 1338 et
239 1299 453 1349 moribus;
484 1300 650 1354 sintque
675 1314 793 1355 pares
813 1300 853 1340 in
874 1312 1032 1348 amore,
1054 1307 1096 1339 et
1116 1298 1295 1354 aequales
1314 1316 1323 1340 z
1355 1299 1602 1354 propensio-

172 1367 323 1410 resque
350 1355 403 1396 ad
431 1357 536 1397 bene
562 1356 824 1406 merendum,
847 1370 972 1411 quam
1002 1354 1055 1396 ad
1079 1355 1401 1410 reposcendum.
1457 1356 1602 1411 Atque

165 1410 266 1452 1haec
289 1413 395 1453 inter
415 1427 486 1454 eos
507 1413 560 1454 sit
580 1412 757 1454 honesta
777 1412 967 1453 certatio.
989 1411 1047 1452 sic
1065 1422 1108 1453 et
1126 1412 1329 1453 utilitates
1349 1427 1399 1452 ex
1417 1412 1601 1453 amicitia
1612 1419 1646 1452 b.

174 1469 368 1509 maximae
395 1471 612 1526 capientur
631 1486 641 1511 ε
672 1480 714 1511 et
733 1470 812 1510 erit
831 1468 921 1524 ejus
942 1477 1058 1509 ortus
1078 1483 1102 1509 a
1122 1478 1284 1519 natura,
1304 1483 1430 1524 quam
1451 1469 1503 1509 ab
1524 1469 1604 1509 im—

176 1523 416 1576 becillitate,
436 1537 478 1567 et
497 1526 677 1581 gravior,
698 1536 741 1567 et
758 1526 906 1566 verior.
931 1539 1025 1565 nam
1047 1525 1081 1565 si
1101 1525 1260 1566 utilitas
1280 1525 1485 1566 amicitias
1502 1539 1605 1566 con-

173 1580 417 1636 glutinaret,
449 1583 596 1624 eadem
627 1591 890 1624 commutata
922 1581 1180 1622 dissolveret.
1222 1581 1296 1623 sed
1327 1581 1425 1637 quia
1456 1591 1606 1623 natura

174 1638 329 1679 mutari
356 1654 442 1680 non
472 1648 625 1694 potest,
652 1639 808 1680 idcirco
837 1653 942 1679 verae
972 1638 1168 1679 amicitiae
1198 1638 1463 1693 sempiternae
1493 1647 1605 1680 sunt.

176 1692 330 1736 Ortum
351 1695 522 1750 quidem
542 1696 736 1737 amicitiae
757 1695 916 1746 videtis,
937 1695 1015 1735 nisi
1033 1694 1134 1750 quid
1155 1694 1207 1736 ad
1230 1694 1321 1736 haec
1341 1694 1450 1736 forte
1466 1694 1605 1736 vultis.

177 1749 306 1792 Fann.
338 1751 405 1794 Tu
438 1767 534 1793 vero
568 1767 710 1807 perge,
744 1751 862 1792 Laeli.
899 1765 975 1806 pro
1005 1750 1087 1792 hoc
1116 1752 1243 1802 enim,
1273 1751 1346 1807 qui
1374 1751 1513 1792 minor
1542 1759 1607 1792 est

175 1815 292 1857 natu,
312 1822 408 1850 meo
434 1809 530 1864 jure
555 1808 804 1865 respondeo.
863 1809 993 1849 Scaev.
1016 1808 1146 1849 Recte
1164 1818 1213 1850 tu
1239 1807 1425 1865 quidem.
1455 1817 1667 1865 quam-‘88

175 1864 324 1906 obrem
345 1865 579 1907 audiamus.

232 1921 337 1961 Lael.
358 1922 518 1963 Audite
538 1936 658 1978 ergo,
679 1920 828 1977 optimi
848 1920 937 1972 viri,
951 1935 1015 1972 ea,
1036 1936 1130 1978 quae
1151 1921 1381 1977 saepissime
1399 1921 1505 1963 inter
1523 1935 1607 1973 me,
1629 1928 1691 1976 10

175 1985 220 2018 et
240 1977 479 2033 Scipionem
509 1979 560 2020 de
588 1978 773 2020 amicitia
797 1977 1119 2019 disserebantur.
1149 1993 1404 2034 quamquam
1426 1978 1496 2018 ille
1515 1978 1609 2035 qui-

175 2032 271 2074 dem
296 2042 332 2066 18
351 2035 454 2077 nihil
473 2033 681 2077 difficilius
701 2049 791 2075 esse
808 2034 990 2085 dicebat,
1008 2050 1134 2090 quam
1156 2035 1382 2076 amicitiam
1403 2049 1535 2090 usque
1554 2033 1610 2076 ad

174 2099 411 2132 extremum
432 2092 524 2133 vitae
544 2105 802 2148 permanere.
831 2106 943 2143 nam,
967 2092 1031 2132 vel
1059 2100 1107 2133 ut
1139 2106 1224 2132 non
1254 2091 1367 2133 idem
1396 2091 1610 2146 expediret

176 2147 358 2203 utrique,
378 2148 561 2190 incidere
579 2163 690 2205 saepe
712 2165 721 2189 ε
753 2148 818 2189 vel
847 2157 896 2190 ut
927 2148 980 2190 de
1007 2148 1222 2204 republica
1247 2162 1331 2189 non
1351 2147 1461 2188 idem
1482 2148 1612 2188 senti—

175 2212 293 2246 rent:
323 2206 479 2246 mutari
506 2206 632 2247 etiam
664 2219 802 2246 mores
831 2204 1051 2246 hominum
1081 2219 1192 2260 saepe
1214 2204 1395 2255 dicebat,
1415 2204 1518 2245 alias
1536 2203 1611 2245 ad-

176 2261 303 2303 versis
332 2262 470 2313 rebus,
495 2262 598 2303 alias
630 2271 754 2303 aetate
783 2262 1109 2317 ingravescente.
1139 2270 1265 2317 atque
1294 2275 1439 2302 earum
1470 2275 1608 2302 rerum

177 2318 416 2373 exemplum
454 2334 505 2360 ex
541 2318 815 2360 similitudine
852 2319 1045 2374 capiebat
1083 2318 1264 2359 ineuntis
1305 2317 1456 2368 aetatis,
1493 2316 1609 2374 quod

178 2375 334 2415 summi
366 2390 592 2430 puerorum
623 2389 787 2416 amores
818 2389 929 2431 saepe
957 2389 1041 2416 una
1061 2390 1160 2417 cum
1180 2383 1382 2430 praetexta
1405 2389 1609 2427 poneren-

179 2438 261 2470 tur.
320 2431 393 2472 Sin
424 2443 566 2474 autem
596 2432 652 2474 ad
679 2431 1006 2473 adolescentiam
1031 2431 1352 2487 perduxissent3
1385 2430 1524 2472 dirimi
1546 2441 1608 2471 ta-
1620 2445 1674 2478 34

179 2499 277 2527 men
315 2487 527 2530 interdum
566 2489 854 2539 contentione,
894 2489 960 2530 vel
997 2497 1035 2522 19
1053 2488 1209 2531 uxoriae
1243 2487 1512 2537 conditionis,
1547 2487 1611 2528 vel

225 2596 260 2625 17
281 2590 332 2620 sed
344 2597 449 2619 natura
466 2590 540 2630 δῖα]
558 2592 689 2622 Videtur
704 2591 773 2633 quia
789 2592 874 2622 exci-
918 2591 1040 2622 facilius
1058 2592 1087 2621 id
1104 2591 1196 2621 fuerit
1211 2602 1297 2632 quam
1311 2590 1340 2619 in
1352 2589 1483 2618 amicitia
1494 2598 1612 2629 perma-

179 2632 272 2670 disse,
288 2633 337 2662 sed
358 2633 428 2674 quia
450 2641 554 2663 natura
572 2636 705 2675 propensi
727 2634 768 2663 ad
786 2634 807 2664 l.
828 2646 874 2664 su·
918 2646 992 2664 nere.
1019 2640 1090 2665 tum
1115 2634 1147 2664 in
1172 2634 1273 2663 verbis
1296 2633 1336 2661 ad
1356 2639 1513 2661 extremum
1534 2632 1610 2662 τίω

180 2685 251 2705 mus.
762 2687 775 2689 -
917 2677 991 2706 diem
1011 2686 1089 2707 cum
1110 2677 1234 2706 Graevio
1255 2676 1354 2706 delevi
1377 2675 1463 2710 diem,
1479 2676 1565 2713 quod
1581 2682 1613 2705 et

226 2725 262 2749 18
279 2718 355 2748 nihil
363 2717 654 2762 difficilius,-quam
669 2720 874 2750 amicitiam—
916 2729 936 2749 a
954 2720 1031 2750 Mss.
1056 2720 1200 2759 pluribus
1222 2719 1318 2748 abest.
1341 2718 1436 2747 etiam
1452 2717 1529 2746 vitae
1544 2727 1612 2748 ma-

176 2761 355 2801 permanere]
396 2762 539 2792 Verbum
575 2762 720 2802 difficilius
752 2764 875 2794 videtur
917 2763 974 2792 lim
990 2763 1109 2793 abesse.
1145 2763 1208 2792 Ms.
1227 2761 1338 2791 Salisb.
1356 2770 1421 2789 non
1439 2760 1544 2791 habet.

178 2805 313 2835 verbum
335 2806 468 2836 actionis
490 2805 665 2844 postulare:
691 2807 785 2846 quale
808 2816 874 2836 non
961 2812 999 2838 19
1021 2805 1133 2835 uxoriae
1155 2802 1332 2841 conditionis]
1360 2803 1453 2832 Quod
1477 2803 1612 2834 eandem

179 2853 225 2876 est
235 2854 402 2887 permanere
415 2859 427 2887 ς
439 2849 501 2880 -sed
520 2848 674 2888 perducere
688 2856 744 2879 aut
757 2849 872 2880 simile.
916 2849 1071 2879 feminam
1087 2849 1120 2878 in
1136 2847 1379 2878 matrimonium
1394 2852 1513 2885 petant.
