1844 3202
261 100 351 144 746-
795 99 873 138 DE
910 100 1171 140 OFFICIIS

259 205 347 246 viro
367 204 465 247 forti
485 205 682 263 claroque
702 207 883 263 dignior.
911 224 1167 266 quamquam
1190 209 1302 252 enim
1323 208 1366 252 in
1387 217 1565 266 utroque
1585 210 1692 254 inest

258 262 521 316 gratificandi
544 263 725 306 liberalis
752 266 957 316 voluntas,
983 276 1122 308 tamen
1142 267 1272 308 altera
1292 282 1341 308 ex
1363 281 1471 317 arca,
1492 269 1622 309 altera
1641 283 1694 311 ex

258 318 410 359 virtute
431 319 692 374 depromitur
711 338 720 362 :
752 321 1020 378 largitioque,
1041 338 1134 378 quae
1159 324 1203 365 fit
1220 338 1270 364 ex
1296 339 1339 365 re
1366 324 1574 375 familiari,
1596 326 1693 366 fon-

149 382 345 427 p.44.tem
375 376 510 431 ipsum
541 376 811 432 benignitatis
839 379 1042 420 exhaurit.
1082 380 1141 420 ita
1166 380 1425 435 benignitate
1456 381 1693 437 benignitas

217 438 247 458 ³·
261 431 447 473 tollitur:
474 448 556 488 qua
577 449 663 488 quo
685 434 727 474 in
747 434 887 489 plures
908 451 1007 476 usus
1037 435 1106 486 sis,
1127 450 1178 477 eo
1207 436 1345 477 minus
1373 438 1414 478 in
1442 438 1601 479 multos
1628 438 1692 479 uti

192 501 242 535 53
258 489 406 543 possis.
436 489 497 530 At
518 490 591 545 qui
612 504 754 544 opera,
770 490 812 531 id
829 500 906 541 est,
921 492 1072 532 virtute
1090 501 1132 533 et
1148 492 1365 544 industria,
1380 494 1555 535 benefici
1576 504 1619 536 et
1638 494 1690 535 li-›

257 545 417 586 berales
439 555 575 595 erunt,
596 546 796 601 primum,
815 562 900 602 quo
927 548 1116 603 pluribus
1138 549 1383 603 profuerint,
1403 565 1454 591 eo
1476 551 1615 606 plures
1636 550 1694 592 ad

253 601 437 657 benigne
460 602 698 644 faciendum
721 603 935 659 adjutores
955 604 1194 646 habebunt:
1216 605 1366 647 deinde
1385 607 1691 648 consuetudine

252 658 556 700 beneficientiae
587 659 814 714 paratiores
839 669 975 712 erunt,
997 670 1039 702 et
1066 671 1281 717 tamquam
1309 664 1617 705 exercitatiores
1637 663 1692 705 ad

252 715 360 755 bene
394 714 446 756 de
478 715 621 756 multis
657 717 1000 771 promerendum.
1062 718 1264 759 Praeclare
1296 718 1475 774 epistola
1506 720 1687 776 quadam

250 770 541 813 Alexandrum
569 772 699 814 filium
730 773 946 829 Philippus
965 784 1150 827 accusat,
1173 775 1289 831 quod
1313 775 1536 831 largitione
1559 777 1688 818 bene-

249 828 473 868 volentiam
496 828 786 871 Macedonum
806 839 1085 872 consectetur.
1148 832 1255 887 Quoe
1275 839 1327 882 te,
1344 831 1515 884 malum,
1537 833 1688 897 inquit,

248 884 356 924 ratio
389 884 429 925 in
461 884 584 925 istam
615 896 726 940 spem
756 885 935 938 induxit,
957 894 1003 927 ut
1031 903 1092 929 eos
1122 888 1197 930 tibi
1210 888 1362 944 fideles
1387 899 1556 943 putares
1571 892 1686 945 jore,

250 955 348 995 qnos
365 941 539 995 pecunia
560 941 800 997 corrupisses
815 944 840 982 ?
868 944 939 983 An
961 950 1005 983 tu
1026 944 1070 984 id
1090 944 1196 1000 agis,
1216 952 1261 986 ut
1284 945 1527 986 Macedones
1548 961 1626 987 non
1649 954 1687 987 te

247 1011 385 1051 regem
404 1011 536 1047 suum,
554 998 624 1038 sed
641 997 876 1039 ministrum
896 1005 935 1040 et
949 999 1213 1053 praebitorem
1234 1009 1393 1056 sperent
1399 1001 1501 1056 fore
1515 1004 1540 1042 ,Ρ
1570 1003 1686 1043 Bene

247 1052 486 1095 ministrum
510 1062 552 1094 et
571 1054 841 1109 praebitorem
853 1070 865 1106 3
887 1056 985 1111 quia
1004 1056 1220 1097 sordidum
1241 1057 1353 1112 regi:
1375 1057 1526 1099 melius
1543 1059 1685 1111 etiam,

247 1108 365 1165 quod
384 1110 667 1164 largitionem,
686 1112 971 1167 corruptelam
993 1127 1083 1154 esse
1102 1112 1219 1155 dixit.
1266 1114 1331 1154 Fit
1352 1114 1464 1155 enim
1487 1114 1685 1167 deterior,

246 1167 320 1221 qui
349 1166 515 1222 accipit,
546 1176 674 1224 atque
707 1167 761 1209 ad
793 1168 907 1209 idem
939 1183 1103 1225 semper
1130 1170 1458 1226 exspectandum
1484 1172 1683 1227 paratior.

181 1232 233 1273 54
248 1223 346 1263 Hoc
377 1223 448 1264 ille
482 1223 593 1265 filio:
626 1224 698 1266 sed
728 1234 990 1281 praeceptum
1021 1235 1220 1282 putemus
1251 1227 1461 1269 omnibus.
1520 1229 1685 1285 Quam·

245 1279 393 1321 obrem
433 1279 477 1320 id
516 1280 690 1336 quidem
730 1295 814 1323 non
852 1282 1029 1324 dubium
1070 1291 1147 1335 est,
1182 1282 1284 1339 quin
1320 1284 1393 1325 illa
1430 1285 1685 1340 benignitas,

245 1345 285 1367 ⁵2¹
302 1351 397 1392 quae
427 1346 594 1379 constet
621 1353 672 1379 ex
700 1352 828 1394 opera
847 1349 890 1381 et
914 1339 1135 1391 industria,
1156 1349 1198 1381 et
1225 1339 1443 1382 honestior
1470 1341 1538 1392 sit,
1557 1351 1601 1383 et
1621 1341 1684 1383 la-

242 1393 327 1435 tius
349 1401 504 1448 pateat,
525 1403 569 1436 et
588 1395 722 1450 possit
743 1396 941 1451 prodesse
962 1396 1179 1452 pluribus:
1201 1411 1519 1454 nonnumquam
1541 1406 1681 1439 tamen

241 1458 308 1491 est
327 1450 608 1506 largiendum,
630 1465 707 1493 nec
740 1453 822 1494 hoc
853 1452 1126 1509 benignitatis
1154 1468 1290 1509 genus
1316 1455 1489 1496 omnino
1511 1455 1682 1511 repudi·

239 1506 399 1548 andum
422 1516 500 1558 est,
523 1516 565 1549 et
585 1523 696 1563 saepe
722 1508 883 1551 idoneis
905 1509 1147 1552 hominibus
1168 1510 1458 1567 indigentibus
1479 1510 1532 1552 de
1552 1526 1596 1552 re
1617 1512 1679 1553 fa-

241 1562 396 1604 miliari
416 1563 761 1619 impertiendum:
785 1565 859 1608 sed
880 1566 1116 1622 diligenter,
1136 1576 1264 1623 atque
1282 1567 1514 1610 moderate.
1546 1568 1678 1609 Multi

240 1619 354 1662 enim
376 1620 628 1675 patrimonia
647 1621 899 1673 effuderunt,
922 1623 1159 1665 inconsulte
1178 1623 1411 1681 largiendo.
1463 1624 1580 1681 Quid
1601 1639 1678 1666 au-

240 1686 329 1718 tem
351 1683 415 1718 est
435 1677 617 1728 stultius,
639 1693 765 1733 quam
788 1679 904 1735 quod
923 1679 1101 1721 libenter
1125 1680 1267 1732 facias,
1287 1695 1447 1731 curare,
1468 1689 1516 1722 ut
1544 1681 1587 1723 id
1612 1680 1678 1723 di-

239 1733 354 1775 utius
375 1733 509 1775 facere
530 1749 613 1775 non
633 1735 797 1789 possis?
830 1737 976 1791 Atque
1002 1736 1129 1778 etiam
1156 1747 1389 1793 sequuntur
1408 1737 1675 1793 largitionem

240 1790 410 1845 rapinae.
466 1790 579 1832 Cum
599 1791 711 1832 enim
731 1791 871 1833 dando
891 1807 1017 1849 egere
1037 1793 1255 1850 coeperint,
1277 1794 1423 1835 alienis
1444 1794 1564 1836 bonis
1585 1809 1676 1835 ma—

239 1861 318 1887 nus
352 1846 499 1888 afferre
533 1856 760 1903 coguntur.
804 1849 878 1901 ita,
913 1864 1010 1891 cum
1047 1850 1349 1892 benevolentiae
1382 1850 1675 1906 comparandae

240 1917 366 1944 causa
383 1904 558 1945 benefici
577 1919 669 1946 esse
691 1904 817 1947 velint
837 1923 846 1947 ε
878 1921 962 1947 non
991 1915 1108 1948 tanta
1139 1906 1278 1950 studia
1304 1915 1583 1964 assequuntur
1603 1922 1676 1948 eo-

240 1974 349 2012 rum,
380 1961 534 2016 quibus
563 1961 783 2013 dederunt,
815 1973 971 2018 quanta
1000 1963 1099 2004 odia
1128 1979 1290 2016 eorum,
1320 1964 1473 2020 quibus
1505 1962 1675 2004 ademe-

175 2033 225 2066 55
240 2025 353 2058 runt.
411 2018 703 2074 Quamobrem
733 2033 810 2060 nec
836 2019 894 2060 ita
923 2019 1156 2062 claudenda
1185 2029 1249 2062 est
1279 2035 1342 2062 res
1372 2019 1600 2072 familiaris,
1626 2029 1675 2062 ut

195 2081 227 2113 b.
239 2087 330 2114 eam
350 2074 588 2129 benignitas
606 2075 766 2130 aperire
794 2091 879 2116 non
909 2076 1041 2131 possit
1059 2093 1069 2118 ε
1102 2091 1178 2119 nec
1197 2077 1256 2119 ita
1276 2077 1509 2127 reseranda,
1532 2086 1580 2118 ut
1600 2091 1677 2132 pa-

236 2137 327 2171 teat
345 2131 559 2172 omnibus.
589 2130 742 2173 modus
762 2131 1023 2184 adhibeatur,
1041 2133 1160 2190 isque
1181 2134 1384 2175 referatur
1411 2133 1466 2174 ad
1493 2133 1674 2174 faculta-

235 2194 315 2228 tes.
361 2187 548 2229 Omnino
569 2188 809 2230 meminisse
828 2189 1034 2231 debemus
1055 2189 1114 2241 id,
1135 2190 1249 2246 quod
1271 2205 1295 2231 a
1316 2190 1468 2232 nostris
1488 2189 1673 2231 homini-

234 2242 315 2284 bus
346 2243 575 2299 saepissime
605 2254 870 2301 usurpatum,
893 2247 985 2302 jam
1016 2247 1058 2288 in
1088 2247 1295 2303 proverbii
1323 2245 1673 2288 consuetudinem

234 2299 361 2351 venit,
391 2301 659 2356 largitionem
685 2301 865 2344 fundum
896 2318 980 2343 non
1012 2303 1180 2345 habere.
1217 2303 1373 2345 etenim
1405 2303 1499 2358 quis
1530 2311 1673 2358 potest

233 2357 388 2398 modus
410 2372 514 2409 esse,
537 2373 635 2399 cum
663 2367 706 2400 et
734 2359 846 2401 idem
878 2360 950 2415 qui
972 2369 1244 2411 consuerunt,
1264 2369 1308 2402 et
1333 2359 1447 2401 idem
1476 2359 1582 2401 illud
1601 2359 1672 2400 alii

154 2406 223 2463 16
234 2412 499 2455 desiderent?
551 2415 737 2456 Omnino
769 2415 855 2457 duo
887 2425 982 2457 sunt
1016 2431 1173 2472 genera
1204 2417 1450 2480 largorum:
1487 2430 1669 2471 quorum

234 2469 368 2521 alteri,
389 2470 582 2527 prodigi3
605 2472 741 2523 alteri,
763 2472 969 2514 liberales.
1010 2473 1197 2529 prodigi,
1214 2488 1285 2528 qui
1306 2473 1455 2528 epulis,
1476 2484 1519 2514 et
1539 2472 1669 2513 visce-

234 2526 480 2578 rationibus,
502 2537 544 2568 et
562 2528 846 2584 gladiatorum
870 2530 1128 2581 muneribus,
1149 2530 1362 2580 ludorum,
1378 2529 1669 2570 venationum-

233 2598 314 2638 que
331 2593 546 2638 apparatu,
564 2585 763 2639 pecunias
780 2586 1042 2640 profundunt
1062 2587 1102 2627 in
1121 2601 1191 2627 eas
1210 2601 1288 2636 res,
1306 2601 1481 2642 quarum
1502 2600 1669 2626 memo-

169 2646 222 2687 5'6
236 2640 336 2680 riam
360 2650 433 2681 aut
452 2641 633 2691 brevem,
649 2651 720 2682 aut
743 2642 901 2682 nullam
925 2643 1099 2684 omnino
1119 2643 1202 2684 sint
1222 2643 1422 2684 relicturi.
1455 2641 1669 2683 Liberales

232 2706 391 2750 autem,
411 2697 482 2754 qui
509 2699 593 2740 suis
625 2698 897 2740 facultatibus
927 2708 1001 2740 aut
1029 2709 1177 2756 captos
1208 2714 1232 2740 a
1261 2699 1529 2756 praedonibus
1560 2696 1667 2741 redi-

588 2843 626 2868 54
649 2847 715 2878 quae
735 2835 852 2878 constet]
872 2836 976 2878 Vulgo
992 2836 1076 2874 male
1092 2844 1138 2869 est
1153 2848 1219 2879 que
1234 2845 1354 2870 constat.
