1844 3202
590 100 771 147 LIBER
810 107 1053 145 PRIMUS,
1456 107 1531 143 625

104 217 237 260 solvi:
267 224 310 259 et
339 231 421 273 ego
456 216 584 258 animi
614 215 796 273 pendere
824 215 955 266 soleo,
981 229 1078 255 cum
1110 212 1238 254 semel
1268 213 1368 268 quid
1399 228 1531 265 orsus,

105 273 301 315 traducor
329 274 412 314 alio
429 289 441 325 3
484 288 619 329 neque
649 282 735 314 tam
768 271 889 313 facile
920 272 1151 325 interrupta
1180 278 1374 318 contexo,
1405 285 1530 325 quam

102 329 277 370 absolvo
295 330 498 371 instituta.
550 331 642 370 Att.
673 329 952 384 Legationem
974 326 1156 382 aliquam
1181 325 1377 365 nimirum
1398 327 1530 367 oratio
1548 338 1596 369 10

103 384 186 426 ista
204 387 405 440 postulat,
425 395 498 427 aut
515 385 723 442 ejusmodi
745 385 987 440 quampiam
1016 383 1246 424 cessionem
1273 381 1445 421 liberam
1468 391 1530 422 at-

105 455 188 496 que
209 442 402 483 otiosam.
464 443 528 482 M.
561 444 654 498 Ego
684 456 779 482 vero
810 441 943 482 aetatis
963 439 1102 495 potius
1123 438 1326 479 vacationi
1346 437 1531 478 confide·
1545 453 1575 480 Ρ·
1593 448 1663 473 1⁵8·

102 497 218 548 bam,
234 513 331 539 cum
353 499 581 554 praesertim
606 513 688 539 non
709 512 960 547 recusarem,
977 510 1062 552 quo
1083 495 1236 544 minus,
1259 508 1376 535 more
1397 494 1533 548 patrio
1545 494 1573 514 ³·

105 553 254 595 sedens
288 555 331 594 in
371 555 493 605 solio,
525 554 842 596 consulentibus
876 552 1188 608 responderem,
1221 550 1533 606 senectutisque

102 623 189 650 non
216 610 358 652 inertis
387 620 510 666 grato
537 621 664 666 atque
692 610 871 651 honesto
897 610 1095 664 fungerer
1121 621 1309 648 munere.
1342 607 1400 647 sic
1422 607 1533 647 enim

103 665 208 707 mihi
229 666 373 708 liceret
392 676 433 708 et
456 667 523 708 isti
543 668 617 718 rei,
638 682 763 723 quam
792 666 1017 715 desideras,
1038 673 1082 705 et
1100 664 1245 705 multis
1270 663 1532 704 uberioribus

103 730 230 777 atque
250 723 497 779 majoribus,
517 739 669 780 operae,
693 733 896 779 quantum
918 722 1082 771 vellem,
1103 721 1214 761 dare.
1272 721 1366 760 Att.
1398 720 1532 775 Atqui
1546 718 1580 764 4

103 792 262 830 vereor,
288 794 339 820 ne
365 780 489 821 istam
520 794 690 821 causam
721 794 846 820 nemo
875 786 1050 819 noscat:
1080 777 1241 832 tibique
1272 791 1440 831 semper
1469 776 1591 821 di-11

68 832 71 835 ’
103 835 284 876 cendum
306 836 373 887 sit,
394 846 436 877 et
465 851 516 877 eo
547 837 698 892 magis,
720 836 836 892 quod
864 844 906 876 te
936 835 1024 890 ipse
1054 833 1241 884 mutasti,
1261 843 1304 873 et
1330 832 1443 874 aliud
1471 832 1535 874 di-

103 891 227 931 cendi
247 892 464 934 instituisti
484 907 620 948 genus
644 910 653 934 :
684 902 733 934 ut
759 891 1118 949 quemadmodum
1142 890 1334 941 Roscius,
1354 888 1533 930 familia-

103 947 158 988 ris
180 956 293 999 tuus,
314 949 355 989 in
378 958 593 990 senectute
617 956 654 981 16
671 964 868 990 numeros
889 948 930 989 in
952 956 1080 989 cantu
1099 948 1321 997 cecinerat,
1340 946 1535 1002 ipsasque

104 1004 307 1046 tardiores
327 1005 481 1047 fecerat
499 1006 623 1047 tibias
642 1023 651 1047 z
683 1008 741 1047 sic
760 1015 808 1046 tu
827 1020 851 1045 a
872 1004 1230 1053 contentionibus,
1247 1003 1401 1059 quibus
1422 1017 1536 1043 sum-

104 1060 183 1101 mis
215 1061 274 1101 uti
307 1061 486 1113 solebas,
508 1062 696 1118 quotidie
722 1062 879 1102 relaxes
911 1060 1086 1117 aliquid,
1105 1069 1153 1100 ut
1176 1060 1265 1116 jam
1298 1059 1433 1100 oratio
1463 1068 1537 1100 tua

105 1131 189 1157 non
212 1117 393 1159 multum
425 1133 450 1159 a
476 1119 827 1174 philosophorum
851 1118 1021 1158 lenitate
1043 1117 1166 1157 absit.
1197 1116 1312 1171 quod
1333 1116 1536 1157 sustinere

105 1186 202 1212 cum
226 1174 288 1213 vel
307 1189 472 1214 summa
491 1184 685 1215 senectus
712 1188 835 1229 posse
856 1173 1056 1222 videatur,
1078 1172 1233 1213 nullam
1259 1172 1335 1212 tibi
1355 1187 1380 1212 a
1400 1172 1536 1212 causis

105 1228 365 1270 vacationem
383 1229 503 1271 video
518 1231 619 1271 dari.
651 1232 706 1287 Ω.
726 1231 787 1270 At
802 1229 1042 1270 mehercule
1058 1243 1140 1283 ego
1161 1229 1393 1269 arbitrabar
1412 1243 1536 1284 posse
1552 1234 1597 1265 12

103 1283 148 1325 id
167 1285 326 1340 populo
346 1295 491 1327 nostro
511 1287 693 1342 probari,
711 1286 744 1326 si
763 1294 805 1327 te
824 1285 876 1326 ad
891 1286 963 1342 jus
984 1285 1319 1341 respondendum
1337 1285 1536 1326 dedisses.

104 1342 395 1396 quamobrem,
416 1358 513 1383 cum
535 1343 733 1398 placebit,
755 1342 1055 1398 experiendum
1077 1342 1154 1382 tibi
1175 1356 1342 1382 censeo.
1384 1343 1450 1382 M.
1471 1342 1537 1392 Id,

103 1398 326 1453 siquidem,
348 1399 524 1455 Quinte,
542 1399 706 1440 nullum
726 1409 836 1440 esset
856 1399 897 1439 in
919 1398 1170 1454 experiendo
1191 1398 1442 1453 periculum.
1464 1398 1538 1439 sed

102 1466 260 1504 vereor,
281 1469 346 1506 ne,
368 1455 469 1496 dum
500 1456 689 1497 minuere
718 1456 841 1496 velim
872 1455 1076 1506 laborem,
1107 1469 1303 1509 augeam,
1328 1463 1454 1511 atque
1485 1454 1538 1496 ad

102 1510 217 1552 illam
238 1526 459 1552 causarum
481 1527 667 1568 operam,
684 1512 736 1553 ad
757 1527 881 1568 quam
903 1527 985 1567 ego
1003 1526 1251 1567 numquam,
1269 1511 1346 1552 nisi
1367 1520 1538 1567 paratus

101 1575 144 1608 et
163 1567 388 1609 meditatus
408 1569 579 1619 accedo,
599 1568 854 1625 adjungatur
874 1569 965 1609 haec
988 1568 1095 1625 juris
1116 1568 1420 1623 interpretatio,
1443 1583 1537 1624 quae

101 1638 185 1664 non
201 1633 286 1665 tam
304 1624 407 1665 mihi
424 1626 604 1667 molesta
619 1626 671 1667 sit
686 1634 860 1681 propter
875 1625 1082 1676 laborem,
1096 1639 1223 1680 quam
1241 1623 1355 1680 quod
1371 1624 1539 1666 dicendi

102 1680 406 1736 cogitationem
428 1682 604 1734 auferat,
626 1682 714 1723 sine
739 1697 823 1738 qua
851 1681 904 1723 ad
930 1681 1088 1723 nullam
1109 1680 1315 1738 majorem
1334 1696 1535 1736 umquam

103 1751 275 1777 causam
290 1752 382 1778 sum
397 1753 522 1780 ausus
537 1738 749 1780 accedere.
779 1739 872 1779 Att.
887 1738 1002 1781 Quin
1018 1738 1149 1793 igitur
1162 1738 1241 1778 ista
1255 1737 1343 1792 ipsa
1354 1737 1537 1793 explicas
1555 1749 1598 1781 13

105 1793 226 1833 nobis
248 1793 311 1834 his
333 1795 571 1846 subsecivis,
592 1804 640 1836 ut
659 1795 733 1845 ais,
755 1795 1032 1849 temporibus,
1054 1803 1097 1835 et
1113 1794 1343 1835 conscribis
1364 1794 1417 1835 de
1440 1795 1538 1851 jure

105 1849 214 1890 civili
242 1849 449 1901 subtilius,
471 1866 595 1906 quam
627 1851 786 1892 ceteri?
820 1852 934 1891 Nam
966 1866 990 1891 a
1014 1851 1151 1906 primo
1181 1859 1373 1906 tempore
1403 1851 1538 1892 aetatis
1551 1854 1581 1883 b·

99 1905 187 1962 juri
207 1905 374 1946 studere
397 1916 439 1947 te
462 1908 648 1958 memini,
666 1922 762 1948 cum
786 1908 873 1962 ipse
894 1907 1018 1948 etiam
1041 1906 1093 1947 ad
1113 1907 1342 1947 Scaevolam
1363 1908 1541 1948 ventita-

102 1976 189 2002 rem
211 1978 220 2003 ε
253 1976 389 2017 neque
419 1978 620 2019 umquam
650 1963 753 2004 mihi
782 1963 893 2004 visus
918 1978 963 2004 es
989 1964 1046 2004 ita
1067 1972 1108 2004 te
1135 1963 1190 2004 ad
1217 1963 1444 2004 dicendum
1466 1964 1540 2004 de-

105 2017 230 2070 disse,
250 2026 298 2059 ut
319 2019 391 2076 jus
410 2019 529 2067 civile
550 2029 852 2061 contemneres.
912 2021 979 2060 M.
1011 2021 1060 2060 In
1091 2019 1267 2074 longum
1302 2033 1540 2061 sermonem

103 2089 173 2115 me
193 2089 330 2126 vocaS,
351 2075 520 2117 Attice:
553 2091 679 2132 quem
702 2086 858 2128 tamen,
880 2077 958 2117 nisi
982 2076 1167 2133 Quintus
1193 2075 1306 2117 aliud
1336 2076 1439 2131 quid
1465 2091 1541 2118 nos

104 2145 230 2187 agere
258 2131 429 2183 mavult,
450 2133 702 2188 suscipiam:
738 2142 794 2183 et,
815 2133 1012 2189 quoniam
1047 2132 1166 2173 vacui
1196 2147 1355 2183 sumus,
1386 2133 1541 2174 dicam.

103 2189 159 2244 Q.
182 2189 277 2243 Ego
296 2203 394 2229 vero
412 2189 590 2230 libenter
611 2189 829 2230 audierim.
862 2189 963 2245 quid
983 2189 1095 2230 enim
1117 2203 1241 2244 agam
1263 2189 1435 2244 potius?
1466 2198 1540 2231 aut

102 2244 146 2284 in
167 2259 251 2300 quo
272 2243 421 2286 melius
444 2245 556 2286 hunc
576 2260 821 2288 consumam
846 2246 957 2287 diem
977 2247 990 2286 ?
1024 2246 1090 2286 Μ.
1112 2245 1228 2302 Quin
1248 2245 1379 2301 igitur
1399 2246 1452 2288 ad
1467 2245 1539 2287 illa
1556 2250 1603 2285 14

106 2301 239 2355 spatia
268 2310 411 2343 nostra
439 2301 642 2358 sedesque
668 2303 915 2358 pergimus?
951 2310 986 2338 17
1003 2303 1090 2353 ubi,
1109 2316 1208 2343 cum
1229 2303 1328 2343 satis
1349 2303 1428 2344 erit
1447 2318 1537 2343 am-

104 2356 313 2408 bulatum,
333 2359 658 2414 requiescemus.
688 2374 764 2400 nec
791 2359 981 2415 profecto
1003 2359 1124 2400 nobis
1142 2358 1369 2400 delectatio
1391 2359 1540 2410 deerit,

102 2412 220 2454 aliud
240 2428 291 2455 ex
310 2414 393 2456 alio
413 2416 712 2471 quaerentibus.
761 2416 855 2461 Att.
881 2417 976 2457 Nos
995 2430 1094 2456 vero
1113 2432 1122 2457 ε
1153 2423 1189 2447 18
1205 2425 1249 2457 et
1267 2415 1347 2457 hac
1367 2416 1540 2472 quidem

152 2537 190 2562 16
214 2543 341 2562 numeros
356 2533 386 2563 in
400 2541 487 2564 cantu
503 2532 660 2574 cecinerat]
675 2535 713 2565 In
728 2534 799 2564 ceci·
844 2534 951 2565 Guelf.
974 2540 1005 2564 et
1027 2533 1092 2570 alii,
1110 2533 1249 2574 itemque
1267 2535 1337 2565 edd.
1353 2540 1428 2564 vett.
1443 2534 1540 2572 vulgo

103 2580 188 2604 nera!
209 2582 240 2605 et
262 2575 314 2605 alii
338 2577 467 2613 haesere,
483 2584 515 2607 et
537 2577 600 2617 ipse
623 2578 654 2608 id
677 2587 801 2617 semper
842 2584 889 2607 est
911 2576 1134 2607 deambulatum.
1159 2578 1190 2608 id
1212 2578 1283 2607 satis
1303 2585 1539 2617 supervacuum

103 2618 256 2648 vitiosum
277 2620 395 2657 putavi.
419 2620 529 2649 numeri
545 2630 610 2650 non
626 2625 800 2658 canuntur,
844 2621 969 2650 faceret.

104 2661 160 2690 sed
195 2662 233 2691 ad
270 2671 420 2691 numeros
457 2665 632 2702 modosque
666 2664 800 2694 canitur.
890 2669 926 2693 18
952 2668 980 2692 e!
994 2662 1047 2691 hac
1062 2662 1177 2703 quidem
1193 2660 1287 2701 adire]
1306 2661 1388 2690 adire
1402 2670 1467 2690 non
1483 2661 1540 2690 ha-

105 2703 276 2741 Conjecere
291 2704 347 2734 viri
362 2705 445 2734 docti
462 2706 621 2742 remiserat,
638 2706 719 2737 bene
734 2708 801 2746 opi·
844 2706 897 2736 bet
912 2706 997 2735 unde
1013 2706 1156 2744 pendeat.
1180 2712 1257 2744 puto
1276 2714 1342 2734 esse
1357 2703 1495 2743 glossam
1511 2710 1542 2733 et

106 2755 176 2782 nor,
203 2747 224 2777 i.
250 2756 277 2778 e.
304 2747 464 2778 molliores
491 2755 522 2778 et
546 2750 694 2779 tardiores
719 2750 802 2780 fece·
844 2748 1037 2778 delendum:
1064 2755 1092 2776 et
1114 2748 1167 2777 hac
1190 2747 1315 2789 quidem,
1334 2748 1389 2776 int.
1412 2756 1429 2776 e
1449 2756 1542 2786 supe-

106 2795 164 2822 rat.
844 2792 978 2821 rioribus
994 2800 1161 2830 pergemus
1174 2791 1222 2820 ad
1245 2790 1345 2829 spatia
1362 2789 1426 2819 illa.
1450 2789 1494 2820 sic
1510 2797 1541 2824 et

152 2836 187 2867 17
216 2831 266 2864 ubi
294 2843 318 2866 ε.
347 2833 404 2864 erit
431 2832 624 2875 ambulatum]
656 2834 707 2865 Sic
737 2834 801 2865 Ms.
845 2834 1003 2865 Lambino
1017 2834 1134 2865 visum.

842 2888 943 2936 sss
