<?xml version="1.0" encoding="UTF-8"?>
<!DOCTYPE html PUBLIC "-//W3C//DTD XHTML 1.0 Transitional//EN"
    "http://www.w3.org/TR/xhtml1/DTD/xhtml1-transitional.dtd">
<html xmlns="http://www.w3.org/1999/xhtml" xml:lang="en" lang="en">
 <head>
  <title>
</title>
<meta http-equiv="Content-Type" content="text/html;charset=utf-8" />
  <meta name='ocr-system' content='tesseract 3.04.00' />
  <meta name='ocr-capabilities' content='ocr_page ocr_carea ocr_par ocr_line ocrx_word'/>
</head>
<body>
  <div class='ocr_page' id='page_1' title='image "./p2operaomnia04ciceuoft_0233.png"; bbox 0 0 1844 3202; ppageno 0'>
   <div class='ocr_carea' id='block_1_1' title="bbox 640 124 1560 176">
    <p class='ocr_par' dir='ltr' id='par_1_1' title="bbox 640 124 1560 176">
     <span class='ocr_line' id='line_1_1' title="bbox 640 124 1560 176; baseline 0.003 -12"><span class='ocrx_word' id='word_1_1' title='bbox 640 124 721 164; x_wconf 79' lang='lat' dir='ltr'><strong>DE</strong></span> <span class='ocrx_word' id='word_1_2' title='bbox 755 124 1073 171; x_wconf 84' lang='lat' dir='ltr'><strong>AMICITIA.</strong></span> <span class='ocrx_word' id='word_1_3' title='bbox 1482 133 1560 176; x_wconf 86' lang='grc'><strong>839</strong></span> 
     </span>
    </p>
   </div>
   <div class='ocr_carea' id='block_1_2' title="bbox 130 232 1652 2494">
    <p class='ocr_par' dir='ltr' id='par_1_2' title="bbox 130 232 1652 2494">
     <span class='ocr_line' id='line_1_2' title="bbox 130 232 1624 292; baseline 0 -14"><span class='ocrx_word' id='word_1_4' title='bbox 130 232 268 292; x_wconf 84' lang='lat' dir='ltr'><strong>Digni</strong></span> <span class='ocrx_word' id='word_1_5' title='bbox 298 242 440 277; x_wconf 84' lang='lat' dir='ltr'><strong>autem</strong></span> <span class='ocrx_word' id='word_1_6' title='bbox 472 240 569 276; x_wconf 88' lang='lat' dir='ltr'><strong>sunt</strong></span> <span class='ocrx_word' id='word_1_7' title='bbox 595 232 794 284; x_wconf 88' lang='lat' dir='ltr'><strong>amicitia,</strong></span> <span class='ocrx_word' id='word_1_8' title='bbox 815 233 969 289; x_wconf 90' lang='lat' dir='ltr'><strong>quibus</strong></span> <span class='ocrx_word' id='word_1_9' title='bbox 987 233 1029 274; x_wconf 87' lang='lat' dir='ltr'><strong>in</strong></span> <span class='ocrx_word' id='word_1_10' title='bbox 1057 233 1157 289; x_wconf 89' lang='lat' dir='ltr'><strong>ipsis</strong></span> <span class='ocrx_word' id='word_1_11' title='bbox 1183 232 1291 274; x_wconf 85' lang='lat' dir='ltr'><strong>inest</strong></span> <span class='ocrx_word' id='word_1_12' title='bbox 1318 248 1458 286; x_wconf 87' lang='lat' dir='ltr'><strong>causa,</strong></span> <span class='ocrx_word' id='word_1_13' title='bbox 1484 250 1560 278; x_wconf 88' lang='lat' dir='ltr'><strong>cur</strong></span> <span class='ocrx_word' id='word_1_14' title='bbox 1571 242 1624 285; x_wconf 88' lang='lat'><strong>79</strong></span> 
     </span>
     <span class='ocr_line' id='line_1_3' title="bbox 130 289 1557 348; baseline 0.001 -15"><span class='ocrx_word' id='word_1_15' title='bbox 130 291 374 348; x_wconf 85' lang='lat' dir='ltr'>diligantur.</span> <span class='ocrx_word' id='word_1_16' title='bbox 434 291 588 332; x_wconf 80' lang='lat' dir='ltr'><strong>Rarum</strong></span> <span class='ocrx_word' id='word_1_17' title='bbox 616 304 766 345; x_wconf 88' lang='lat' dir='ltr'><strong>genus,</strong></span> <span class='ocrx_word' id='word_1_18' title='bbox 790 292 849 341; x_wconf 88' lang='lat' dir='ltr'><strong>(et</strong></span> <span class='ocrx_word' id='word_1_19' title='bbox 868 289 1037 346; x_wconf 89' lang='lat' dir='ltr'><strong>quidem</strong></span> <span class='ocrx_word' id='word_1_20' title='bbox 1059 289 1202 330; x_wconf 89' lang='lat' dir='ltr'><strong>omnia</strong></span> <span class='ocrx_word' id='word_1_21' title='bbox 1226 291 1425 344; x_wconf 84' lang='lat' dir='ltr'><strong>praeclara</strong></span> <span class='ocrx_word' id='word_1_22' title='bbox 1451 294 1557 346; x_wconf 85' lang='lat' dir='ltr'><strong>rara)</strong></span> 
     </span>
     <span class='ocr_line' id='line_1_4' title="bbox 133 344 1564 404; baseline -0.001 -15"><span class='ocrx_word' id='word_1_23' title='bbox 133 362 210 389; x_wconf 90' lang='lat' dir='ltr'><strong>nec</strong></span> <span class='ocrx_word' id='word_1_24' title='bbox 240 348 471 404; x_wconf 88' lang='lat' dir='ltr'>quidquam</span> <span class='ocrx_word' id='word_1_25' title='bbox 507 345 730 396; x_wconf 80' lang='lat' dir='ltr'><strong>difficilius,</strong></span> <span class='ocrx_word' id='word_1_26' title='bbox 761 360 888 402; x_wconf 90' lang='lat' dir='ltr'><strong>quam</strong></span> <span class='ocrx_word' id='word_1_27' title='bbox 919 345 1112 401; x_wconf 88' lang='lat' dir='ltr'><strong>reperire,</strong></span> <span class='ocrx_word' id='word_1_28' title='bbox 1140 344 1255 401; x_wconf 91' lang='lat' dir='ltr'><strong>quod</strong></span> <span class='ocrx_word' id='word_1_29' title='bbox 1284 346 1337 386; x_wconf 89' lang='lat' dir='ltr'><strong>sit</strong></span> <span class='ocrx_word' id='word_1_30' title='bbox 1365 349 1480 388; x_wconf 89' lang='lat' dir='ltr'><strong>omni</strong></span> <span class='ocrx_word' id='word_1_31' title='bbox 1512 363 1564 391; x_wconf 78' lang='lat' dir='ltr'><strong>ex</strong></span> 
     </span>
     <span class='ocr_line' id='line_1_5' title="bbox 162 401 1565 458; baseline 0 -13"><span class='ocrx_word' id='word_1_32' title='bbox 162 414 249 446; x_wconf 89' lang='lat' dir='ltr'><strong>arte</strong></span> <span class='ocrx_word' id='word_1_33' title='bbox 269 405 310 446; x_wconf 92' lang='lat' dir='ltr'><strong>in</strong></span> <span class='ocrx_word' id='word_1_34' title='bbox 331 418 408 446; x_wconf 89' lang='lat' dir='ltr'><strong>suo</strong></span> <span class='ocrx_word' id='word_1_35' title='bbox 428 417 583 458; x_wconf 80' lang='lat' dir='ltr'><strong>genere</strong></span> <span class='ocrx_word' id='word_1_36' title='bbox 606 403 857 458; x_wconf 86' lang='lat' dir='ltr'><strong>perfectum.</strong></span> <span class='ocrx_word' id='word_1_37' title='bbox 881 401 954 444; x_wconf 90' lang='lat' dir='ltr'><strong>sed</strong></span> <span class='ocrx_word' id='word_1_38' title='bbox 984 402 1172 458; x_wconf 79' lang='lat' dir='ltr'><strong>plerique</strong></span> <span class='ocrx_word' id='word_1_39' title='bbox 1202 416 1338 458; x_wconf 89' lang='lat' dir='ltr'><strong>neque</strong></span> <span class='ocrx_word' id='word_1_40' title='bbox 1366 402 1409 442; x_wconf 92' lang='lat' dir='ltr'><strong>in</strong></span> <span class='ocrx_word' id='word_1_41' title='bbox 1441 404 1565 445; x_wconf 88' lang='lat' dir='ltr'><strong>rebus</strong></span> 
     </span>
     <span class='ocr_line' id='line_1_6' title="bbox 132 418 1565 523; baseline -0.002 -21"><span class='ocrx_word' id='word_1_42' title='bbox 132 418 327 503; x_wconf 72' lang='lat' dir='ltr'><strong>iiumanis</strong></span> <span class='ocrx_word' id='word_1_43' title='bbox 359 459 585 523; x_wconf 80' lang='lat' dir='ltr'>quidquam</span> <span class='ocrx_word' id='word_1_44' title='bbox 619 460 776 500; x_wconf 90' lang='lat' dir='ltr'><strong>bonum</strong></span> <span class='ocrx_word' id='word_1_45' title='bbox 811 468 979 510; x_wconf 87' lang='lat' dir='ltr'><strong>norunt,</strong></span> <span class='ocrx_word' id='word_1_46' title='bbox 1001 458 1079 499; x_wconf 86' lang='lat' dir='ltr'><strong>nisi</strong></span> <span class='ocrx_word' id='word_1_47' title='bbox 1102 465 1139 491; x_wconf 80' lang='lat'><strong>⁵6</strong></span> <span class='ocrx_word' id='word_1_48' title='bbox 1158 457 1271 514; x_wconf 90' lang='lat' dir='ltr'><strong>quod</strong></span> <span class='ocrx_word' id='word_1_49' title='bbox 1300 459 1565 500; x_wconf 86' lang='lat' dir='ltr'><strong>fructuosum</strong></span> 
     </span>
     <span class='ocr_line' id='line_1_7' title="bbox 133 514 1564 572; baseline -0.001 -14"><span class='ocrx_word' id='word_1_50' title='bbox 133 517 213 558; x_wconf 86' lang='lat' dir='ltr'><strong>sit:</strong></span> <span class='ocrx_word' id='word_1_51' title='bbox 244 527 285 556; x_wconf 88' lang='lat' dir='ltr'><strong>et</strong></span> <span class='ocrx_word' id='word_1_52' title='bbox 306 530 479 566; x_wconf 75' lang='lat' dir='ltr'><strong>ammos,</strong></span> <span class='ocrx_word' id='word_1_53' title='bbox 499 524 713 572; x_wconf 88' lang='lat' dir='ltr'><strong>tamquam</strong></span> <span class='ocrx_word' id='word_1_54' title='bbox 746 515 942 572; x_wconf 90' lang='lat' dir='ltr'><strong>pecudes,</strong></span> <span class='ocrx_word' id='word_1_55' title='bbox 964 530 1036 557; x_wconf 91' lang='lat' dir='ltr'><strong>eos</strong></span> <span class='ocrx_word' id='word_1_56' title='bbox 1066 514 1334 571; x_wconf 89' lang='lat' dir='ltr'><strong>potissimum</strong></span> <span class='ocrx_word' id='word_1_57' title='bbox 1365 514 1564 571; x_wconf 88' lang='lat' dir='ltr'><strong>diligunt,</strong></span> 
     </span>
     <span class='ocr_line' id='line_1_8' title="bbox 133 571 1630 628; baseline -0.001 -14"><span class='ocrx_word' id='word_1_58' title='bbox 133 586 185 614; x_wconf 86' lang='lat' dir='ltr'><strong>ex</strong></span> <span class='ocrx_word' id='word_1_59' title='bbox 205 571 358 627; x_wconf 89' lang='lat' dir='ltr'><strong>quibus</strong></span> <span class='ocrx_word' id='word_1_60' title='bbox 381 582 550 628; x_wconf 86' lang='lat' dir='ltr'><strong>sperant</strong></span> <span class='ocrx_word' id='word_1_61' title='bbox 571 588 613 614; x_wconf 88' lang='lat' dir='ltr'><strong>se</strong></span> <span class='ocrx_word' id='word_1_62' title='bbox 637 572 866 613; x_wconf 83' lang='lat' dir='ltr'><strong>maximum</strong></span> <span class='ocrx_word' id='word_1_63' title='bbox 895 572 1079 614; x_wconf 88' lang='lat' dir='ltr'><strong>fructum</strong></span> <span class='ocrx_word' id='word_1_64' title='bbox 1108 586 1200 613; x_wconf 89' lang='lat' dir='ltr'><strong>esse</strong></span> <span class='ocrx_word' id='word_1_65' title='bbox 1229 582 1440 627; x_wconf 89' lang='lat' dir='ltr'><strong>capturos.</strong></span> <span class='ocrx_word' id='word_1_66' title='bbox 1500 572 1566 614; x_wconf 87' lang='lat' dir='ltr'><strong>Ita</strong></span> <span class='ocrx_word' id='word_1_67' title='bbox 1578 580 1630 613; x_wconf 83' lang='lat'><strong>80</strong></span> 
     </span>
     <span class='ocr_line' id='line_1_9' title="bbox 132 627 1567 684; baseline 0.001 -16"><span class='ocrx_word' id='word_1_68' title='bbox 132 627 385 684; x_wconf 87' lang='lat' dir='ltr'><strong>pulcerrima</strong></span> <span class='ocrx_word' id='word_1_69' title='bbox 417 629 503 679; x_wconf 86' lang='lat' dir='ltr'><strong>illa,</strong></span> <span class='ocrx_word' id='word_1_70' title='bbox 523 638 565 670; x_wconf 89' lang='lat' dir='ltr'><strong>et</strong></span> <span class='ocrx_word' id='word_1_71' title='bbox 594 629 776 670; x_wconf 77' lang='lat' dir='ltr'><strong>maxime</strong></span> <span class='ocrx_word' id='word_1_72' title='bbox 807 629 986 670; x_wconf 88' lang='lat' dir='ltr'><strong>naturali</strong></span> <span class='ocrx_word' id='word_1_73' title='bbox 1015 638 1158 670; x_wconf 87' lang='lat' dir='ltr'>carent</span> <span class='ocrx_word' id='word_1_74' title='bbox 1183 628 1382 679; x_wconf 88' lang='lat' dir='ltr'><strong>amicitia,</strong></span> <span class='ocrx_word' id='word_1_75' title='bbox 1406 643 1480 683; x_wconf 91' lang='lat' dir='ltr'><strong>per</strong></span> <span class='ocrx_word' id='word_1_76' title='bbox 1507 643 1567 679; x_wconf 91' lang='lat' dir='ltr'><strong>se,</strong></span> 
     </span>
     <span class='ocr_line' id='line_1_10' title="bbox 132 684 1568 742; baseline 0.001 -17"><span class='ocrx_word' id='word_1_77' title='bbox 132 694 176 725; x_wconf 89' lang='lat' dir='ltr'><strong>et</strong></span> <span class='ocrx_word' id='word_1_78' title='bbox 197 695 368 740; x_wconf 82' lang='lat' dir='ltr'><strong>propter</strong></span> <span class='ocrx_word' id='word_1_79' title='bbox 385 700 427 726; x_wconf 90' lang='lat' dir='ltr'><strong>se</strong></span> <span class='ocrx_word' id='word_1_80' title='bbox 449 685 683 742; x_wconf 82' lang='lat' dir='ltr'><strong>expetenda</strong></span> <span class='ocrx_word' id='word_1_81' title='bbox 701 703 710 727; x_wconf 91' lang='lat'>:</span> <span class='ocrx_word' id='word_1_82' title='bbox 743 700 818 727; x_wconf 90' lang='lat' dir='ltr'><strong>nec</strong></span> <span class='ocrx_word' id='word_1_83' title='bbox 845 685 922 741; x_wconf 89' lang='lat' dir='ltr'><strong>ipsi</strong></span> <span class='ocrx_word' id='word_1_84' title='bbox 942 686 1020 726; x_wconf 84' lang='lat' dir='ltr'><strong>sibi</strong></span> <span class='ocrx_word' id='word_1_85' title='bbox 1047 684 1241 740; x_wconf 79' lang='lat' dir='ltr'><strong>exemplo</strong></span> <span class='ocrx_word' id='word_1_86' title='bbox 1266 695 1376 735; x_wconf 86' lang='lat' dir='ltr'><strong>sunt,</strong></span> <span class='ocrx_word' id='word_1_87' title='bbox 1398 685 1488 726; x_wconf 90' lang='lat' dir='ltr'><strong>haec</strong></span> <span class='ocrx_word' id='word_1_88' title='bbox 1509 685 1568 726; x_wconf 81' lang='lat' dir='ltr'><strong>vis</strong></span> 
     </span>
     <span class='ocr_line' id='line_1_11' title="bbox 133 741 1569 798; baseline 0.001 -17"><span class='ocrx_word' id='word_1_89' title='bbox 133 741 345 792; x_wconf 79' lang='lat' dir='ltr'><strong>amicitiae,</strong></span> <span class='ocrx_word' id='word_1_90' title='bbox 366 742 499 797; x_wconf 88' lang='lat' dir='ltr'><strong>qualis</strong></span> <span class='ocrx_word' id='word_1_91' title='bbox 522 752 565 783; x_wconf 87' lang='lat' dir='ltr'><strong>et</strong></span> <span class='ocrx_word' id='word_1_92' title='bbox 584 751 740 798; x_wconf 86' lang='lat' dir='ltr'><strong>quanta</strong></span> <span class='ocrx_word' id='word_1_93' title='bbox 760 742 826 783; x_wconf 87' lang='lat' dir='ltr'><strong>sit.</strong></span> <span class='ocrx_word' id='word_1_94' title='bbox 889 743 982 797; x_wconf 87' lang='lat' dir='ltr'><strong>lpse</strong></span> <span class='ocrx_word' id='word_1_95' title='bbox 1002 742 1113 782; x_wconf 85' lang='lat' dir='ltr'><strong>euim</strong></span> <span class='ocrx_word' id='word_1_96' title='bbox 1137 757 1180 782; x_wconf 88' lang='lat' dir='ltr'><strong>se</strong></span> <span class='ocrx_word' id='word_1_97' title='bbox 1207 741 1384 797; x_wconf 88' lang='lat' dir='ltr'><strong>quisque</strong></span> <span class='ocrx_word' id='word_1_98' title='bbox 1412 741 1569 797; x_wconf 88' lang='lat' dir='ltr'><strong>diligit,</strong></span> 
     </span>
     <span class='ocr_line' id='line_1_12' title="bbox 133 797 1570 854; baseline 0.001 -16"><span class='ocrx_word' id='word_1_99' title='bbox 133 807 217 838; x_wconf 86' lang='lat' dir='ltr'><strong>non</strong></span> <span class='ocrx_word' id='word_1_100' title='bbox 242 807 287 838; x_wconf 88' lang='lat' dir='ltr'><strong>ut</strong></span> <span class='ocrx_word' id='word_1_101' title='bbox 306 797 488 854; x_wconf 82' lang='lat' dir='ltr'><strong>aliquam</strong></span> <span class='ocrx_word' id='word_1_102' title='bbox 512 813 536 838; x_wconf 92' lang='lat' dir='ltr'><strong>a</strong></span> <span class='ocrx_word' id='word_1_103' title='bbox 555 813 599 839; x_wconf 90' lang='lat' dir='ltr'><strong>se</strong></span> <span class='ocrx_word' id='word_1_104' title='bbox 632 799 717 853; x_wconf 89' lang='lat' dir='ltr'><strong>ipse</strong></span> <span class='ocrx_word' id='word_1_105' title='bbox 743 798 979 839; x_wconf 87' lang='lat' dir='ltr'>mercedem</span> <span class='ocrx_word' id='word_1_106' title='bbox 1002 798 1143 853; x_wconf 77' lang='lat' dir='ltr'><strong>exigat</strong></span> <span class='ocrx_word' id='word_1_107' title='bbox 1163 798 1347 838; x_wconf 85' lang='lat' dir='ltr'><strong>caritatis</strong></span> <span class='ocrx_word' id='word_1_108' title='bbox 1369 813 1472 847; x_wconf 85' lang='lat' dir='ltr'><strong>suae,</strong></span> <span class='ocrx_word' id='word_1_109' title='bbox 1494 797 1570 840; x_wconf 88' lang='lat' dir='ltr'><strong>sed</strong></span> 
     </span>
     <span class='ocr_line' id='line_1_13' title="bbox 134 853 1569 911; baseline 0 -16"><span class='ocrx_word' id='word_1_110' title='bbox 134 853 250 909; x_wconf 86' lang='lat' dir='ltr'><strong>quod</strong></span> <span class='ocrx_word' id='word_1_111' title='bbox 282 869 355 910; x_wconf 91' lang='lat' dir='ltr'><strong>per</strong></span> <span class='ocrx_word' id='word_1_112' title='bbox 375 869 417 895; x_wconf 86' lang='lat' dir='ltr'><strong>se</strong></span> <span class='ocrx_word' id='word_1_113' title='bbox 446 854 526 895; x_wconf 86' lang='lat' dir='ltr'><strong>sibi</strong></span> <span class='ocrx_word' id='word_1_114' title='bbox 555 854 733 911; x_wconf 85' lang='lat' dir='ltr'><strong>quisque</strong></span> <span class='ocrx_word' id='word_1_115' title='bbox 753 870 873 896; x_wconf 87' lang='lat' dir='ltr'><strong>carus</strong></span> <span class='ocrx_word' id='word_1_116' title='bbox 895 865 971 896; x_wconf 87' lang='lat' dir='ltr'><strong>est.</strong></span> <span class='ocrx_word' id='word_1_117' title='bbox 994 854 1109 910; x_wconf 89' lang='lat' dir='ltr'><strong>quod</strong></span> <span class='ocrx_word' id='word_1_118' title='bbox 1139 855 1218 895; x_wconf 91' lang='lat' dir='ltr'><strong>nisi</strong></span> <span class='ocrx_word' id='word_1_119' title='bbox 1246 854 1356 895; x_wconf 90' lang='lat' dir='ltr'><strong>idem</strong></span> <span class='ocrx_word' id='word_1_120' title='bbox 1390 855 1431 895; x_wconf 90' lang='lat' dir='ltr'><strong>in</strong></span> <span class='ocrx_word' id='word_1_121' title='bbox 1462 856 1569 896; x_wconf 86' lang='lat' dir='ltr'><strong>ami-</strong></span> 
     </span>
     <span class='ocr_line' id='line_1_14' title="bbox 133 910 1570 966; baseline 0.001 -15"><span class='ocrx_word' id='word_1_122' title='bbox 133 910 275 951; x_wconf 85' lang='lat' dir='ltr'><strong>citiam</strong></span> <span class='ocrx_word' id='word_1_123' title='bbox 307 912 594 960; x_wconf 76' lang='lat' dir='ltr'><strong>transferatur,</strong></span> <span class='ocrx_word' id='word_1_124' title='bbox 620 926 740 953; x_wconf 86' lang='lat' dir='ltr'><strong>verus</strong></span> <span class='ocrx_word' id='word_1_125' title='bbox 767 912 928 953; x_wconf 87' lang='lat' dir='ltr'><strong>amicus</strong></span> <span class='ocrx_word' id='word_1_126' title='bbox 960 926 1190 966; x_wconf 84' lang='lat' dir='ltr'><strong>numquam</strong></span> <span class='ocrx_word' id='word_1_127' title='bbox 1227 911 1472 966; x_wconf 83' lang='lat' dir='ltr'><strong>reperietur.</strong></span> <span class='ocrx_word' id='word_1_128' title='bbox 1504 920 1570 953; x_wconf 89' lang='lat' dir='ltr'><strong>est</strong></span> 
     </span>
     <span class='ocr_line' id='line_1_15' title="bbox 134 967 1627 1024; baseline 0.002 -17"><span class='ocrx_word' id='word_1_129' title='bbox 134 967 246 1007; x_wconf 89' lang='lat' dir='ltr'><strong>enim</strong></span> <span class='ocrx_word' id='word_1_130' title='bbox 269 967 302 1008; x_wconf 84' lang='lat' dir='ltr'><strong>is</strong></span> <span class='ocrx_word' id='word_1_131' title='bbox 328 967 500 1023; x_wconf 84' lang='lat' dir='ltr'><strong>quidem</strong></span> <span class='ocrx_word' id='word_1_132' title='bbox 522 978 737 1024; x_wconf 85' lang='lat' dir='ltr'><strong>tamquam</strong></span> <span class='ocrx_word' id='word_1_133' title='bbox 758 969 863 1009; x_wconf 88' lang='lat' dir='ltr'><strong>alter</strong></span> <span class='ocrx_word' id='word_1_134' title='bbox 884 967 1010 1009; x_wconf 89' lang='lat' dir='ltr'><strong>idem.</strong></span> <span class='ocrx_word' id='word_1_135' title='bbox 1068 967 1198 1024; x_wconf 68' lang='lat' dir='ltr'><strong>Quod</strong></span> <span class='ocrx_word' id='word_1_136' title='bbox 1225 967 1259 1008; x_wconf 91' lang='lat' dir='ltr'><strong>si</strong></span> <span class='ocrx_word' id='word_1_137' title='bbox 1290 967 1370 1008; x_wconf 88' lang='lat' dir='ltr'><strong>hoc</strong></span> <span class='ocrx_word' id='word_1_138' title='bbox 1395 979 1568 1024; x_wconf 85' lang='lat' dir='ltr'><strong>apparet</strong></span> <span class='ocrx_word' id='word_1_139' title='bbox 1580 978 1627 1011; x_wconf 80' lang='lat'><strong>81</strong></span> 
     </span>
     <span class='ocr_line' id='line_1_16' title="bbox 134 1023 1570 1080; baseline 0.001 -16"><span class='ocrx_word' id='word_1_140' title='bbox 134 1023 178 1064; x_wconf 88' lang='lat' dir='ltr'><strong>in</strong></span> <span class='ocrx_word' id='word_1_141' title='bbox 209 1024 368 1074; x_wconf 83' lang='lat' dir='ltr'><strong>bestiis,</strong></span> <span class='ocrx_word' id='word_1_142' title='bbox 390 1024 642 1074; x_wconf 77' lang='lat' dir='ltr'><strong>volucribus,</strong></span> <span class='ocrx_word' id='word_1_143' title='bbox 671 1025 881 1074; x_wconf 89' lang='lat' dir='ltr'><strong>nantibus,</strong></span> <span class='ocrx_word' id='word_1_144' title='bbox 919 1025 1172 1080; x_wconf 81' lang='lat' dir='ltr'><strong>agrestibus,</strong></span> <span class='ocrx_word' id='word_1_145' title='bbox 1200 1025 1425 1075; x_wconf 85' lang='lat' dir='ltr'><strong>cicuribus,</strong></span> <span class='ocrx_word' id='word_1_146' title='bbox 1455 1025 1570 1076; x_wconf 86' lang='lat' dir='ltr'><strong>feris,</strong></span> 
     </span>
     <span class='ocr_line' id='line_1_17' title="bbox 134 1079 1571 1136; baseline 0.001 -16"><span class='ocrx_word' id='word_1_147' title='bbox 134 1079 318 1135; x_wconf 88' lang='lat' dir='ltr'><strong>primum</strong></span> <span class='ocrx_word' id='word_1_148' title='bbox 341 1091 388 1122; x_wconf 89' lang='lat' dir='ltr'><strong>ut</strong></span> <span class='ocrx_word' id='word_1_149' title='bbox 409 1095 450 1121; x_wconf 88' lang='lat' dir='ltr'><strong>se</strong></span> <span class='ocrx_word' id='word_1_150' title='bbox 474 1081 572 1136; x_wconf 83' lang='lat' dir='ltr'><strong>ipsae</strong></span> <span class='ocrx_word' id='word_1_151' title='bbox 595 1080 797 1136; x_wconf 83' lang='lat' dir='ltr'><strong>diligant:</strong></span> <span class='ocrx_word' id='word_1_152' title='bbox 824 1082 882 1134; x_wconf 90' lang='lat' dir='ltr'><strong>(id</strong></span> <span class='ocrx_word' id='word_1_153' title='bbox 909 1082 1018 1122; x_wconf 89' lang='lat' dir='ltr'><strong>enim</strong></span> <span class='ocrx_word' id='word_1_154' title='bbox 1046 1081 1197 1136; x_wconf 88' lang='lat' dir='ltr'><strong>pariter</strong></span> <span class='ocrx_word' id='word_1_155' title='bbox 1217 1096 1313 1122; x_wconf 87' lang='lat' dir='ltr'><strong>cum</strong></span> <span class='ocrx_word' id='word_1_156' title='bbox 1335 1081 1450 1122; x_wconf 90' lang='lat' dir='ltr'><strong>omni</strong></span> <span class='ocrx_word' id='word_1_157' title='bbox 1479 1082 1571 1123; x_wconf 89' lang='lat' dir='ltr'><strong>ani-</strong></span> 
     </span>
     <span class='ocr_line' id='line_1_18' title="bbox 135 1137 1572 1194; baseline 0.003 -18"><span class='ocrx_word' id='word_1_158' title='bbox 135 1146 278 1177; x_wconf 83' lang='lat' dir='ltr'><strong>mante</strong></span> <span class='ocrx_word' id='word_1_159' title='bbox 318 1137 517 1190; x_wconf 86' lang='lat' dir='ltr'><strong>nascitur)</strong></span> <span class='ocrx_word' id='word_1_160' title='bbox 561 1137 725 1189; x_wconf 82' lang='lat' dir='ltr'><strong>deinde,</strong></span> <span class='ocrx_word' id='word_1_161' title='bbox 763 1149 810 1179; x_wconf 89' lang='lat' dir='ltr'><strong>ut</strong></span> <span class='ocrx_word' id='word_1_162' title='bbox 850 1138 1076 1193; x_wconf 80' lang='lat' dir='ltr'><strong>requirant,</strong></span> <span class='ocrx_word' id='word_1_163' title='bbox 1106 1148 1233 1194; x_wconf 88' lang='lat' dir='ltr'><strong>atque</strong></span> <span class='ocrx_word' id='word_1_164' title='bbox 1271 1147 1487 1193; x_wconf 87' lang='lat' dir='ltr'><strong>appetant,</strong></span> <span class='ocrx_word' id='word_1_165' title='bbox 1516 1137 1572 1180; x_wconf 87' lang='lat' dir='ltr'><strong>ad</strong></span> 
     </span>
     <span class='ocr_line' id='line_1_19' title="bbox 136 1193 1573 1250; baseline 0.003 -18"><span class='ocrx_word' id='word_1_166' title='bbox 136 1207 240 1248; x_wconf 90' lang='lat' dir='ltr'><strong>quas</strong></span> <span class='ocrx_word' id='word_1_167' title='bbox 261 1207 303 1232; x_wconf 86' lang='lat' dir='ltr'><strong>se.</strong></span> <span class='ocrx_word' id='word_1_168' title='bbox 323 1193 550 1248; x_wconf 76' lang='lat' dir='ltr'><strong>applicent,</strong></span> <span class='ocrx_word' id='word_1_169' title='bbox 570 1194 760 1250; x_wconf 88' lang='lat' dir='ltr'><strong>ejusdem</strong></span> <span class='ocrx_word' id='word_1_170' title='bbox 779 1195 943 1249; x_wconf 86' lang='lat' dir='ltr'><strong>generis</strong></span> <span class='ocrx_word' id='word_1_171' title='bbox 963 1194 1196 1235; x_wconf 86' lang='lat' dir='ltr'><strong>animantes</strong></span> <span class='ocrx_word' id='word_1_172' title='bbox 1215 1211 1224 1235; x_wconf 90' lang='lat'>:</span> <span class='ocrx_word' id='word_1_173' title='bbox 1256 1194 1384 1249; x_wconf 88' lang='lat' dir='ltr'><strong>idque</strong></span> <span class='ocrx_word' id='word_1_174' title='bbox 1411 1195 1573 1236; x_wconf 85' lang='lat' dir='ltr'><strong>faciunt.</strong></span> 
     </span>
     <span class='ocr_line' id='line_1_20' title="bbox 138 1248 1572 1306; baseline 0.002 -17"><span class='ocrx_word' id='word_1_175' title='bbox 138 1263 236 1289; x_wconf 86' lang='lat' dir='ltr'><strong>cum</strong></span> <span class='ocrx_word' id='word_1_176' title='bbox 269 1248 489 1300; x_wconf 81' lang='lat' dir='ltr'><strong>desiderio,</strong></span> <span class='ocrx_word' id='word_1_177' title='bbox 511 1260 554 1291; x_wconf 91' lang='lat' dir='ltr'><strong>et</strong></span> <span class='ocrx_word' id='word_1_178' title='bbox 579 1265 676 1291; x_wconf 87' lang='lat' dir='ltr'><strong>cum</strong></span> <span class='ocrx_word' id='word_1_179' title='bbox 699 1251 879 1306; x_wconf 88' lang='lat' dir='ltr'><strong>quadam</strong></span> <span class='ocrx_word' id='word_1_180' title='bbox 901 1250 1173 1292; x_wconf 87' lang='lat' dir='ltr'><strong>similitudine</strong></span> <span class='ocrx_word' id='word_1_181' title='bbox 1194 1251 1349 1291; x_wconf 88' lang='lat' dir='ltr'><strong>amoris</strong></span> <span class='ocrx_word' id='word_1_182' title='bbox 1369 1251 1543 1292; x_wconf 89' lang='lat' dir='ltr'><strong>humani</strong></span> <span class='ocrx_word' id='word_1_183' title='bbox 1562 1267 1572 1292; x_wconf 90' lang='lat'><strong>:</strong></span> 
     </span>
     <span class='ocr_line' id='line_1_21' title="bbox 133 1305 1572 1363; baseline 0.003 -18"><span class='ocrx_word' id='word_1_184' title='bbox 133 1315 294 1361; x_wconf 83' lang='lat' dir='ltr'><strong>quanto</strong></span> <span class='ocrx_word' id='word_1_185' title='bbox 315 1305 357 1346; x_wconf 89' lang='lat' dir='ltr'><strong>id</strong></span> <span class='ocrx_word' id='word_1_186' title='bbox 380 1307 515 1361; x_wconf 86' lang='lat' dir='ltr'><strong>magis</strong></span> <span class='ocrx_word' id='word_1_187' title='bbox 537 1314 572 1342; x_wconf 84' lang='lat'><strong>⁵7</strong></span> <span class='ocrx_word' id='word_1_188' title='bbox 593 1306 634 1347; x_wconf 86' lang='lat' dir='ltr'><strong>in</strong></span> <span class='ocrx_word' id='word_1_189' title='bbox 666 1306 836 1348; x_wconf 87' lang='lat' dir='ltr'><strong>homine</strong></span> <span class='ocrx_word' id='word_1_190' title='bbox 865 1308 909 1348; x_wconf 87' lang='lat' dir='ltr'><strong>fit</strong></span> <span class='ocrx_word' id='word_1_191' title='bbox 938 1310 1099 1358; x_wconf 71' lang='lat' dir='ltr'><strong>natura,</strong></span> <span class='ocrx_word' id='word_1_192' title='bbox 1121 1307 1195 1363; x_wconf 91' lang='lat' dir='ltr'><strong>qui</strong></span> <span class='ocrx_word' id='word_1_193' title='bbox 1219 1317 1262 1348; x_wconf 89' lang='lat' dir='ltr'><strong>et</strong></span> <span class='ocrx_word' id='word_1_194' title='bbox 1290 1322 1333 1348; x_wconf 84' lang='lat' dir='ltr'><strong>se</strong></span> <span class='ocrx_word' id='word_1_195' title='bbox 1357 1307 1446 1363; x_wconf 87' lang='lat' dir='ltr'><strong>ipse</strong></span> <span class='ocrx_word' id='word_1_196' title='bbox 1474 1308 1572 1349; x_wconf 91' lang='lat' dir='ltr'><strong>dili-</strong></span> 
     </span>
     <span class='ocr_line' id='line_1_22' title="bbox 136 1362 1570 1420; baseline 0.002 -18"><span class='ocrx_word' id='word_1_197' title='bbox 136 1362 216 1417; x_wconf 88' lang='lat' dir='ltr'><strong>git,</strong></span> <span class='ocrx_word' id='word_1_198' title='bbox 246 1373 289 1403; x_wconf 90' lang='lat' dir='ltr'><strong>et</strong></span> <span class='ocrx_word' id='word_1_199' title='bbox 317 1363 493 1403; x_wconf 89' lang='lat' dir='ltr'><strong>alterum</strong></span> <span class='ocrx_word' id='word_1_200' title='bbox 528 1363 725 1419; x_wconf 87' lang='lat' dir='ltr'><strong>anquirit,</strong></span> <span class='ocrx_word' id='word_1_201' title='bbox 746 1364 867 1420; x_wconf 90' lang='lat' dir='ltr'><strong>cujus</strong></span> <span class='ocrx_word' id='word_1_202' title='bbox 898 1364 1086 1405; x_wconf 88' lang='lat' dir='ltr'><strong>animum</strong></span> <span class='ocrx_word' id='word_1_203' title='bbox 1116 1364 1176 1405; x_wconf 88' lang='lat' dir='ltr'><strong>ita</strong></span> <span class='ocrx_word' id='word_1_204' title='bbox 1210 1378 1307 1404; x_wconf 90' lang='lat' dir='ltr'><strong>cum</strong></span> <span class='ocrx_word' id='word_1_205' title='bbox 1341 1379 1418 1405; x_wconf 91' lang='lat' dir='ltr'><strong>suo</strong></span> <span class='ocrx_word' id='word_1_206' title='bbox 1435 1373 1474 1397; x_wconf 82' lang='lat'><strong>⁵8</strong></span> <span class='ocrx_word' id='word_1_207' title='bbox 1488 1365 1570 1406; x_wconf 89' lang='lat' dir='ltr'><strong>mi-</strong></span> 
     </span>
     <span class='ocr_line' id='line_1_23' title="bbox 136 1413 1652 1477; baseline 0.003 -17"><span class='ocrx_word' id='word_1_208' title='bbox 136 1429 266 1469; x_wconf 82' lang='lat' dir='ltr'><strong>secat,</strong></span> <span class='ocrx_word' id='word_1_209' title='bbox 285 1428 332 1460; x_wconf 93' lang='lat' dir='ltr'><strong>ut</strong></span> <span class='ocrx_word' id='word_1_210' title='bbox 357 1419 507 1460; x_wconf 85' lang='lat' dir='ltr'><strong>efficiat</strong></span> <span class='ocrx_word' id='word_1_211' title='bbox 534 1434 653 1475; x_wconf 88' lang='lat' dir='ltr'><strong>paene</strong></span> <span class='ocrx_word' id='word_1_212' title='bbox 681 1435 814 1461; x_wconf 90' lang='lat' dir='ltr'><strong>unum</strong></span> <span class='ocrx_word' id='word_1_213' title='bbox 839 1435 890 1462; x_wconf 84' lang='lat' dir='ltr'><strong>ex</strong></span> <span class='ocrx_word' id='word_1_214' title='bbox 915 1420 1112 1462; x_wconf 84' lang='lat' dir='ltr'><strong>duobus?</strong></span> <span class='ocrx_word' id='word_1_215' title='bbox 1145 1419 1228 1461; x_wconf 93' lang='lat' dir='ltr'><strong>Sed</strong></span> <span class='ocrx_word' id='word_1_216' title='bbox 1256 1419 1445 1477; x_wconf 88' lang='lat' dir='ltr'><strong>plerique</strong></span> <span class='ocrx_word' id='word_1_217' title='bbox 1475 1436 1569 1477; x_wconf 90' lang='lat' dir='ltr'><strong>per·</strong></span> <span class='ocrx_word' id='word_1_218' title='bbox 1583 1413 1652 1465; x_wconf 69' lang='lat'><strong>22</strong></span> 
     </span>
     <span class='ocr_line' id='line_1_24' title="bbox 135 1475 1634 1532; baseline 0.001 -16"><span class='ocrx_word' id='word_1_219' title='bbox 135 1489 264 1526; x_wconf 90' lang='lat' dir='ltr'><strong>verse,</strong></span> <span class='ocrx_word' id='word_1_220' title='bbox 298 1490 350 1517; x_wconf 88' lang='lat' dir='ltr'><strong>ne</strong></span> <span class='ocrx_word' id='word_1_221' title='bbox 385 1475 523 1517; x_wconf 90' lang='lat' dir='ltr'><strong>dicam</strong></span> <span class='ocrx_word' id='word_1_222' title='bbox 555 1477 838 1532; x_wconf 89' lang='lat' dir='ltr'><strong>impudenter,</strong></span> <span class='ocrx_word' id='word_1_223' title='bbox 854 1477 1036 1518; x_wconf 80' lang='lat' dir='ltr'><strong>amicum</strong></span> <span class='ocrx_word' id='word_1_224' title='bbox 1069 1476 1223 1518; x_wconf 79' lang='lat' dir='ltr'><strong>habere</strong></span> <span class='ocrx_word' id='word_1_225' title='bbox 1253 1477 1381 1518; x_wconf 86' lang='lat' dir='ltr'><strong>talem</strong></span> <span class='ocrx_word' id='word_1_226' title='bbox 1411 1478 1569 1528; x_wconf 88' lang='lat' dir='ltr'><strong>volunt,</strong></span> <span class='ocrx_word' id='word_1_227' title='bbox 1583 1491 1634 1523; x_wconf 74' lang='lat'><strong>52</strong></span> 
     </span>
     <span class='ocr_line' id='line_1_25' title="bbox 137 1531 1617 1590; baseline 0.002 -18"><span class='ocrx_word' id='word_1_228' title='bbox 137 1531 281 1587; x_wconf 90' lang='lat' dir='ltr'><strong>quales</strong></span> <span class='ocrx_word' id='word_1_229' title='bbox 303 1532 382 1587; x_wconf 89' lang='lat' dir='ltr'><strong>ipsi</strong></span> <span class='ocrx_word' id='word_1_230' title='bbox 401 1547 491 1574; x_wconf 89' lang='lat' dir='ltr'><strong>esse</strong></span> <span class='ocrx_word' id='word_1_231' title='bbox 510 1547 594 1573; x_wconf 91' lang='lat' dir='ltr'><strong>non</strong></span> <span class='ocrx_word' id='word_1_232' title='bbox 616 1543 817 1588; x_wconf 88' lang='lat' dir='ltr'><strong>possunt:</strong></span> <span class='ocrx_word' id='word_1_233' title='bbox 849 1548 1029 1590; x_wconf 86' lang='lat' dir='ltr'><strong>quaeque</strong></span> <span class='ocrx_word' id='word_1_234' title='bbox 1046 1533 1125 1589; x_wconf 86' lang='lat' dir='ltr'><strong>ipsi</strong></span> <span class='ocrx_word' id='word_1_235' title='bbox 1146 1548 1228 1575; x_wconf 90' lang='lat' dir='ltr'><strong>non</strong></span> <span class='ocrx_word' id='word_1_236' title='bbox 1251 1533 1443 1575; x_wconf 87' lang='lat' dir='ltr'><strong>tribuunt</strong></span> <span class='ocrx_word' id='word_1_237' title='bbox 1463 1535 1569 1576; x_wconf 88' lang='lat' dir='ltr'><strong>ami-</strong></span> <span class='ocrx_word' id='word_1_238' title='bbox 1582 1539 1617 1569; x_wconf 87' lang='lat' dir='ltr'><strong>b·</strong></span> 
     </span>
     <span class='ocr_line' id='line_1_26' title="bbox 136 1588 1573 1646; baseline 0.003 -18"><span class='ocrx_word' id='word_1_239' title='bbox 136 1588 213 1637; x_wconf 80' lang='lat' dir='ltr'><strong>cis,</strong></span> <span class='ocrx_word' id='word_1_240' title='bbox 244 1588 335 1630; x_wconf 87' lang='lat' dir='ltr'><strong>haec</strong></span> <span class='ocrx_word' id='word_1_241' title='bbox 364 1589 416 1629; x_wconf 89' lang='lat' dir='ltr'><strong>ab</strong></span> <span class='ocrx_word' id='word_1_242' title='bbox 447 1590 495 1630; x_wconf 88' lang='lat' dir='ltr'><strong>iis</strong></span> <span class='ocrx_word' id='word_1_243' title='bbox 525 1589 775 1631; x_wconf 84' lang='lat' dir='ltr'><strong>desiderant.</strong></span> <span class='ocrx_word' id='word_1_244' title='bbox 837 1591 915 1632; x_wconf 88' lang='lat' dir='ltr'><strong>Par</strong></span> <span class='ocrx_word' id='word_1_245' title='bbox 941 1600 1005 1631; x_wconf 88' lang='lat' dir='ltr'><strong>est</strong></span> <span class='ocrx_word' id='word_1_246' title='bbox 1037 1601 1194 1640; x_wconf 87' lang='lat' dir='ltr'><strong>autem,</strong></span> <span class='ocrx_word' id='word_1_247' title='bbox 1216 1591 1401 1645; x_wconf 87' lang='lat' dir='ltr'><strong>primum</strong></span> <span class='ocrx_word' id='word_1_248' title='bbox 1429 1590 1573 1646; x_wconf 89' lang='lat' dir='ltr'><strong>ipsum</strong></span> 
     </span>
     <span class='ocr_line' id='line_1_27' title="bbox 137 1645 1575 1702; baseline 0.002 -17"><span class='ocrx_word' id='word_1_249' title='bbox 137 1658 228 1685; x_wconf 91' lang='lat' dir='ltr'><strong>esse</strong></span> <span class='ocrx_word' id='word_1_250' title='bbox 247 1645 379 1686; x_wconf 90' lang='lat' dir='ltr'><strong>virum</strong></span> <span class='ocrx_word' id='word_1_251' title='bbox 400 1645 577 1696; x_wconf 88' lang='lat' dir='ltr'><strong>bonum,</strong></span> <span class='ocrx_word' id='word_1_252' title='bbox 597 1656 686 1688; x_wconf 88' lang='lat' dir='ltr'><strong>tum</strong></span> <span class='ocrx_word' id='word_1_253' title='bbox 707 1646 885 1688; x_wconf 86' lang='lat' dir='ltr'><strong>alterum</strong></span> <span class='ocrx_word' id='word_1_254' title='bbox 913 1647 1093 1688; x_wconf 86' lang='lat' dir='ltr'><strong>similem</strong></span> <span class='ocrx_word' id='word_1_255' title='bbox 1114 1648 1178 1687; x_wconf 86' lang='lat' dir='ltr'><strong>sui</strong></span> <span class='ocrx_word' id='word_1_256' title='bbox 1205 1661 1407 1702; x_wconf 89' lang='lat' dir='ltr'><strong>quaerere.</strong></span> <span class='ocrx_word' id='word_1_257' title='bbox 1438 1648 1478 1688; x_wconf 88' lang='lat' dir='ltr'><strong>in</strong></span> <span class='ocrx_word' id='word_1_258' title='bbox 1510 1657 1575 1689; x_wconf 85' lang='lat' dir='ltr'><strong>ta-</strong></span> 
     </span>
     <span class='ocr_line' id='line_1_28' title="bbox 136 1700 1574 1759; baseline 0.002 -17"><span class='ocrx_word' id='word_1_259' title='bbox 136 1700 247 1743; x_wconf 88' lang='lat' dir='ltr'><strong>libus</strong></span> <span class='ocrx_word' id='word_1_260' title='bbox 287 1716 350 1752; x_wconf 88' lang='lat' dir='ltr'><strong>ea,</strong></span> <span class='ocrx_word' id='word_1_261' title='bbox 388 1717 514 1757; x_wconf 88' lang='lat' dir='ltr'><strong>quam</strong></span> <span class='ocrx_word' id='word_1_262' title='bbox 544 1703 800 1759; x_wconf 87' lang='lat' dir='ltr'><strong>jamdudum</strong></span> <span class='ocrx_word' id='word_1_263' title='bbox 838 1713 1082 1753; x_wconf 83' lang='lat' dir='ltr'><strong>tractamus,</strong></span> <span class='ocrx_word' id='word_1_264' title='bbox 1117 1703 1321 1744; x_wconf 88' lang='lat' dir='ltr'><strong>stabilitas</strong></span> <span class='ocrx_word' id='word_1_265' title='bbox 1360 1704 1574 1755; x_wconf 88' lang='lat' dir='ltr'><strong>amicitiae,</strong></span> 
     </span>
     <span class='ocr_line' id='line_1_29' title="bbox 140 1758 1575 1817; baseline 0.003 -19"><span class='ocrx_word' id='word_1_266' title='bbox 140 1758 376 1799; x_wconf 81' lang='lat' dir='ltr'><strong>confirmari</strong></span> <span class='ocrx_word' id='word_1_267' title='bbox 396 1767 562 1814; x_wconf 88' lang='lat' dir='ltr'><strong>potest:</strong></span> <span class='ocrx_word' id='word_1_268' title='bbox 593 1774 690 1800; x_wconf 89' lang='lat' dir='ltr'><strong>cum</strong></span> <span class='ocrx_word' id='word_1_269' title='bbox 713 1759 904 1801; x_wconf 88' lang='lat' dir='ltr'><strong>homines</strong></span> <span class='ocrx_word' id='word_1_270' title='bbox 925 1759 1215 1801; x_wconf 83' lang='lat' dir='ltr'><strong>benevolentia</strong></span> <span class='ocrx_word' id='word_1_271' title='bbox 1235 1760 1466 1816; x_wconf 87' lang='lat' dir='ltr'><strong>conjuncti,</strong></span> <span class='ocrx_word' id='word_1_272' title='bbox 1488 1762 1575 1817; x_wconf 90' lang='lat' dir='ltr'><strong>pri-</strong></span> 
     </span>
     <span class='ocr_line' id='line_1_30' title="bbox 140 1815 1576 1872; baseline 0.003 -18"><span class='ocrx_word' id='word_1_273' title='bbox 140 1828 259 1854; x_wconf 88' lang='lat' dir='ltr'><strong>mum</strong></span> <span class='ocrx_word' id='word_1_274' title='bbox 295 1815 595 1870; x_wconf 88' lang='lat' dir='ltr'><strong>cupiditatibus</strong></span> <span class='ocrx_word' id='word_1_275' title='bbox 626 1816 690 1867; x_wconf 92' lang='lat' dir='ltr'><strong>iis,</strong></span> <span class='ocrx_word' id='word_1_276' title='bbox 721 1817 873 1872; x_wconf 88' lang='lat' dir='ltr'><strong>quibus</strong></span> <span class='ocrx_word' id='word_1_277' title='bbox 906 1815 1033 1857; x_wconf 90' lang='lat' dir='ltr'><strong>ceteri</strong></span> <span class='ocrx_word' id='word_1_278' title='bbox 1068 1816 1264 1867; x_wconf 79' lang='lat' dir='ltr'><strong>serviunt,</strong></span> <span class='ocrx_word' id='word_1_279' title='bbox 1291 1816 1576 1872; x_wconf 87' lang='lat' dir='ltr'><strong>imperabunt,</strong></span> 
     </span>
     <span class='ocr_line' id='line_1_31' title="bbox 141 1870 1576 1930; baseline 0.003 -20"><span class='ocrx_word' id='word_1_280' title='bbox 141 1870 291 1911; x_wconf 89' lang='lat' dir='ltr'><strong>deinde</strong></span> <span class='ocrx_word' id='word_1_281' title='bbox 320 1872 530 1926; x_wconf 81' lang='lat' dir='ltr'><strong>aequitate,</strong></span> <span class='ocrx_word' id='word_1_282' title='bbox 544 1872 795 1929; x_wconf 84' lang='lat' dir='ltr'><strong>justitiaque</strong></span> <span class='ocrx_word' id='word_1_283' title='bbox 823 1872 1086 1929; x_wconf 85' lang='lat' dir='ltr'><strong>gaudebunt,</strong></span> <span class='ocrx_word' id='word_1_284' title='bbox 1107 1872 1334 1929; x_wconf 90' lang='lat' dir='ltr'><strong>omniaque</strong></span> <span class='ocrx_word' id='word_1_285' title='bbox 1363 1873 1468 1915; x_wconf 85' lang='lat' dir='ltr'><strong>alter</strong></span> <span class='ocrx_word' id='word_1_286' title='bbox 1498 1889 1576 1930; x_wconf 91' lang='lat' dir='ltr'><strong>pro</strong></span> 
     </span>
     <span class='ocr_line' id='line_1_32' title="bbox 140 1926 1577 1985; baseline 0.004 -18"><span class='ocrx_word' id='word_1_287' title='bbox 140 1926 273 1967; x_wconf 89' lang='lat' dir='ltr'><strong>altero</strong></span> <span class='ocrx_word' id='word_1_288' title='bbox 295 1928 506 1984; x_wconf 83' lang='lat' dir='ltr'><strong>suscipiet,</strong></span> <span class='ocrx_word' id='word_1_289' title='bbox 528 1943 663 1985; x_wconf 90' lang='lat' dir='ltr'><strong>neque</strong></span> <span class='ocrx_word' id='word_1_290' title='bbox 685 1929 917 1985; x_wconf 89' lang='lat' dir='ltr'><strong>quidquam</strong></span> <span class='ocrx_word' id='word_1_291' title='bbox 943 1944 1145 1985; x_wconf 88' lang='lat' dir='ltr'><strong>umquam</strong></span> <span class='ocrx_word' id='word_1_292' title='bbox 1173 1929 1252 1970; x_wconf 89' lang='lat' dir='ltr'><strong>nisi</strong></span> <span class='ocrx_word' id='word_1_293' title='bbox 1281 1929 1507 1971; x_wconf 86' lang='lat' dir='ltr'><strong>honestum</strong></span> <span class='ocrx_word' id='word_1_294' title='bbox 1533 1940 1577 1973; x_wconf 91' lang='lat' dir='ltr'><strong>et</strong></span> 
     </span>
     <span class='ocr_line' id='line_1_33' title="bbox 137 1983 1578 2042; baseline 0.004 -19"><span class='ocrx_word' id='word_1_295' title='bbox 137 1993 301 2024; x_wconf 88' lang='lat' dir='ltr'><strong>rectum</strong></span> <span class='ocrx_word' id='word_1_296' title='bbox 323 1983 428 2025; x_wconf 87' lang='lat' dir='ltr'><strong>alter</strong></span> <span class='ocrx_word' id='word_1_297' title='bbox 457 1986 511 2025; x_wconf 87' lang='lat' dir='ltr'><strong>ab</strong></span> <span class='ocrx_word' id='word_1_298' title='bbox 542 1985 675 2026; x_wconf 86' lang='lat' dir='ltr'><strong>altero</strong></span> <span class='ocrx_word' id='word_1_299' title='bbox 706 1986 964 2042; x_wconf 88' lang='lat' dir='ltr'><strong>postulabit:</strong></span> <span class='ocrx_word' id='word_1_300' title='bbox 999 1995 1037 2020; x_wconf 86' lang='lat'><strong>⁵9</strong></span> <span class='ocrx_word' id='word_1_301' title='bbox 1052 2000 1187 2041; x_wconf 88' lang='lat' dir='ltr'><strong>neque</strong></span> <span class='ocrx_word' id='word_1_302' title='bbox 1209 1985 1346 2027; x_wconf 89' lang='lat' dir='ltr'><strong>solum</strong></span> <span class='ocrx_word' id='word_1_303' title='bbox 1369 2002 1413 2027; x_wconf 91' lang='lat' dir='ltr'><strong>se</strong></span> <span class='ocrx_word' id='word_1_304' title='bbox 1433 1987 1578 2029; x_wconf 87' lang='lat' dir='ltr'><strong>colent</strong></span> 
     </span>
     <span class='ocr_line' id='line_1_34' title="bbox 141 2039 1576 2097; baseline 0.004 -18"><span class='ocrx_word' id='word_1_305' title='bbox 141 2039 250 2080; x_wconf 88' lang='lat' dir='ltr'><strong>inter</strong></span> <span class='ocrx_word' id='word_1_306' title='bbox 281 2054 338 2091; x_wconf 89' lang='lat' dir='ltr'><strong>se,</strong></span> <span class='ocrx_word' id='word_1_307' title='bbox 366 2055 415 2081; x_wconf 89' lang='lat' dir='ltr'><strong>ac</strong></span> <span class='ocrx_word' id='word_1_308' title='bbox 445 2041 638 2097; x_wconf 89' lang='lat' dir='ltr'><strong>diligent,</strong></span> <span class='ocrx_word' id='word_1_309' title='bbox 669 2042 740 2083; x_wconf 91' lang='lat' dir='ltr'><strong>sed</strong></span> <span class='ocrx_word' id='word_1_310' title='bbox 773 2042 899 2083; x_wconf 89' lang='lat' dir='ltr'><strong>etiam</strong></span> <span class='ocrx_word' id='word_1_311' title='bbox 920 2043 1186 2084; x_wconf 85' lang='lat' dir='ltr'><strong>verebuntur.</strong></span> <span class='ocrx_word' id='word_1_312' title='bbox 1217 2057 1314 2083; x_wconf 90' lang='lat' dir='ltr'><strong>nam</strong></span> <span class='ocrx_word' id='word_1_313' title='bbox 1343 2042 1576 2085; x_wconf 81' lang='lat' dir='ltr'><strong>maximum</strong></span> 
     </span>
     <span class='ocr_line' id='line_1_35' title="bbox 142 2098 1575 2155; baseline 0.003 -19"><span class='ocrx_word' id='word_1_314' title='bbox 142 2106 437 2138; x_wconf 83' lang='lat' dir='ltr'><strong>ornamentum</strong></span> <span class='ocrx_word' id='word_1_315' title='bbox 468 2099 664 2139; x_wconf 85' lang='lat' dir='ltr'><strong>amicitiae</strong></span> <span class='ocrx_word' id='word_1_316' title='bbox 695 2098 821 2149; x_wconf 91' lang='lat' dir='ltr'><strong>tollit,</strong></span> <span class='ocrx_word' id='word_1_317' title='bbox 851 2099 922 2155; x_wconf 91' lang='lat' dir='ltr'><strong>qui</strong></span> <span class='ocrx_word' id='word_1_318' title='bbox 960 2114 1010 2140; x_wconf 84' lang='lat' dir='ltr'><strong>ex</strong></span> <span class='ocrx_word' id='word_1_319' title='bbox 1040 2114 1090 2140; x_wconf 83' lang='lat' dir='ltr'><strong>ea</strong></span> <span class='ocrx_word' id='word_1_320' title='bbox 1124 2098 1237 2140; x_wconf 85' lang='lat' dir='ltr'><strong>tollit</strong></span> <span class='ocrx_word' id='word_1_321' title='bbox 1265 2100 1575 2154; x_wconf 87' lang='lat' dir='ltr'><strong>verecundiam.</strong></span> 
     </span>
     <span class='ocr_line' id='line_1_36' title="bbox 142 2152 1637 2211; baseline 0.003 -18"><span class='ocrx_word' id='word_1_322' title='bbox 142 2152 293 2208; x_wconf 82' lang='lat' dir='ltr'><strong>Itaque</strong></span> <span class='ocrx_word' id='word_1_323' title='bbox 329 2153 371 2194; x_wconf 92' lang='lat' dir='ltr'><strong>in</strong></span> <span class='ocrx_word' id='word_1_324' title='bbox 400 2154 448 2194; x_wconf 89' lang='lat' dir='ltr'><strong>iis</strong></span> <span class='ocrx_word' id='word_1_325' title='bbox 485 2155 744 2210; x_wconf 88' lang='lat' dir='ltr'><strong>perniciosus</strong></span> <span class='ocrx_word' id='word_1_326' title='bbox 776 2165 840 2197; x_wconf 91' lang='lat' dir='ltr'><strong>est</strong></span> <span class='ocrx_word' id='word_1_327' title='bbox 878 2170 1006 2206; x_wconf 91' lang='lat' dir='ltr'><strong>error,</strong></span> <span class='ocrx_word' id='word_1_328' title='bbox 1037 2156 1111 2211; x_wconf 91' lang='lat' dir='ltr'><strong>qui</strong></span> <span class='ocrx_word' id='word_1_329' title='bbox 1147 2156 1403 2206; x_wconf 77' lang='lat' dir='ltr'><strong>existimant,</strong></span> <span class='ocrx_word' id='word_1_330' title='bbox 1436 2156 1576 2198; x_wconf 89' lang='lat' dir='ltr'><strong>libidi-</strong></span> <span class='ocrx_word' id='word_1_331' title='bbox 1589 2168 1637 2202; x_wconf 77' lang='grc'><strong>83</strong></span> 
     </span>
     <span class='ocr_line' id='line_1_37' title="bbox 143 2208 1576 2268; baseline 0.003 -18"><span class='ocrx_word' id='word_1_332' title='bbox 143 2210 245 2251; x_wconf 89' lang='lat' dir='ltr'><strong>num</strong></span> <span class='ocrx_word' id='word_1_333' title='bbox 274 2220 628 2267; x_wconf 87' lang='lat' dir='ltr'><strong>peccatorumque</strong></span> <span class='ocrx_word' id='word_1_334' title='bbox 658 2213 849 2254; x_wconf 88' lang='lat' dir='ltr'><strong>omnium</strong></span> <span class='ocrx_word' id='word_1_335' title='bbox 881 2221 1025 2268; x_wconf 87' lang='lat' dir='ltr'><strong>patere</strong></span> <span class='ocrx_word' id='word_1_336' title='bbox 1058 2214 1100 2253; x_wconf 91' lang='lat' dir='ltr'><strong>in</strong></span> <span class='ocrx_word' id='word_1_337' title='bbox 1131 2208 1317 2253; x_wconf 86' lang='lat' dir='ltr'><strong>amicitia</strong></span> <span class='ocrx_word' id='word_1_338' title='bbox 1347 2213 1576 2255; x_wconf 86' lang='lat' dir='ltr'><strong>licentiam.</strong></span> 
     </span>
     <span class='ocr_line' id='line_1_38' title="bbox 142 2266 1578 2325; baseline 0.004 -20"><span class='ocrx_word' id='word_1_339' title='bbox 142 2266 365 2308; x_wconf 82' lang='lat' dir='ltr'><strong>Virtutum</strong></span> <span class='ocrx_word' id='word_1_340' title='bbox 393 2267 577 2309; x_wconf 84' lang='lat' dir='ltr'><strong>amicitia</strong></span> <span class='ocrx_word' id='word_1_341' title='bbox 603 2268 787 2325; x_wconf 81' lang='lat' dir='ltr'><strong>adjutrix</strong></span> <span class='ocrx_word' id='word_1_342' title='bbox 815 2284 841 2310; x_wconf 87' lang='lat' dir='ltr'><strong>a</strong></span> <span class='ocrx_word' id='word_1_343' title='bbox 869 2278 1018 2310; x_wconf 86' lang='lat' dir='ltr'><strong>natura</strong></span> <span class='ocrx_word' id='word_1_344' title='bbox 1047 2268 1145 2310; x_wconf 86' lang='lat' dir='ltr'><strong>data</strong></span> <span class='ocrx_word' id='word_1_345' title='bbox 1175 2278 1253 2319; x_wconf 91' lang='lat' dir='ltr'><strong>est,</strong></span> <span class='ocrx_word' id='word_1_346' title='bbox 1275 2284 1361 2310; x_wconf 93' lang='lat' dir='ltr'><strong>non</strong></span> <span class='ocrx_word' id='word_1_347' title='bbox 1380 2269 1578 2311; x_wconf 90' lang='lat' dir='ltr'><strong>vitiorum</strong></span> 
     </span>
     <span class='ocr_line' id='line_1_39' title="bbox 145 2325 1578 2382; baseline 0.003 -20"><span class='ocrx_word' id='word_1_348' title='bbox 145 2335 317 2364; x_wconf 87' lang='lat' dir='ltr'><strong>comes:</strong></span> <span class='ocrx_word' id='word_1_349' title='bbox 347 2325 630 2379; x_wconf 82' lang='lat' dir='ltr'><strong>ut,·quoniam</strong></span> <span class='ocrx_word' id='word_1_350' title='bbox 654 2325 840 2366; x_wconf 83' lang='lat' dir='ltr'><strong>solitaria</strong></span> <span class='ocrx_word' id='word_1_351' title='bbox 869 2341 952 2366; x_wconf 90' lang='lat' dir='ltr'><strong>non</strong></span> <span class='ocrx_word' id='word_1_352' title='bbox 982 2335 1126 2381; x_wconf 90' lang='lat' dir='ltr'><strong>posset</strong></span> <span class='ocrx_word' id='word_1_353' title='bbox 1145 2325 1273 2367; x_wconf 89' lang='lat' dir='ltr'><strong>virtus</strong></span> <span class='ocrx_word' id='word_1_354' title='bbox 1303 2325 1359 2367; x_wconf 91' lang='lat' dir='ltr'><strong>ad</strong></span> <span class='ocrx_word' id='word_1_355' title='bbox 1390 2341 1454 2377; x_wconf 88' lang='lat' dir='ltr'><strong>ea,</strong></span> <span class='ocrx_word' id='word_1_356' title='bbox 1483 2342 1578 2382; x_wconf 79' lang='lat' dir='ltr'><strong>quae</strong></span> 
     </span>
     <span class='ocr_line' id='line_1_40' title="bbox 146 2381 1581 2439; baseline 0.004 -21"><span class='ocrx_word' id='word_1_357' title='bbox 146 2387 312 2419; x_wconf 81' lang='lat' dir='ltr'><strong>summa</strong></span> <span class='ocrx_word' id='word_1_358' title='bbox 339 2388 451 2429; x_wconf 88' lang='lat' dir='ltr'><strong>sunt,</strong></span> <span class='ocrx_word' id='word_1_359' title='bbox 477 2381 703 2436; x_wconf 80' lang='lat' dir='ltr'><strong>pervenire,</strong></span> <span class='ocrx_word' id='word_1_360' title='bbox 724 2381 951 2439; x_wconf 88' lang='lat' dir='ltr'><strong>conjuncta</strong></span> <span class='ocrx_word' id='word_1_361' title='bbox 977 2391 1021 2423; x_wconf 93' lang='lat' dir='ltr'><strong>et</strong></span> <span class='ocrx_word' id='word_1_362' title='bbox 1052 2383 1294 2424; x_wconf 83' lang='lat' dir='ltr'><strong>consociata</strong></span> <span class='ocrx_word' id='word_1_363' title='bbox 1322 2397 1422 2424; x_wconf 91' lang='lat' dir='ltr'><strong>cum</strong></span> <span class='ocrx_word' id='word_1_364' title='bbox 1450 2383 1581 2425; x_wconf 85' lang='lat' dir='ltr'><strong>altera</strong></span> 
     </span>
     <span class='ocr_line' id='line_1_41' title="bbox 142 2435 1582 2494; baseline 0.004 -19"><span class='ocrx_word' id='word_1_365' title='bbox 142 2435 402 2490; x_wconf 83' lang='lat' dir='ltr'><strong>perveniret:</strong></span> <span class='ocrx_word' id='word_1_366' title='bbox 433 2453 528 2494; x_wconf 79' lang='lat' dir='ltr'><strong>quae</strong></span> <span class='ocrx_word' id='word_1_367' title='bbox 549 2438 583 2479; x_wconf 91' lang='lat' dir='ltr'><strong>si</strong></span> <span class='ocrx_word' id='word_1_368' title='bbox 610 2453 716 2494; x_wconf 91' lang='lat' dir='ltr'><strong>quos</strong></span> <span class='ocrx_word' id='word_1_369' title='bbox 745 2439 852 2480; x_wconf 90' lang='lat' dir='ltr'><strong>inter</strong></span> <span class='ocrx_word' id='word_1_370' title='bbox 880 2439 1057 2480; x_wconf 89' lang='lat' dir='ltr'><strong>societas</strong></span> <span class='ocrx_word' id='word_1_371' title='bbox 1090 2447 1164 2480; x_wconf 87' lang='lat' dir='ltr'><strong>aut</strong></span> <span class='ocrx_word' id='word_1_372' title='bbox 1195 2447 1273 2490; x_wconf 89' lang='lat' dir='ltr'><strong>est,</strong></span> <span class='ocrx_word' id='word_1_373' title='bbox 1293 2448 1366 2480; x_wconf 89' lang='lat' dir='ltr'><strong>aut</strong></span> <span class='ocrx_word' id='word_1_374' title='bbox 1395 2440 1489 2491; x_wconf 88' lang='lat' dir='ltr'><strong>fuit,</strong></span> <span class='ocrx_word' id='word_1_375' title='bbox 1507 2448 1582 2481; x_wconf 85' lang='lat' dir='ltr'><strong>aut</strong></span> 
     </span>
    </p>
   </div>
   <div class='ocr_carea' id='block_1_3' title="bbox 138 2560 1586 2900">
    <p class='ocr_par' dir='ltr' id='par_1_3' title="bbox 138 2560 1582 2691">
     <span class='ocr_line' id='line_1_42' title="bbox 188 2560 1582 2604; baseline 0.003 -13"><span class='ocrx_word' id='word_1_376' title='bbox 188 2566 227 2592; x_wconf 77' lang='lat'><strong>56</strong></span> <span class='ocrx_word' id='word_1_377' title='bbox 251 2560 520 2603; x_wconf 70' lang='lat' dir='ltr'><strong>quodsi-uctuosum</strong></span> <span class='ocrx_word' id='word_1_378' title='bbox 543 2561 598 2604; x_wconf 78' lang='lat' dir='ltr'><strong>sit]</strong></span> <span class='ocrx_word' id='word_1_379' title='bbox 632 2563 682 2594; x_wconf 89' lang='lat' dir='ltr'><strong>Sc.</strong></span> <span class='ocrx_word' id='word_1_380' title='bbox 707 2564 745 2593; x_wconf 89' lang='lat' dir='ltr'><strong>ad</strong></span> <span class='ocrx_word' id='word_1_381' title='bbox 772 2573 840 2593; x_wconf 87' lang='lat' dir='ltr'><strong>rem</strong></span> <span class='ocrx_word' id='word_1_382' title='bbox 885 2570 947 2593; x_wconf 76' lang='lat' dir='ltr'><strong>cea!</strong></span> <span class='ocrx_word' id='word_1_383' title='bbox 966 2570 1087 2600; x_wconf 86' lang='lat' dir='ltr'><strong>tamen,</strong></span> <span class='ocrx_word' id='word_1_384' title='bbox 1108 2563 1195 2603; x_wconf 93' lang='lat' dir='ltr'><strong>quod</strong></span> <span class='ocrx_word' id='word_1_385' title='bbox 1209 2563 1306 2604; x_wconf 78' lang='lat' dir='ltr'><strong>vulgo</strong></span> <span class='ocrx_word' id='word_1_386' title='bbox 1329 2565 1383 2595; x_wconf 86' lang='lat' dir='ltr'><strong>hic</strong></span> <span class='ocrx_word' id='word_1_387' title='bbox 1404 2571 1462 2601; x_wconf 82' lang='lat' dir='ltr'><strong>est,</strong></span> <span class='ocrx_word' id='word_1_388' title='bbox 1486 2565 1582 2595; x_wconf 83' lang='lat' dir='ltr'><strong>habet</strong></span> 
     </span>
     <span class='ocr_line' id='line_1_43' title="bbox 145 2604 1516 2647; baseline 0.002 -13"><span class='ocrx_word' id='word_1_389' title='bbox 145 2604 349 2640; x_wconf 71' lang='lat' dir='ltr'><strong>familiarem,</strong></span> <span class='ocrx_word' id='word_1_390' title='bbox 363 2608 417 2634; x_wconf 77' lang='lat' dir='ltr'><strong>aut</strong></span> <span class='ocrx_word' id='word_1_391' title='bbox 432 2606 566 2637; x_wconf 84' lang='lat' dir='ltr'><strong>honores</strong></span> <span class='ocrx_word' id='word_1_392' title='bbox 582 2607 639 2636; x_wconf 72' lang='grc' dir='ltr'><strong>ἃς.</strong></span> <span class='ocrx_word' id='word_1_393' title='bbox 657 2608 701 2636; x_wconf 85' lang='lat' dir='ltr'><strong>sic</strong></span> <span class='ocrx_word' id='word_1_394' title='bbox 717 2614 747 2637; x_wconf 92' lang='lat' dir='ltr'><strong>et</strong></span> <span class='ocrx_word' id='word_1_395' title='bbox 763 2617 842 2637; x_wconf 79' lang='lat' dir='ltr'><strong>mox</strong></span> <span class='ocrx_word' id='word_1_396' title='bbox 881 2607 951 2645; x_wconf 86' lang='lat' dir='ltr'><strong>jam</strong></span> <span class='ocrx_word' id='word_1_397' title='bbox 967 2607 1015 2636; x_wconf 85' lang='lat' dir='ltr'><strong>ed.</strong></span> <span class='ocrx_word' id='word_1_398' title='bbox 1032 2607 1124 2637; x_wconf 89' lang='lat' dir='ltr'><strong>Rom.</strong></span> <span class='ocrx_word' id='word_1_399' title='bbox 1143 2604 1207 2637; x_wconf 86' lang='lat' dir='ltr'><strong>Ms.</strong></span> <span class='ocrx_word' id='word_1_400' title='bbox 1224 2607 1322 2637; x_wconf 86' lang='lat' dir='ltr'><strong>Goth.</strong></span> <span class='ocrx_word' id='word_1_401' title='bbox 1333 2608 1516 2647; x_wconf 74' lang='lat' dir='ltr'><strong>permisceat.</strong></span> 
     </span>
     <span class='ocr_line' id='line_1_44' title="bbox 138 2647 1581 2691; baseline 0.003 -15"><span class='ocrx_word' id='word_1_402' title='bbox 138 2648 262 2688; x_wconf 67' lang='lat' dir='ltr'><strong>sna-tus</strong></span> <span class='ocrx_word' id='word_1_403' title='bbox 277 2647 401 2678; x_wconf 77' lang='lat' dir='ltr'><strong>dicitur.</strong></span> <span class='ocrx_word' id='word_1_404' title='bbox 930 2657 970 2683; x_wconf 72' lang='lat'><strong>59</strong></span> <span class='ocrx_word' id='word_1_405' title='bbox 994 2661 1082 2691; x_wconf 73' lang='lat' dir='ltr'><strong>neque</strong></span> <span class='ocrx_word' id='word_1_406' title='bbox 1099 2649 1187 2679; x_wconf 78' lang='lat' dir='ltr'><strong>solum·</strong></span> <span class='ocrx_word' id='word_1_407' title='bbox 1208 2660 1236 2679; x_wconf 82' lang='lat' dir='ltr'><strong>se</strong></span> <span class='ocrx_word' id='word_1_408' title='bbox 1255 2649 1345 2679; x_wconf 72' lang='lat' dir='ltr'><strong>colen!</strong></span> <span class='ocrx_word' id='word_1_409' title='bbox 1368 2649 1443 2680; x_wconf 74' lang='lat' dir='ltr'><strong>inter</strong></span> <span class='ocrx_word' id='word_1_410' title='bbox 1461 2648 1503 2689; x_wconf 82' lang='lat' dir='ltr'><strong>se]</strong></span> <span class='ocrx_word' id='word_1_411' title='bbox 1529 2650 1581 2681; x_wconf 81' lang='lat' dir='ltr'><strong>Sic</strong></span> 
     </span>
    </p>

    <p class='ocr_par' dir='ltr' id='par_1_4' title="bbox 144 2689 1586 2853">
     <span class='ocr_line' id='line_1_45' title="bbox 192 2689 1583 2730; baseline 0.001 -10"><span class='ocrx_word' id='word_1_412' title='bbox 192 2696 229 2725; x_wconf 83' lang='lat'><strong>57</strong></span> <span class='ocrx_word' id='word_1_413' title='bbox 254 2690 409 2720; x_wconf 62' lang='lat' dir='ltr'><strong>inhomine</strong></span> <span class='ocrx_word' id='word_1_414' title='bbox 419 2689 466 2728; x_wconf 83' lang='lat' dir='ltr'><strong>fit</strong></span> <span class='ocrx_word' id='word_1_415' title='bbox 480 2690 598 2730; x_wconf 58' lang='lat' dir='ltr'><strong>naturai]</strong></span> <span class='ocrx_word' id='word_1_416' title='bbox 625 2692 676 2722; x_wconf 88' lang='lat' dir='ltr'><strong>Sic</strong></span> <span class='ocrx_word' id='word_1_417' title='bbox 699 2692 769 2723; x_wconf 80' lang='lat' dir='ltr'><strong>libri</strong></span> <span class='ocrx_word' id='word_1_418' title='bbox 789 2701 842 2722; x_wconf 77' lang='lat' dir='ltr'><strong>ve·</strong></span> <span class='ocrx_word' id='word_1_419' title='bbox 887 2693 951 2723; x_wconf 70' lang='grc' dir='ltr'><strong>ΜΞ.</strong></span> <span class='ocrx_word' id='word_1_420' title='bbox 972 2693 1070 2722; x_wconf 80' lang='lat' dir='ltr'><strong>Goth.</strong></span> <span class='ocrx_word' id='word_1_421' title='bbox 1091 2694 1140 2724; x_wconf 88' lang='lat' dir='ltr'><strong>ed.</strong></span> <span class='ocrx_word' id='word_1_422' title='bbox 1163 2693 1258 2723; x_wconf 83' lang='lat' dir='ltr'><strong>Rom·</strong></span> <span class='ocrx_word' id='word_1_423' title='bbox 1282 2700 1313 2723; x_wconf 87' lang='lat' dir='ltr'><strong>et</strong></span> <span class='ocrx_word' id='word_1_424' title='bbox 1336 2693 1400 2723; x_wconf 71' lang='lat' dir='ltr'><strong>BIS.</strong></span> <span class='ocrx_word' id='word_1_425' title='bbox 1422 2692 1532 2723; x_wconf 84' lang='lat' dir='ltr'><strong>Salisb.</strong></span> <span class='ocrx_word' id='word_1_426' title='bbox 1553 2704 1583 2722; x_wconf 81' lang='lat' dir='ltr'><strong>se</strong></span> 
     </span>
     <span class='ocr_line' id='line_1_46' title="bbox 144 2734 1583 2775; baseline 0.001 -12"><span class='ocrx_word' id='word_1_427' title='bbox 144 2739 224 2763; x_wconf 75' lang='lat' dir='ltr'><strong>teres</strong></span> <span class='ocrx_word' id='word_1_428' title='bbox 239 2741 297 2763; x_wconf 86' lang='lat' dir='ltr'><strong>scr.</strong></span> <span class='ocrx_word' id='word_1_429' title='bbox 321 2741 352 2763; x_wconf 83' lang='lat' dir='ltr'><strong>ct</strong></span> <span class='ocrx_word' id='word_1_430' title='bbox 372 2734 441 2763; x_wconf 87' lang='lat' dir='ltr'><strong>edd.</strong></span> <span class='ocrx_word' id='word_1_431' title='bbox 464 2735 550 2763; x_wconf 87' lang='lat' dir='ltr'><strong>unde</strong></span> <span class='ocrx_word' id='word_1_432' title='bbox 572 2742 603 2764; x_wconf 88' lang='lat' dir='ltr'><strong>et</strong></span> <span class='ocrx_word' id='word_1_433' title='bbox 624 2735 767 2765; x_wconf 80' lang='lat' dir='ltr'><strong>Graevius</strong></span> <span class='ocrx_word' id='word_1_434' title='bbox 790 2736 843 2765; x_wconf 89' lang='lat' dir='ltr'><strong>de·</strong></span> <span class='ocrx_word' id='word_1_435' title='bbox 887 2735 966 2766; x_wconf 90' lang='lat' dir='ltr'><strong>illud</strong></span> <span class='ocrx_word' id='word_1_436' title='bbox 982 2736 1088 2766; x_wconf 83' lang='lat' dir='ltr'><strong>abesse</strong></span> <span class='ocrx_word' id='word_1_437' title='bbox 1103 2736 1273 2766; x_wconf 89' lang='lat' dir='ltr'><strong>commode</strong></span> <span class='ocrx_word' id='word_1_438' title='bbox 1294 2745 1358 2765; x_wconf 88' lang='lat' dir='ltr'><strong>non</strong></span> <span class='ocrx_word' id='word_1_439' title='bbox 1379 2742 1492 2775; x_wconf 82' lang='lat' dir='ltr'><strong>potest.</strong></span> <span class='ocrx_word' id='word_1_440' title='bbox 1508 2736 1583 2765; x_wconf 82' lang='lat' dir='ltr'><strong>inter</strong></span> 
     </span>
     <span class='ocr_line' id='line_1_47' title="bbox 148 2775 1586 2819; baseline 0.003 -14"><span class='ocrx_word' id='word_1_441' title='bbox 148 2777 217 2805; x_wconf 84' lang='lat' dir='ltr'><strong>dit:</strong></span> <span class='ocrx_word' id='word_1_442' title='bbox 240 2777 298 2806; x_wconf 83' lang='lat' dir='ltr'><strong>nisi</strong></span> <span class='ocrx_word' id='word_1_443' title='bbox 322 2777 408 2815; x_wconf 81' lang='lat' dir='ltr'><strong>quod</strong></span> <span class='ocrx_word' id='word_1_444' title='bbox 430 2786 446 2806; x_wconf 88' lang='lat' dir='ltr'><strong>e</strong></span> <span class='ocrx_word' id='word_1_445' title='bbox 467 2775 596 2815; x_wconf 74' lang='lat' dir='ltr'><strong>vulgato</strong></span> <span class='ocrx_word' id='word_1_446' title='bbox 613 2777 643 2806; x_wconf 82' lang='lat' dir='ltr'><strong>in</strong></span> <span class='ocrx_word' id='word_1_447' title='bbox 658 2777 777 2807; x_wconf 82' lang='lat' dir='ltr'><strong>hominis</strong></span> <span class='ocrx_word' id='word_1_448' title='bbox 793 2777 844 2815; x_wconf 80' lang='lat' dir='ltr'><strong>sit,</strong></span> <span class='ocrx_word' id='word_1_449' title='bbox 888 2790 915 2807; x_wconf 82' lang='lat' dir='ltr'><strong>se</strong></span> <span class='ocrx_word' id='word_1_450' title='bbox 940 2784 986 2808; x_wconf 79' lang='lat' dir='ltr'><strong>est</strong></span> <span class='ocrx_word' id='word_1_451' title='bbox 1009 2779 1161 2816; x_wconf 86' lang='lat' dir='ltr'><strong>invicem,</strong></span> <span class='ocrx_word' id='word_1_452' title='bbox 1185 2786 1314 2815; x_wconf 61' lang='lat' dir='ltr'><strong>mutim,</strong></span> <span class='ocrx_word' id='word_1_453' title='bbox 1339 2786 1375 2808; x_wconf 93' lang='lat' dir='ltr'><strong>ut</strong></span> <span class='ocrx_word' id='word_1_454' title='bbox 1397 2779 1472 2810; x_wconf 81' lang='lat' dir='ltr'><strong>alibi</strong></span> <span class='ocrx_word' id='word_1_455' title='bbox 1498 2779 1586 2819; x_wconf 80' lang='lat' dir='ltr'><strong>apud.</strong></span> 
     </span>
     <span class='ocr_line' id='line_1_48' title="bbox 150 2826 1044 2853; baseline 0.004 -5"><span class='ocrx_word' id='word_1_456' title='bbox 150 2826 289 2853; x_wconf 58' lang='lat' dir='ltr'><strong>servavit</strong></span> <span class='ocrx_word' id='word_1_457' title='bbox 297 2826 345 2849; x_wconf 76' lang='lat' dir='ltr'><strong>sut.</strong></span> <span class='ocrx_word' id='word_1_458' title='bbox 889 2828 1044 2853; x_wconf 81' lang='lat' dir='ltr'><strong>nostrum.</strong></span> 
     </span>
    </p>

    <p class='ocr_par' dir='ltr' id='par_1_5' title="bbox 196 2860 845 2900">
     <span class='ocr_line' id='line_1_49' title="bbox 196 2860 845 2900; baseline 0 -8"><span class='ocrx_word' id='word_1_459' title='bbox 196 2867 233 2892; x_wconf 73' lang='lat'><strong>58</strong></span> <span class='ocrx_word' id='word_1_460' title='bbox 256 2860 386 2900; x_wconf 75' lang='lat' dir='ltr'><strong>miscear]</strong></span> <span class='ocrx_word' id='word_1_461' title='bbox 406 2862 457 2892; x_wconf 73' lang='lat' dir='ltr'><strong>Sic</strong></span> <span class='ocrx_word' id='word_1_462' title='bbox 470 2861 540 2892; x_wconf 86' lang='lat' dir='ltr'><strong>libri</strong></span> <span class='ocrx_word' id='word_1_463' title='bbox 556 2871 615 2893; x_wconf 79' lang='lat' dir='ltr'><strong>scr.</strong></span> <span class='ocrx_word' id='word_1_464' title='bbox 632 2863 705 2895; x_wconf 80' lang='lat' dir='ltr'><strong>fere.</strong></span> <span class='ocrx_word' id='word_1_465' title='bbox 718 2862 845 2894; x_wconf 81' lang='lat' dir='ltr'><strong>commis-</strong></span> 
     </span>
    </p>
   </div>
  </div>
 </body>
</html>
