1844 3202
271 101 352 144 938
640 95 698 134 M.
736 95 954 134 TULLII
992 95 1330 135 CICERONIS

266 201 534 254 incurrentia,
555 202 596 244 in
614 217 749 259 eoque
770 203 983 256 haerentia,
1004 213 1130 261 atque
1153 205 1370 261 impedita,
1390 218 1488 247 cum
1508 204 1588 247 alia
1607 204 1698 248 ma‘-

260 260 403 315 jorem
432 259 655 301 lustrarent
682 260 844 312 orbem,
863 261 944 301 alia
969 262 1189 313 minorem,
1208 262 1452 317 tardiusque
1477 262 1699 318 majorem,

266 315 529 371 celeriusque
557 316 778 368 minorem,
799 326 922 358 motu
946 332 1044 358 vero
1073 319 1195 359 unius
1215 318 1489 374 ejusdemque
1511 329 1697 361 naturae:

267 387 364 428 quae
394 373 655 414 velocissime
684 374 973 422 movebantur,
998 388 1047 414 ea
1076 374 1287 415 celeritate
1316 374 1421 415 vinci
1452 389 1477 415 a
1505 375 1699 416 tardiori-

266 429 362 480 bus,
393 438 436 470 et
470 444 568 470 cum
601 430 866 485 superabant,
899 430 1085 484 superari
1121 430 1380 472 videbantur.
1412 431 1547 472 omnis
1583 431 1697 473 enim

266 486 381 527 orbis
411 500 556 526 eorum
577 486 696 540 quasi
714 485 923 526 facilitatis
954 486 1174 526 inflexione
1192 488 1455 529 vertebatur:
1486 502 1614 544 quam
1632 488 1700 529 bi-

267 542 412 583 fariam
435 542 641 583 contrarie
668 541 795 582 simul
823 542 1091 596 procedentia
1109 542 1357 594 efficiebant,
1378 552 1427 584 ut
1453 544 1569 599 quod
1588 551 1699 585 esset

267 598 567 648 tardissimum,
588 597 631 638 id
651 598 890 653 proximum
923 598 1040 640 fieret
1060 598 1295 640 celerrimo.
1351 600 1498 655 Atque
1521 608 1569 642 ut
1589 608 1699 642 esset

267 669 464 695 mensura
485 654 676 709 quaedam
709 654 890 705 evidens,
912 669 1005 710 quae
1033 655 1075 696 in
1097 655 1186 696 istis
1215 664 1314 696 octo
1341 656 1530 697 cursibus
1551 656 1697 697 celeri-

266 719 374 752 tates
394 711 694 766 tarditatesque
726 720 763 743 10
777 711 1007 752 declararet
1024 728 1034 753 ε
1065 712 1184 753 Deus
1212 712 1302 767 ipse
1323 711 1473 762 solem,
1493 713 1611 768 quasi
1631 712 1699 754 lu-

265 782 380 817 men,
401 767 594 809 accendit
613 767 665 808 ad
690 767 921 808 secundum
943 782 1069 823 supra
1087 776 1239 809 terram
1259 768 1482 819 ambitum,
1499 778 1548 810 ut
1567 783 1697 825 quam

266 824 449 864 maxime
469 824 625 865 coelum
645 825 842 865 omnibus
863 824 1106 875 colluceret,
1127 825 1458 880 animantesque,
1489 833 1523 856 11
1543 825 1696 880 quibus

258 880 333 936 jus
363 891 472 921 esset
498 880 654 931 doceri,
687 881 740 921 ab
770 880 962 936 ejusdem
997 890 1133 932 motu,
1164 890 1208 922 et
1238 881 1291 922 ab
1320 895 1386 932 eo,
1414 880 1531 937 q‘uod
1563 881 1699 923 simile

265 945 391 988 esset,
410 951 684 978 numerorum
704 944 910 988 naturam,
931 937 1098 993 vimque
1119 946 1438 993 cognoscerent.
1495 938 1597 979 Nox
1616 937 1699 993 igi-

265 1001 349 1043 tur,
385 1001 429 1034 et
459 992 634 1034 dies‘ad
668 992 779 1033 hunc
813 993 1003 1045 modum,
1036 1002 1079 1035 et
1114 995 1170 1035 ob
1202 994 1277 1035 has
1309 1002 1512 1049 generata
1537 1007 1700 1045 causas,

264 1064 400 1090 unum
439 1049 659 1090 circuitum
697 1049 810 1090 orbis
848 1050 975 1091 efficit
1015 1050 1384 1106 sapientissimum,
1424 1059 1552 1106 atque
1588 1050 1698 1105 opti-

264 1120 385 1147 mum
401 1122 410 1146 :
442 1106 597 1147 mensis
614 1114 771 1158 autem,
793 1106 962 1163 quando
983 1106 1096 1157 luna,
1115 1107 1291 1148 lustrato
1313 1122 1389 1148 suo
1407 1121 1546 1162 cursu,
1565 1107 1699 1148 solem

264 1172 494 1204 consecuta
513 1172 605 1205 est:
635 1177 782 1214 annus,
805 1163 877 1204 ubi
910 1163 974 1204 sol
995 1179 1118 1205 suum
1140 1172 1276 1204 totum
1300 1163 1497 1214 confecit,
1519 1171 1561 1203 et
1578 1177 1700 1218 pera-

263 1219 401 1274 gravit
421 1220 583 1261 orbem.
643 1219 895 1260 Ceterorum
915 1229 1055 1261 autem
1087 1219 1272 1261 siderum
1293 1220 1477 1261 ambitus
1498 1219 1699 1274 ignoran-

265 1286 328 1316 tes
358 1276 565 1327 homines,
596 1285 746 1331 praeter
775 1276 1006 1318 admodum
1035 1291 1207 1332 paucos,
1241 1286 1429 1333 12neque
1449 1290 1601 1317 nomen
1623 1290 1698 1331 ap-

265 1332 438 1387 pellant,
469 1347 606 1389 neque
636 1333 744 1374 inter
774 1347 818 1374 se
848 1347 1022 1374 numero
1062 1333 1406 1375 commetiuntur.
1443 1333 1585 1388 itaque
1623 1347 1699 1374 ne-

266 1389 418 1440 sciunt,
438 1391 516 1430 hos
538 1390 721 1431 siderum
744 1404 920 1440 errores,
948 1389 990 1430 id
1010 1390 1149 1445 ipsum
1180 1404 1284 1441 esse,
1307 1389 1423 1445 quod
1446 1389 1524 1430 rite
1545 1388 1700 1430 dicitur

265 1455 450 1501 tempus,
480 1446 751 1488 multitudine
781 1446 953 1497 infinita,
984 1447 1181 1488 varietate
1218 1445 1454 1488 admirabili
1483 1445 1698 1501 praeditos.

265 1503 469 1544 Attamen
490 1502 594 1544 illud
613 1502 803 1558 perspici,
825 1512 868 1544 et
889 1502 1068 1557 intelligi
1092 1511 1246 1558 potest,
1267 1502 1463 1544 absoluto
1484 1502 1698 1558 perfecto-

265 1574 348 1613 que
367 1573 541 1600 numero
560 1560 775 1614 temporiS,
793 1559 1052 1610 absolutum,
1070 1560 1389 1616 perfectumque
1407 1573 1578 1609 annum,
1595 1567 1698 1600 tunc

265 1615 468 1670 compleri
497 1615 693 1672 denique,
721 1630 820 1656 cum
847 1630 891 1656 se
915 1624 1013 1657 octo
1034 1615 1233 1666 ambitus,
1259 1615 1464 1656 confectis
1491 1615 1575 1655 suis
1601 1629 1699 1655 cur-

263 1671 395 1722 sibus,
422 1672 475 1713 ad
502 1672 614 1713 idem
643 1680 771 1727 caput
797 1671 1045 1723 retulerunt,
1065 1686 1250 1728 cumque
1277 1686 1348 1713 eos
1368 1685 1614 1726 permensus
1635 1681 1700 1713 est

263 1728 394 1780 idem,
414 1737 455 1769 et
477 1743 642 1783 semper
662 1728 725 1770 sui
744 1728 891 1769 similis
911 1729 1038 1770 orbis.
1099 1729 1190 1769 Has
1212 1728 1344 1784 igitur
1363 1728 1418 1769 ob
1438 1741 1583 1768 causas
1601 1736 1698 1769 nata

263 1794 375 1825 astra
401 1794 511 1836 suut,
533 1801 628 1841 quae
657 1800 733 1841 per
760 1785 917 1827 coelum
946 1785 1220 1840 penetrantia,
1242 1784 1450 1826 solstitiali
1472 1798 1515 1825 se
1534 1793 1576 1825 et
1594 1784 1696 1826 bru-

262 1842 362 1882 mali
393 1842 657 1883 revocatione
687 1850 997 1883 converterent:
1040 1851 1087 1882 ut
1116 1841 1197 1882 hoc
1228 1855 1352 1882 omne
1382 1840 1550 1891 animal,
1582 1840 1697 1896 quod

262 1897 465 1950 videmus,
486 1907 595 1940 esset
615 1898 674 1939 illi
696 1899 879 1948 animali,
899 1898 1014 1954 quod
1034 1899 1252 1949 sentimus,
1269 1897 1324 1938 ad
1343 1897 1585 1939 aeternitatis
1601 1897 1698 1938 imi-

205 1955 467 1995 rotationem
489 1955 766 1996 simillimum.
824 1956 881 1996 Et
906 1963 1045 1996 cetera
1073 1955 1246 2010 quidem
1267 1969 1399 2010 usque
1421 1954 1475 1994 ad
1495 1954 1696 2008 temporis

264 2022 407 2052 ortum
432 2012 635 2067 impressa
654 2012 706 2052 ab
727 2011 822 2061 illis,
843 2027 935 2067 quae
956 2012 1215 2062 imital.>atur,
1237 2011 1473 2052 effinxerat:
1506 2010 1580 2051 sed
1599 2010 1697 2066 quia

264 2068 453 2109 nondum
475 2083 601 2109 omne
621 2067 774 2109 animal
802 2069 844 2108 in
865 2068 1025 2109 mundo
1047 2068 1158 2108 intus
1178 2067 1417 2116 incluserat,
1439 2081 1489 2108 ex
1509 2081 1558 2108 ea
1578 2076 1694 2121 parte

263 2124 486 2166 deficiebat
504 2124 556 2166 ad
578 2125 839 2180 propositum
859 2125 1071 2180 exemplar
1088 2124 1283 2179 imaginis
1300 2122 1544 2164 similitudo.
1577 2124 1696 2178 Quot

262 2180 409 2235 igitur,
432 2190 474 2222 et
501 2181 643 2237 quales
664 2181 906 2222 animalium
944 2182 1098 2222 formas
1130 2196 1261 2231 mens,
1282 2180 1321 2220 in
1352 2180 1532 2235 speciem
1555 2193 1695 2220 rerum

263 2237 443 2288 intuens,
466 2246 631 2292 poterat
657 2252 841 2289 cernere,
862 2238 1055 2288 totidem,
1077 2247 1119 2277 et
1148 2238 1249 2278 tales
1277 2237 1318 2277 iu
1344 2236 1426 2277 hoc
1447 2235 1607 2276 mundo
1628 2249 1696 2276 se-

261 2308 360 2334 eum
393 2295 593 2349 cogitavit
622 2295 832 2350 effingere.
893 2295 1021 2335 Erant
1049 2304 1188 2334 autem
1227 2293 1501 2334 animantium
1540 2306 1696 2346 genera

261 2359 493 2405 quattuor:
527 2366 708 2406 quorum
740 2366 870 2392 unum
902 2350 1102 2400 divinum,
1137 2359 1263 2405 atque
1290 2349 1485 2389 coeleste:
1514 2349 1697 2389 alterum

261 2408 553 2462 pennigerum,
585 2417 625 2447 et
656 2407 844 2449 a‘e'rium:
876 2407 1045 2448 tertium
1077 2406 1286 2461 aquatile:
1326 2414 1534 2454 terrestre,
1565 2419 1692 2459 quar—

260 2473 368 2504 tum.
428 2464 592 2504 Divinae
613 2464 879 2505 animationis
900 2462 1079 2503 maxime
1100 2463 1280 2517 speciem
1310 2461 1488 2502 faciebat
1509 2475 1558 2501 ex
1578 2462 1694 2516 igne,

260 2518 320 2560 ita
340 2528 389 2560 ut
417 2520 778 2575 splendidissimus
808 2529 931 2570 esset,
950 2528 991 2559 et
1021 2518 1222 2572 adspectu
1252 2517 1542 2573 pulcerrimus.
1573 2531 1695 2557 cum-

261 2590 344 2631 que
363 2576 541 2617 similem
563 2576 841 2617 universitatis
861 2585 1019 2617 naturae
1041 2575 1201 2615 efficere
1222 2574 1361 2625 vellet,
1380 2574 1432 2615 ad
1453 2572 1692 2614 volubilita-

259 2642 347 2673 tem
368 2632 620 2684 rotundavit,
639 2633 878 2689 comiteque
895 2646 992 2674 eum
1014 2631 1216 2687 sapientia
1234 2645 1360 2686 quam
1380 2630 1551 2686 optimae
1572 2643 1692 2670 men·-

306 2754 342 2778 10
365 2746 540 2787 declararet]
567 2748 637 2778 lloc
654 2747 788 2777 latinitas
805 2746 951 2786 postulat.
990 2746 1043 2785 jus
1060 2746 1127 2775 cst?
1153 2753 1229 2784 puto
1253 2745 1440 2775 Ciceronem
1456 2744 1612 2783 scripsisse
1629 2742 1694 2784 qui-

258 2789 364 2829 Vulgo
381 2791 464 2820 male
480 2790 614 2822 dcclaret.
995 2789 1044 2819 bus
1060 2795 1125 2827 opus
1138 2795 1206 2817 esset
1223 2788 1324 2817 doceri.

305 2839 338 2862 ll
366 2833 525 2873 quibusjus
541 2840 610 2865 essct
632 2831 736 2874 doceri]
765 2832 869 2865 Quale
891 2833 953 2864 hoc
1043 2839 1078 2862 12
1103 2842 1190 2872 neque
1205 2842 1300 2862 nomen
1313 2827 1476 2872 appellant]
1493 2829 1545 2860 An
1557 2826 1691 2858 nomine?
