1844 3202
273 113 349 154 798
746 118 749 122 ·
780 104 942 144 CATO
979 103 1184 142 MAJOR

271 228 359 264 mo,
379 213 541 269 reperio
571 222 771 270 quattuor
801 228 960 265 causas,
981 227 1056 254 eur
1083 220 1276 253 senectus
1302 210 1454 252 misera
1479 210 1667 252 videatur
1683 226 1697 252 z

273 283 415 319 unam,
435 270 551 325 quod
570 280 715 312 avocet
742 284 767 310 a
793 270 917 311 rebus
946 269 1140 324 gerendis
1159 286 1168 309 :
1200 268 1389 318 alteram,
1410 267 1526 322 quod
1545 281 1697 321 corpus

272 325 400 367 faciat
427 326 628 368 infirmius
649 344 658 368 ε
695 326 875 376 tertiam,
895 325 1012 380 quod
1033 325 1164 381 privet
1184 325 1381 366 omnibus
1401 323 1487 364 fere
1507 323 1698 378 volupta-

271 382 385 423 tibus
407 399 417 424 :
449 392 655 439 quartam,
676 383 793 438 quod
819 382 931 422 haud
956 381 1103 436 procul
1130 381 1238 422 absit
1267 396 1292 421 a
1320 389 1469 421 morte.
1528 381 1700 429 Earum,

272 438 306 479 si
335 439 484 494 placet,
517 454 739 480 causarum
770 447 941 494 quanta,
964 451 1175 493 quamque
1199 437 1253 478 sit
1275 437 1392 492 justa
1420 448 1699 492 unaquaeque,

254 494 501 544 ,videamus

227 536 262 588 s)
330 552 371 592 A
392 552 515 592 rebus
535 549 729 606 gerendis
752 558 944 591 senectus
964 548 1198 590 abstrahit?
1231 549 1426 590 Quibus?
1449 563 1501 589 an
1522 548 1586 598 iis,
1606 562 1700 602 quae

272 617 478 663 geruntur
491 608 726 662 juveutute,
749 616 793 647 et
812 606 995 647 viribus?
1028 605 1226 646 Nullaene
1245 605 1374 660 igitur
1393 619 1456 645 res
1477 613 1575 646 sunt
1595 603 1704 644 seni-

272 664 346 713 les,
366 679 476 719 quae,
498 663 560 704 vel
587 663 760 703 infirmis
787 662 1049 717 corporibus,
1071 662 1211 702 animo
1240 670 1381 701 tamen
1408 660 1700 701 administren-

273 729 342 760 tur
361 722 373 760 ?
407 719 527 761 Nihil
550 734 652 774 ergo
673 720 828 774 agebat
849 721 905 776 Q.
926 718 1172 759 Maximus?
1208 716 1310 757 nihil
1340 718 1390 757 L.
1413 717 1597 767 Paullus,
1626 729 1703 770 pa-

273 786 337 817 ter
372 784 485 828 tuus,
517 775 673 830 Scipio,
709 790 829 816 socer
862 775 1013 831 optimi
1043 775 1131 825 viri,
1164 773 1236 815 filii
1267 773 1377 813 mei?
1414 773 1539 814 ceteri
1569 785 1703 821 senes,

275 833 468 884 Fabricii,
486 832 619 883 Curii,
635 832 905 884 Coruncanii,
923 846 1023 873 cum
1045 830 1349 885 rempublicam
1371 829 1547 870 consilio
1567 837 1609 869 et
1627 842 1703 868 au—

218 889 468 932 16ctoritate
498 888 794 938 defendebant,
827 888 929 929 nihil
958 888 1168 943 agebant?
1210 885 1281 927 Ad
1306 887 1419 941 App.
1441 884 1610 926 Claudii
1638 897 1704 925 se-

275 954 489 985 nectutem
525 944 751 985 accedebat
783 944 924 994 etiam,
952 953 1000 984 ut
1031 958 1168 984 caecus
1199 951 1332 983 esset:
1366 950 1402 974 1³
1419 951 1462 982 et
1489 951 1627 982 tamen
1655 940 1704 990 is,

274 1016 372 1041 cum
404 1001 610 1042 sententia
638 1009 804 1041 senatus
829 1000 1050 1040 inclinaret
1069 999 1122 1039 ad
1141 1012 1304 1053 pacem,
1325 1007 1369 1039 et
1388 997 1527 1038 foedus
1548 996 1706 1038 facien-

274 1058 377 1098 dum
415 1072 512 1098 cuin
549 1056 726 1113 Pyrrho,
757 1071 840 1097 non
871 1056 1078 1098 dubitavit
1111 1055 1251 1096 dicere
1280 1054 1368 1104 illa,
1395 1068 1493 1110 quae
1521 1053 1706 1094 versibus

273 1123 517 1170 persecutus
537 1123 601 1155 est
626 1112 812 1154 Ennius:

233 1205 264 1234 b.
388 1202 459 1250 Quo
477 1201 573 1238 vobis
593 1210 723 1245 mentes,
743 1209 844 1238 rectae
861 1216 939 1252 quae
960 1208 1052 1239 stare
1067 1200 1215 1238 solebant

382 1254 549 1298 Antehac,
568 1255 729 1292 dementes
751 1262 787 1285 14
803 1268 868 1292 sese
873 1255 1003 1302 flexere
1016 1258 1038 1292 ?

275 1350 497 1396 ceteraque
515 1340 760 1395 gravissime
780 1357 789 1381 ε
822 1350 973 1381 notum
993 1339 1104 1381 enim
1125 1339 1242 1381 vobis
1263 1353 1432 1380 carmen
1451 1345 1514 1380 est
1531 1354 1544 1379 ι
1573 1346 1616 1379 et
1643 1345 1708 1379 ta-

273 1412 373 1438 men
393 1397 522 1453 ipsius
542 1397 674 1452 Appii
693 1405 830 1437 exstat
849 1397 996 1438 oratio.
1023 1406 1058 1429 1⁵
1071 1405 1198 1452 atque
1220 1396 1327 1437 hanc
1347 1395 1417 1436 ille
1436 1394 1525 1451 egit
1545 1403 1707 1450 septem

275 1464 318 1494 et
349 1453 497 1494 decem
529 1467 660 1494 annos
690 1463 788 1508 post
816 1453 993 1494 alterum
1027 1452 1307 1503 consulatum,
1336 1466 1434 1493 cum
1465 1452 1572 1492 inter
1601 1449 1710 1492 duos

274 1510 517 1551 consulatus
537 1511 635 1550 anni
655 1509 802 1550 decem
828 1516 864 1541 1⁶
878 1509 1214 1559 interfluxissent,
1237 1522 1468 1565 censorque
1488 1517 1584 1548 ante
1604 1522 1707 1547 eon-

276 1567 459 1607 sulatum
481 1566 738 1621 superiorem
761 1566 919 1607 fuisset.
959 1567 1022 1606 Ex
1042 1580 1127 1621 quo
1148 1565 1413 1620 intelligitur,
1431 1563 1577 1620 Pyrrhi
1596 1563 1710 1604 bello

279 1630 313 1659 ¹7
333 1622 538 1678 grandem
567 1637 665 1663 sane
697 1623 854 1663 fuisse:
885 1630 926 1662 et
956 1631 1096 1662 tamen
1122 1622 1180 1663 sic
1201 1636 1225 1662 a
1245 1621 1431 1677 patribus
1456 1619 1708 1675 accepimus.

217 1680 262 1720 17
276 1679 394 1721 Nihil
427 1679 559 1734 igitur
587 1679 782 1730 afferunt,
810 1678 883 1734 qui
912 1678 954 1718 in
985 1691 1029 1718 re
1057 1677 1242 1733 gerenda
1270 1676 1418 1718 versari
1449 1684 1708 1718 senectutem

277 1744 447 1791 negant,
469 1744 504 1767 18
516 1734 757 1790 similesque
775 1743 873 1776 sunt
892 1734 956 1783 iis,
975 1733 1047 1790 qui
1067 1734 1392 1788 gubernatorem
1413 1733 1454 1774 in
1475 1732 1710 1787 navigando

276 1807 402 1848 agere
432 1792 536 1833 nihil
565 1791 723 1843 dicant,
753 1805 851 1832 cum
884 1790 953 1832 alii
983 1789 1117 1831 malos
1148 1790 1362 1841 scandant,
1392 1789 1463 1830 alii
1492 1803 1566 1845 per
1596 1788 1709 1830 foros

276 1857 461 1899 cursent,
481 1848 551 1889 alii
580 1849 787 1889 sentinam
817 1846 1089 1888 exhauriant:
1128 1847 1250 1888 19ille
1280 1855 1422 1888 autem
1452 1845 1613 1887 clavum
1645 1853 1709 1886 te-

276 1920 378 1946 nens
401 1905 543 1946 sedeat
561 1905 603 1945 in
623 1905 755 1960 puppi
775 1904 958 1960 quietus,
980 1918 1064 1944 non
1089 1903 1216 1945 faciat
1242 1918 1306 1953 ea,
1328 1919 1422 1959 quae
1446 1902 1635 1958 juvenes.
1665 1909 1708 1942 at

276 1977 374 2004 vero
396 1962 533 2003 multo
552 1962 727 2017 majora,
748 1968 790 2001 et
810 1960 986 2002 meliora
1005 1960 1118 2001 facit.
1176 1961 1278 2001 Non
1305 1960 1474 2010 viribus,
1495 1966 1569 1999 aut
1596 1957 1710 1999 velo-

276 2018 488 2069 nitatibus,
511 2027 583 2059 aut
601 2017 814 2059 celeritate
835 2031 1060 2072 corporum
1092 2031 1155 2057 res
1186 2030 1352 2072 magnae
1373 2023 1604 2071 geruntur:
1637 2014 1711 2055 sed

276 2075 468 2125 consilio,
490 2074 754 2124 auctoritate,
776 2073 1003 2115 sententia:
1027 2072 1179 2130 quibus
1199 2088 1283 2114 non
1303 2072 1432 2113 modo
1452 2086 1537 2112 non
1558 2071 1711 2122 orbari,

324 2195 359 2219 13
384 2195 411 2218 et
432 2194 526 2217 tamen
549 2185 625 2227 &c.]
644 2187 664 2216 i.
679 2197 706 2216 e.
723 2196 921 2226 quamquam
944 2195 975 2217 et

277 2232 344 2271 ipsa
359 2232 457 2261 oratio
473 2237 558 2261 extat
572 2243 578 2260 z
603 2237 639 2261 ut
655 2230 762 2269 paullo
778 2237 847 2269 post
861 2241 868 2260 ι
885 2236 913 2259 et
928 2237 974 2259 ta-

278 2285 341 2303 men
355 2276 400 2304 sic
417 2284 434 2304 a
448 2274 586 2313 patribus
602 2274 794 2312 accepimus.

324 2324 361 2347 14
385 2328 440 2346 sese
442 2318 484 2357 fl.
501 2317 556 2346 via
567 2316 601 2356 P]
620 2317 715 2346 Deest
729 2316 851 2356 syllaba
865 2316 902 2345 ad
919 2325 974 2345 ex-

277 2359 434 2400 plendum
460 2370 598 2390 versum.
622 2370 676 2398 pro
700 2359 754 2388 via
777 2359 854 2388 olim
876 2358 974 2398 vulgo

271 2409 342 2432 'crat
366 2403 456 2439 mina,
479 2404 565 2441 quod
583 2402 651 2440 jam
676 2403 723 2431 ed.
747 2402 840 2432 Rom.
867 2401 973 2437 habet,

279 2445 360 2475 Ven.
380 2452 473 2480 1471.
498 2445 568 2475 Ald.
592 2445 673 2474 Vict.
699 2454 762 2474 non
786 2454 858 2482 ergo
874 2451 920 2474 est
935 2445 975 2474 ab

280 2489 423 2524 Erasmo,
461 2494 496 2517 ut
532 2489 708 2527 suspicatus
745 2494 790 2517 est
827 2487 974 2525 Langius.

280 2531 455 2562 Lambinus
475 2530 600 2560 volebat
615 2530 680 2558 viai
701 2531 793 2569 idque
809 2531 942 2568 pendere
958 2539 977 2559 a

280 2585 347 2616 quo.
381 2574 437 2603 Ed.
466 2574 552 2603 Med.
580 2580 731 2602 neutrum
757 2573 861 2603 habet.
891 2573 976 2611 quod

278 2618 440 2657 optimum
456 2617 588 2646 videtur.
613 2616 716 2655 itaque
732 2615 831 2645 delevi
848 2615 913 2644 via.

269 2686 274 2690 .
325 2667 362 2689 15
386 2666 474 2700 alque
501 2659 573 2688 Ιιαιισ
596 2657 646 2687 ille
673 2657 748 2698 egit]
777 2659 864 2688 Ouid
885 2658 973 2697 egit?

278 2702 479 2732 orationem?
506 2702 550 2732 sic
567 2711 630 2732 non
647 2702 758 2731 dicun-t
773 2701 873 2731 latini.
898 2707 975 2740 puto

278 2746 482 2775 scribendum
498 2754 563 2774 esse
578 2745 649 2773 haec.

267 2808 277 2823 ι,
326 2793 362 2818 16
378 2787 615 2827 itzteffluxissent]
635 2787 777 2817 Graevius
794 2796 809 2815 e
827 2786 905 2816 Mss.
921 2786 974 2816 de-

279 2830 324 2860 dit
353 2830 549 2871 iaetteffuissent
569 2837 606 2861 ut
629 2836 660 2861 et
678 2830 735 2866 red.
761 2829 830 2860 Col.
855 2829 971 2861 habet:
1004 2828 1122 2870 faciat.

1017 2187 1103 2226 quod
1126 2197 1191 2217 non
1214 2187 1286 2216 satis
1306 2185 1419 2226 placet.
1464 2186 1529 2224 Ego
1544 2185 1713 2215 deleverim

1018 2229 1104 2266 inter,
1121 2230 1205 2269 quod
1227 2229 1371 2259 librarius
1393 2238 1433 2260 ex
1454 2228 1711 2259 antecedentibus

1018 2279 1134 2303 temere
1150 2272 1300 2312 repetivit.

1062 2321 1096 2351 17
1119 2316 1259 2356 grandem
1281 2326 1304 2345 s.
1315 2311 1426 2355 fuisse]
1446 2313 1512 2344 lut,
1530 2320 1633 2350 aetate‚
1656 2322 1713 2344 an-

1018 2369 1078 2389 nis.

1064 2408 1100 2431 18
1124 2400 1285 2442 similesque
1299 2405 1376 2436 sunt,
1392 2404 1424 2428 ut
1444 2399 1468 2428 si
1488 2397 1552 2440 qui]
1574 2399 1652 2429 Haec
1668 2398 1713 2428 le'-

1019 2445 1081 2473 ctio
1097 2452 1162 2474 non
1183 2442 1311 2483 probata
1332 2449 1379 2472 est
1400 2442 1471 2472 viris
1494 2442 1602 2472 doctis.
1618 2442 1712 2472 Lam-

1019 2487 1112 2516 binus
1143 2496 1159 2515 e
1186 2487 1248 2516 Ms.
1276 2485 1410 2516 correxit
1435 2495 1458 2514 s.
1485 2491 1550 2514 sunt
1576 2484 1630 2521 iis,
1650 2483 1712 2524 qui.

1019 2531 1103 2568 quod
1126 2537 1157 2559 et
1179 2530 1293 2568 recepit
1311 2528 1465 2557 Graevius.
1502 2527 1716 2566 Reperiuntur

1019 2578 1125 2602 tamen
1142 2571 1288 2610 exempla
1304 2570 1432 2606 similia,
1449 2576 1484 2600 ut
1499 2569 1601 2599 similis
1615 2580 1650 2598 ac
1659 2568 1710 2599 vel

1019 2626 1052 2643 ac
1068 2615 1114 2643 si:
1139 2625 1211 2654 quae
1236 2621 1267 2644 et
1289 2615 1321 2644 in
1347 2614 1468 2644 Lexicis
1495 2619 1601 2642 notata
1624 2618 1710 2642 sunt.

1018 2663 1064 2687 est
1090 2664 1197 2687 tamen
1222 2657 1342 2687 durius.
1366 2658 1441 2696 quia
1463 2656 1557 2686 etiam
1575 2656 1625 2685 ed.
1642 2654 1713 2686 Col.

1020 2700 1114 2730 habet
1129 2711 1151 2729 s.
1169 2712 1192 2730 s.
1208 2700 1263 2737 his,
1281 2699 1343 2742 qui,
1360 2706 1391 2729 et
1405 2708 1462 2739 ego
1475 2699 1521 2728 sic
1537 2699 1668 2728 correxi.

1063 2750 1100 2775 19
1132 2743 1182 2772 ille
1205 2741 1314 2782 autem]
1340 2742 1405 2773 Ser.
1432 2742 1490 2781 ipse
1515 2747 1622 2777 autem,
1647 2741 1709 2770 hoc

1016 2792 1098 2815 recte
1122 2787 1291 2827 opponitur
1317 2785 1360 2823 τῷ·
1380 2784 1446 2815 alii.
1470 2785 1544 2814 item
1566 2789 1637 2823 post
1659 2793 1710 2811 mc
