1844 3202
620 120 799 158 LIBER
835 119 1081 157 PRIMUS.

1483 120 1559 159 685

124 245 208 273 non
230 230 414 273 multum
433 244 458 271 a
480 227 762 284 Peripateticis
787 235 804 259 ⁵
819 225 1088 267 dissidentia:
1119 225 1318 280 quoniam
1344 232 1361 258 6
1378 226 1559 284 utrique,

121 297 165 329 et
187 287 405 338 Socratici,
425 294 469 328 et
495 284 697 326 Platonici
727 297 818 325 esse
838 282 1057 324 volumus:
1089 281 1142 322 de
1163 281 1289 322 rebus
1318 282 1418 337 ipsis
1439 294 1558 326 utere

124 352 201 385 tuo
215 343 408 399 judicio:
440 341 541 382 nihil
567 341 676 382 enini
701 339 912 396 impedio:
943 338 1177 380 orationem
1199 347 1340 378 autem
1364 340 1557 382 Latinam

120 401 313 455 profecto
338 407 353 436 7
375 397 562 454 legendis
591 397 742 438 nostris
768 396 921 437 efficies
952 394 1198 450 pleniorem.
1256 395 1352 435 Nec
1372 409 1469 436 vero
1490 411 1557 436 ar-

120 462 319 511 roganter
337 455 418 496 hoc
449 455 611 496 dictum
640 453 868 495 existimari
900 451 1037 493 velim.
1095 452 1211 493 Nam
1230 449 1558 507 philosophandi

116 510 337 552 scientiam
373 510 608 553 concedens
638 510 809 561 multis;
841 508 957 566 quod
986 516 1051 549 est
1082 508 1290 549 eoratoris
1320 508 1554 564 proprium,

114 575 226 623 apte,
248 567 461 619 distincte,
482 576 713 623 ornateque
733 566 884 616 dicere,
905 565 1104 621 quoniam
1137 564 1179 605 in
1208 578 1259 605 eo
1289 564 1429 605 studio
1451 573 1555 606 aeta-

115 631 203 664 tem
232 625 460 675 consumsi,
481 625 515 665 si
541 624 584 665 id
614 623 719 665 mihi
738 637 923 674 assumo,
947 620 1121 662 9videor
1140 620 1184 662 id
1215 635 1313 662 meo
1326 620 1423 676 jure
1445 636 1552 677 quo·
1565 627 1598 660 b.

114 679 213 721 dam
246 681 377 722 modo
407 680 637 722 vendicare.
696 680 990 738 Quamobrem
1020 691 1282 733 magnopere
1317 687 1360 720 te
1390 677 1587 731 ho1·t0r,?·

113 736 173 777 mi
196 735 362 788 Cicero,
393 746 442 779 ut
471 752 555 779 non
586 737 724 778 solum
755 736 966 777 orationes
996 749 1126 785 meas,
1148 734 1220 775 sed
1252 734 1330 775 hos
1352 734 1480 775 etiam
1501 735 1554 777 de

113 792 385 849 philosophia
413 794 558 845 libros,
591 803 629 826 10
645 793 717 849 qui
740 792 830 849 jam
862 792 958 834 illos
987 791 1074 832 fere
1105 799 1337 847 aequarunt,
1367 791 1556 833 studiose

111 849 245 905 legas.
304 851 380 892 Vis
402 851 513 892 enim
533 850 700 892 dicendi
725 851 861 906 major
884 857 949 890 est
968 848 1008 889 in
1042 848 1124 890 illis
1144 864 1153 889 ε
1185 847 1260 889 sed
1278 847 1360 889 hoc
1382 863 1553 905 quoque

111 906 339 948 colendum
361 914 425 948 est
454 907 660 963 aequabile
688 915 732 948 et
757 913 1037 962 temperatum
1067 904 1269 946 orationis
1288 919 1438 960 genus.
1499 907 1553 947 Et

112 961 156 1003 id
191 963 364 1019 quidem
396 972 431 996 ¹1
450 964 608 1006 nemini
643 963 764 1005 video
797 963 1046 1004 Graecorum
1077 961 1321 1017 contigisse,
1355 970 1403 1003 ut
1438 962 1551 1004 idern

113 1026 295 1076 utroque
325 1020 367 1062 in
403 1034 557 1076 genere
587 1021 811 1070 laboraret,
847 1028 884 1051 12
904 1028 1233 1075 sequereturque
1268 1028 1311 1060 et
1345 1018 1449 1060 illud
1488 1021 1552 1060 fo-

114 1089 233 1117 rense
265 1076 449 1128 dicendi,
479 1086 522 1119 et
552 1077 634 1118 hoc
664 1077 854 1134 quietum
887 1075 1130 1131 disputandi
1148 1089 1312 1131 genus:
1343 1075 1420 1116 nisi
1442 1076 1552 1118 forte

113 1131 359 1174 Demetrius
387 1133 611 1175 Phalereus
640 1133 682 1174 in
703 1134 786 1176 hoc
807 1147 984 1174 numero
1006 1131 1149 1173 haberi
1170 1140 1326 1187 potest,
1351 1139 1388 1164 13
1406 1132 1552 1188 dispu-

112 1196 226 1229 tator
261 1189 442 1239 subtilis,
477 1198 619 1231 orator
657 1204 803 1244 parum
842 1188 1093 1229 vehemens:
1128 1187 1262 1229 dulcis
1301 1196 1473 1239 tamen3
1502 1190 1552 1231 'ut

112 1243 395 1301 Theophrasti
415 1245 669 1302 discipulum
690 1245 824 1300 possis
846 1258 1092 1300 agnoscere.
1138 1245 1232 1285 Nos
1253 1255 1396 1287 autem
1418 1261 1552 1302 quan-

110 1309 200 1341 tum
231 1303 274 1343 in
300 1311 481 1358 utroque
509 1302 825 1358 profecerimus,
847 1301 1026 1343 aliorum
1049 1302 1102 1342 sit
1115 1300 1352 1357 judicium:
1385 1311 1550 1344 utrum-

113 1371 197 1412 que
234 1367 347 1400 certe
385 1359 519 1400 secuti
557 1374 716 1400 sumus.

774 1357 983 1413 Equidem
1016 1366 1058 1398 et
1092 1359 1308 1399 Platonem
1340 1359 1588 1411 existimo,4

113 1421 149 1445 1⁴
165 1413 197 1455 si
219 1429 355 1470 genus
385 1415 551 1456 forense
583 1415 748 1456 dicendi
779 1423 959 1456 tractare
990 1414 1203 1464 voluisset,
1233 1415 1478 1470 gravissime
1507 1425 1550 1459 et

108 1470 397 1525 copiosissime
419 1473 605 1526 potuisse
638 1472 776 1513 dicere
796 1489 805 1513 :
837 1479 880 1512 et
911 1471 1262 1523 Demosthenem,
1283 1472 1317 1513 si
1344 1472 1430 1525 illa,
1453 1488 1547 1529 quae

107 1540 134 1567 a
162 1527 334 1569 Platone
367 1528 584 1579 didicerat,
614 1528 830 1580 tenuisset,
865 1538 909 1569 et
936 1527 1207 1584 pronuntiare
1234 1528 1448 1581 voluisset,
1479 1545 1549 1572 or—

107 1593 205 1625 nate
234 1584 534 1641 splendideque
567 1594 604 1618 1⁵
626 1585 762 1627 facere
791 1585 994 1641 potuisse.

1053 1584 1304 1641 Eodemque
1334 1586 1464 1628 modo
1493 1587 1547 1631 de'

107 1639 352 1692 Aristotele,
383 1651 426 1683 et
459 1643 644 1684 Isocrate
667 1642 844 1699 judico:
875 1656 1057 1697 quorum
1090 1649 1270 1697 uterque
1297 1657 1375 1684 suo
1404 1644 1546 1685 studio

109 1695 354 1748 delectatus,
376 1699 603 1740 contemsit
621 1700 814 1740 alterum.

876 1698 961 1739 Sed
988 1712 1086 1739 cum
1119 1699 1358 1741 statuissem
1388 1697 1595 1757 aliquid2

108 1751 191 1794 hoc
211 1762 402 1810 tempore
430 1756 485 1797 ad
513 1765 553 1798 te
585 1755 782 1807 scribere,
802 1764 845 1796 et
870 1754 1004 1796 multa
1036 1755 1229 1811 posthac,
1252 1756 1304 1797 ab
1336 1771 1387 1798 eo
1418 1758 1549 1799 ordiri

107 1809 220 1851 volui
249 1812 445 1863 maxime,
469 1812 585 1870 quod
615 1822 658 1854 et
688 1812 801 1853 aetati
831 1820 916 1853 tuae
947 1822 1057 1853 esset
1087 1812 1368 1868 aptissimum,
1398 1823 1442 1856 et
1471 1829 1548 1857 au-

104 1952 136 1977 ct
167 1949 332 1988 respondet
369 1948 470 1990 efficies
503 1949 658 1980 orationem
690 1948 801 1990 plenio-

109 2001 178 2021 rem.

149 2041 165 2064 5
189 2031 373 2074 dissidentia]
398 2033 461 2065 Ms.
480 2035 578 2065 Goth.
594 2034 778 2066 discedentia.

147 2081 167 2106 6
189 2076 317 2119 utrique]
350 2077 425 2108 Non
456 2078 576 2117 placuit
605 2079 675 2109 haec
707 2078 801 2109 lectio

102 2120 297 2158 quibusdam
319 2121 391 2151 viris
412 2122 522 2152 doctis.
567 2122 747 2152 Gronovius
770 2128 800 2151 et

104 2162 248 2193 Graevius
271 2163 411 2194 malebat
432 2170 596 2206 utrumque.
642 2165 706 2195 MS.
722 2164 799 2195 Cur.

105 2205 200 2236 habet
223 2206 357 2248 quoniam
379 2206 489 2249 utique.
505 2208 591 2248 quod
613 2217 679 2239 non
695 2207 803 2248 displi-

105 2255 166 2279 cet.

148 2296 164 2326 7
189 2290 316 2331 legendis
337 2292 453 2332 nostris]
476 2293 540 2325 Ms.
556 2293 670 2324 Duisb.
688 2293 803 2333 legendo

102 2340 211 2365 nostra.
241 2341 416 2374 utrumque
441 2337 521 2376 sapit
550 2336 700 2377 glossam.
724 2346 801 2367 nam

104 2377 234 2407 refertur
249 2378 311 2408 hoc
326 2379 365 2408 ad
381 2377 487 2417 legens.

148 2426 166 2450 8
188 2420 308 2449 oratoris
312 2421 477 2460 proprium,
487 2427 565 2461 apte,
578 2421 712 2452 distincte
721 2419 797 2461 δῖα]

102 2462 153 2493 Αη
169 2462 276 2491 oratori
282 2463 299 2492 P
313 2470 385 2494 tum
395 2473 450 2503 pro
465 2471 532 2504 apte
548 2465 610 2496 Ms.
624 2465 700 2496 Cur.
716 2471 799 2504 aper-

101 2511 142 2542 te,
158 2506 244 2545 quod
257 2515 322 2536 non
337 2507 480 2546 displicet
495 2507 529 2538 h.
543 2508 563 2538 l.
581 2517 658 2538 nam
672 2515 739 2548 apte
754 2508 799 2538 la-

101 2548 164 2579 tius
190 2555 286 2590 patet,
307 2558 406 2588 quam
431 2552 586 2581 sententia
609 2551 708 2589 hujus
735 2551 796 2582 loci

99 2591 264 2628 desiderat,
280 2601 353 2631 quae
367 2593 423 2623 sic.
437 2594 566 2624 virtutes
589 2594 717 2625 oratoris
732 2595 796 2625 sin-

100 2634 191 2673 gulas
214 2635 338 2665 videtur
358 2636 533 2674 exprimere
554 2637 703 2675 voluisse,
719 2647 798 2677 qua-

102 2686 176 2708 rum
193 2687 295 2717 prima
310 2684 356 2708 est
371 2680 583 2718 perspicuitas.

846 1947 934 1979 abest
948 1948 1033 1988 apud
1049 1948 1247 1979 Ciceronem.

893 1999 930 2022 10
954 1990 1078 2032 quijam
1091 1989 1228 2032 illosfere
1243 1990 1412 2032 aequarunt]
1429 1992 1546 2033 Recepi

845 2033 1016 2064 lectionem
1032 2035 1100 2064 sine
1123 2034 1223 2065 dubio·
1236 2034 1402 2065 meliorem
1417 2035 1545 2076 vulgata

844 2076 895 2118 qui
911 2087 938 2106 se
953 2076 1013 2105 illis
1019 2077 1087 2117 jam
1091 2076 1162 2117 jere
1177 2085 1332 2119 aequarunt
1346 2090 1354 2107 :
1379 2080 1476 2109 etiam
1492 2079 1543 2110 alii

844 2120 979 2159 quidam
997 2120 1107 2150 fecere.

891 2170 925 2193 11
950 2162 1058 2192 nemini
1080 2162 1166 2192 video
1191 2163 1362 2193 Graecorum
1377 2163 1540 2204 contigisse]

846 2206 974 2245 Vulgati
1005 2207 1125 2236 addunt
1154 2206 1248 2236 adhuc
1280 2214 1353 2237 ante
1381 2208 1542 2248 contigisse,

845 2250 933 2289 quod
949 2249 1031 2280 mihi
1046 2259 1216 2290 nunquam
1234 2250 1371 2290 placuit:
1397 2252 1473 2290 quia
1488 2252 1543 2282 ab·

844 2298 891 2322 est
913 2301 931 2322 a
955 2292 1036 2323 Mss.
1058 2292 1157 2323 Goth.
1181 2293 1254 2323 Cur.
1279 2293 1348 2323 edd.
1367 2294 1456 2334 Mog.
1471 2295 1544 2327 Col.

844 2335 957 2366 delevi.

889 2385 925 2408 12
950 2376 1182 2419 sequereturque]
1197 2377 1259 2408 Ms.
1274 2379 1349 2410 Cur.
1362 2390 1541 2422 consequere-

843 2427 959 2463 turque,
968 2420 1054 2460 quod
1067 2427 1135 2450 nori
1147 2421 1300 2461 displicet.
1317 2432 1394 2453 nam
1409 2424 1541 2466 consequi

841 2464 1029 2503 exquisitius
1059 2473 1115 2503 pro
1141 2465 1234 2506 sequi,
1256 2466 1405 2507 persequi,
1436 2466 1541 2497 sectari

841 2508 964 2538 dicitur.
982 2517 1012 2538 v.
1028 2506 1117 2537 Clav.

886 2557 922 2581 13
947 2549 1055 2589 disput.
1070 2547 1199 2590 subtilis]
1216 2550 1279 2582 MS.
1296 2551 1371 2582 Cur.
1386 2551 1459 2593 disp.
1473 2551 1538 2594 qui-

841 2593 904 2623 dem
921 2592 1044 2623 subtilis.

886 2643 925 2667 14
947 2635 971 2666 si
984 2646 1073 2676 genus
1086 2634 1220 2675 forense]
1246 2636 1324 2667 Edd.
1348 2646 1393 2676 pr.
1411 2636 1434 2665 si
1447 2647 1537 2675 genus

842 2679 875 2708 id
884 2680 920 2720 f.
937 2686 1020 2709 recte
1044 2678 1077 2708 id
1101 2679 1243 2709 delevere
1264 2680 1355 2710 Grut.
1377 2687 1408 2709 et
1431 2680 1535 2709 Graev.

145 2727 164 2752 9
186 2720 288 2750 videor
303 2720 336 2750 id
347 2721 481 2762 meojure
494 2722 615 2763 quodam
630 2723 708 2753 modo
722 2733 794 2752 ven·
837 2722 988 2761 abestque
1003 2732 1020 2752 e
1036 2721 1147 2753 multis
1170 2722 1257 2752 libris
1278 2732 1337 2752 scr.
1354 2722 1453 2752 etiam
1467 2722 1536 2752 Du-

99 2761 213 2802 dicare]
237 2763 313 2794 Non
335 2763 439 2804 placet
461 2765 537 2794 modo
558 2766 652 2806 idque
673 2773 728 2797 aut
741 2767 795 2796 de-

99 2804 247 2843 lendum,
270 2814 326 2838 aut
346 2817 402 2846 pro
424 2817 462 2837 eo
477 2807 549 2837 mihi
563 2808 734 2848 legendum
749 2809 796 2839 vi-

99 2848 203 2886 detur,
229 2850 315 2889 quod
349 2851 383 2880 in
405 2851 466 2881 hae
489 2851 591 2883 forma
612 2862 795 2893 numquam

157 2903 272 2934 VOL.
294 2905 361 2934 1v.
385 2906 425 2934 P.
447 2906 505 2936 11.

839 2765 896 2796 isb.
914 2765 1011 2795 Goth.
1028 2772 1059 2795 et
1076 2765 1150 2795 Cur.
1168 2766 1244 2795 item
1259 2765 1329 2795 edd.
1345 2775 1390 2804 pr.

885 2815 921 2839 15
935 2808 1043 2848 facere
1066 2807 1205 2847 potuisse]
1225 2808 1331 2848 facere
1357 2807 1444 2838 abest
1473 2807 1536 2838 Mz.

841 2851 939 2882 Goth.
955 2851 1070 2883 Duisb.
1088 2851 1200 2890 placet.

901 2905 984 2948 YY
