1844 3202
626 108 812 147 LIBER
847 106 1090 146 PR'IMUS.
1495 113 1571 154 723

139 214 241 258 illud
262 216 416 272 ipsum,
434 212 548 273 quod
562 213 802 256 acerbitatis
822 215 949 256 habet
970 213 1230 271 objurgatio,
1247 215 1570 270 significandum

134 282 212 323 est,
233 272 362 328 ipsius
392 285 532 323 causa,
553 270 625 327 qui
655 271 922 328 objurgetur,
951 281 1194 326 susceptum
1225 285 1330 312 esse·
1390 274 1569 315 Rectum

133 339 197 370 cst
215 338 371 380 autem,
391 329 518 370 etiam
550 328 591 368 in
622 327 704 369 illis
723 327 1076 378 contentionibus,
1098 342 1191 383 quae
1211 342 1310 369 cum
1332 327 1569 370 inimicissi-

132 386 213 428 mis
242 386 360 434 fiunt‚
382 384 510 426 etiam
540 384 574 425 si
605 383 726 426 nobis
754 384 929 440 indigna
957 383 1192 434 audiamus,
1216 393 1357 425 tamen
1386 386 1677 439 granta-122⁸·

132 450 218 483 tem
255 441 446 492 retinere,
478 441 737 482 iracundiam
772 441 987 496 repellere.
1028 455 1123 496 quae
1154 441 1266 481 enim
1297 455 1394 482 cum
1426 441 1609 496 aliquaa·

131 497 447 554 perturbatione
480 497 598 549 fiunt,
619 512 696 539 nec
725 506 967 539 constanter
995 497 1082 538 fieri
1113 505 1304 552 possunt,
1326 511 1403 538 nec
1428 497 1482 537 ab
1503 497 1568 548 iis,

131 553 204 610 qui
225 553 393 605 adsunt,
414 554 597 610 probari.
655 555 860 596 Deforme
888 555 1015 595 etiam
1045 562 1123 604 est,
1146 554 1198 595 de
1226 569 1269 594 se
1297 554 1389 609 ipso
1411 553 1566 608 praedi-

131 624 240 660 care,
260 609 366 651 falsa
386 611 633 666 praesertim,
654 619 711 662 et,
732 626 829 652 cum
850 611 1040 652 irrisione
1059 610 1337 661 audientium,
1358 618 1394 647 47
1412 610 1566 651 imitari

131 667 308 708 militem
336 667 586 722 gloriosum.
645 668 701 708 Et
729 667 927 723 quoniam
950 667 1093 708 omnia
1111 668 1416 723 persequimur,
1435 675 1475 698 48
1494 681 1567 709 vo·
1578 663 1652 718 39

128 724 270 767 lunius
299 723 468 778 quidem
501 733 628 775 certe,
659 723 885 765 dicendum
917 732 982 764 est
1010 724 1153 774 etiam,
1183 724 1351 780 qualem
1382 723 1566 765 hominis
1582 738 1657 771 138

128 780 324 821 honorati
360 789 404 822 et
435 780 633 836 principis
665 780 842 822 domum
872 780 1036 836 placeat
1065 794 1186 821 esse:
1227 780 1349 836 cujus
1381 780 1471 821 finis
1501 789 1566 822 est

128 851 229 878 usus
243 852 255 887 ;
287 836 341 877 ad
364 852 490 891 quem
518 837 881 878 accommodanda
899 844 963 878 est
982 836 1214 878 aedificandi
1235 836 1462 892 descriptio
1480 853 1492 887 3
1524 846 1567 879 et
1596 887 1603 893 1
1650 877 1656 881 .

127 901 269 934 tamen
288 893 529 936 adhibenda
547 893 763 950 dignitatis
783 893 1183 950 commoditatisque
1203 893 1436 949 diligentia.
1484 893 1566 935 Cn.

128 949 320 1001 Octavio,
340 951 413 1006 qui
443 949 603 1006 primus
633 965 685 992 ex
713 951 785 992 illa
810 950 970 992 familia
989 950 1140 992 consul
1161 951 1298 992 factus
1316 960 1394 1001 est,
1415 950 1566 992 honori

127 1006 258 1048 fuisse
284 1007 540 1063 accepimus,
565 1007 681 1063 quod
704 1007 948 1063 praeclaram
978 1006 1226 1049 aedificasset
1254 1007 1295 1048 in
1329 1007 1502 1057 Palatio,
1523 1015 1566 1049 et

126 1063 294 1118 plenam
317 1063 535 1119 dignitatis
564 1064 768 1106 domum:
800 1079 894 1121 quae
915 1079 1013 1106 cum
1036 1064 1164 1120 vulgo
1186 1064 1398 1114 viseretur,
1420 1065 1567 1104 suffra-

125 1129 228 1173 gata
249 1119 439 1171 domino,
462 1135 570 1162 novo
599 1120 775 1171 homini,
801 1120 853 1161 ad
882 1121 1150 1162 consulatum
1181 1121 1424 1176 putabatur.
1455 1119 1567 1162 hano

127 1177 310 1217 Scaurus
330 1176 574 1227 demolitus,
593 1185 634 1211 49
647 1178 930 1218 accessionem
960 1176 1152 1233 adjunxit
1179 1177 1355 1218 aedibus.
1415 1177 1565 1232 Itaque

124 1231 196 1273 ille
216 1232 259 1274 in
280 1247 399 1273 suam
422 1233 598 1274 domum
620 1233 887 1274 consulatum
914 1234 1075 1289 primus
1095 1233 1237 1274 attulit
1255 1249 1265 1274 ε
1301 1233 1386 1284 hic,
1408 1233 1563 1274 summi

125 1297 169 1330 et
195 1289 417 1332 clarissimi
443 1290 517 1331 viri
541 1290 665 1340 filius,
685 1290 727 1331 in
756 1289 933 1330 domum
953 1290 1294 1345 multiplicatam,
1316 1305 1400 1331 non
1420 1289 1562 1345 repul-

126 1360 217 1387 sam
238 1346 377 1388 solum
397 1346 556 1397 retulit,
579 1347 653 1388 sed
673 1346 967 1402 ignominiam,
988 1347 1113 1387 etiam
1135 1347 1434 1388 calamitatem.
1480 1347 1562 1387 Or·
1580 1354 1654 1394 139

126 1402 263 1443 nanda
283 1412 347 1444 est
368 1403 480 1444 enim
503 1403 688 1459 dignitas
708 1403 856 1454 domo,
876 1418 962 1444 non
983 1418 1034 1444 ex
1053 1403 1184 1444 domo
1204 1413 1294 1444 tota
1315 1403 1561 1458 quaerenda:

126 1471 202 1501 nec
222 1459 354 1501 domo
375 1459 586 1511 dominus,
607 1460 681 1501 sed
702 1459 878 1501 domino
897 1459 1051 1501 domus
1072 1459 1336 1500 honestanda
1356 1469 1432 1500 est.
1454 1468 1496 1500 et
1517 1470 1566 1501 ut

124 1514 168 1556 in
189 1516 339 1558 ceteris
359 1515 553 1558 habenda
581 1517 688 1558 ratio
716 1532 799 1558 non
826 1531 902 1558 sua
931 1517 1084 1566 solum,
1106 1516 1181 1557 sed
1205 1516 1334 1557 etiam
1360 1516 1566 1556 aliorum:

125 1572 185 1614 sic
213 1572 256 1613 in
285 1573 415 1615 domo
441 1573 541 1615 clari
570 1573 769 1623 hominis,
790 1574 831 1614 in
853 1588 980 1629 quani
1002 1583 1045 1614 et
1065 1573 1252 1628 hospites
1273 1572 1397 1613 multi
1417 1572 1567 1627 recipi-

125 1628 236 1679 endi,
256 1639 300 1671 et
326 1629 588 1671 admittenda
608 1630 829 1671 hominum
851 1630 1059 1686 cujusque
1080 1629 1199 1670 modi
1219 1629 1466 1678 multitudo,
1487 1628 1564 1669 ad·

125 1685 309 1727 hibenda
338 1696 401 1727 est
425 1701 527 1728 cura
557 1687 754 1728 laxitatis.
783 1687 903 1727 aliter
928 1686 1069 1742 ampla
1089 1685 1243 1727 domus
1268 1685 1465 1727 dedecori
1487 1685 1567 1726 do-

125 1742 242 1783 mino
264 1757 374 1798 saepe
396 1743 456 1794 fit,
479 1744 512 1784 si
533 1752 598 1784 est
617 1743 659 1784 in
681 1758 730 1784 ea
752 1742 966 1794 solitud03
988 1752 1030 1784 et
1050 1743 1248 1793 maxime,
1268 1743 1302 1783 si
1324 1742 1568 1797 aliquando,

123 1798 209 1839 alio
228 1798 418 1850 domino,
440 1800 566 1841 solita
583 1809 648 1841 est
666 1799 937 1856 frequentari.
968 1799 1163 1841 odiosum
1188 1810 1252 1841 est
1272 1799 1401 1850 enim,
1421 1814 1518 1840 cum
1543 1813 1569 1839 a

123 1857 474 1911 praetereuntibus
495 1856 650 1898 dicitur
668 1873 678 1898 ε

235 1945 267 1983 Ο
284 1945 398 1983 domus
418 1948 575 1998 antiqua,
592 1946 667 1991 heu,
685 1960 789 1998 quam
807 1945 937 1997 dispari
955 1945 1126 1983 dominare
1143 1944 1270 1983 domino
1282 1946 1299 1981 Ι
1576 1955 1608 1985 b.

124 2031 241 2087 quod
262 2032 431 2088 quiden]
463 2033 528 2074 his
553 2034 818 2089 temporibus
841 2033 881 2074 in
903 2033 1046 2074 multis
1064 2032 1164 2073 licet
1185 2032 1339 2074 dicere.
1401 2033 1563 2074 Caven-
1581 2046 1656 2079 140

123 2089 227 2129 dum
249 2099 389 2130 autem
413 2099 491 2140 est,
512 2091 746 2146 praesertim
779 2090 812 2132 si
842 2090 930 2146 ipse
957 2090 1154 2140 aedifices,
1176 2104 1227 2130 ne
1249 2099 1366 2130 extra
1387 2089 1563 2131 modum

125 2154 284 2195 sumtu,
320 2155 362 2187 et
392 2146 708 2202 magnificentia
742 2147 946 2202 prodeas:
994 2162 1079 2202 quo
1111 2147 1155 2187 in
1189 2160 1347 2201 genere
1378 2147 1564 2188 multum

123 2201 225 2243 mali
255 2202 382 2243 etiam
411 2203 453 2244 in
482 2205 676 2259 exemplo
703 2214 781 2245 est.
812 2204 1000 2245 studiose
1029 2203 1142 2244 enim
1164 2203 1367 2259 plerique,
1390 2218 1564 2258 praeser-

125 2258 202 2299 tim
232 2258 276 2299 in
306 2259 414 2301 hanc
443 2268 622 2316 partem,
642 2261 753 2301 facta
782 2260 1021 2316 principum
1052 2260 1295 2303 imitantur:
1326 2269 1374 2300 ut
1404 2261 1455 2300 L.
1476 2261 1565 2300 Lu-

125 2314 242 2366 culli,
271 2317 427 2357 summi
459 2317 546 2368 viri,
576 2317 789 2367 virtutem,
820 2317 943 2372 quis?
979 2325 1022 2358 at
1052 2331 1179 2372 quam
1215 2315 1339 2357 multi
1372 2316 1563 2357 villarum

126 2371 481 2425 magnificentiam
503 2373 654 2415 imitati
676 2374 802 2414 sunt?
828 2387 1006 2429 quarum
1029 2373 1201 2429 quidem
1225 2382 1338 2414 certe
1359 2382 1422 2413 est
1443 2373 1563 2414 adlii-

125 2426 288 2468 bendus
308 2429 475 2481 modus,
491 2431 545 2472 ad
564 2430 989 2486 mediocritatemque
1009 2429 1282 2471 revocandus.
1318 2429 1562 2485 Eademque
1579 2438 1648 2472 141

124 2483 395 2528 mediocritas
429 2486 535 2528 ⁵0ad
568 2501 708 2538 usum,
741 2487 990 2543 cultumque
1026 2487 1123 2528 vitae
1162 2486 1450 2528 transferenda
1487 2495 1564 2527 est.

167 2631 206 2661 47
225 2625 339 2655 inn’mri
352 2625 474 2657 militem
483 2627 651 2669 glor-iesum]
665 2629 716 2660 Sc.
730 2630 824 2660 Plau·
866 2638 1012 2665 suarum,
1039 2639 1113 2668 quae
1138 2629 1347 2667 amplissimae
1377 2629 1450 2658 inde
1476 2629 1567 2660 sactae

126 2668 232 2702 tinum
249 2669 356 2699 illurn.
865 2680 955 2710 sunt,
972 2682 1045 2711 quae
1061 2682 1109 2702 res
1122 2672 1283 2712 displicuit
1298 2672 1429 2711 populo.

169 2718 209 2741 48
231 2711 364 2742 volumus
387 2712 502 2754 quidem
525 2714 614 2754 certe]
640 2715 713 2746 Hoc
736 2714 824 2745 abest
913 2723 952 2747 50
985 2715 1026 2747 ad
1050 2726 1156 2745 omntm
1182 2726 1264 2744 usum
1287 2714 1452 2754 cultumque
1474 2711 1565 2751 vitae]

126 2753 192 2784 Ms.
207 2754 322 2785 Duisb.
868 2758 927 2788 Pro
949 2769 1056 2786 onmem
1079 2759 1164 2796 quod
1189 2765 1235 2787 est
1259 2759 1291 2786 in
1315 2758 1384 2786 edd.
1401 2766 1448 2795 pr.
1463 2762 1493 2785 et
1508 2765 1570 2786 scr.

170 2803 211 2828 49
234 2798 416 2827 accessionem
432 2797 569 2837 adjunxit
587 2799 708 2839 edibus]
728 2799 825 2830 intel·
868 2801 921 2830 alii
949 2801 1071 2831 edidere
1100 2811 1272 2829 communem
1303 2809 1379 2830 cum
1408 2799 1569 2828 Manutio.

128 2837 188 2878 lige
212 2846 267 2870 aut
288 2841 366 2871 adde
390 2841 458 2878 suis,
477 2842 550 2872 feeit
568 2849 688 2882 partem
705 2843 826 2874 aedium
868 2844 1028 2874 Victorius
1051 2850 1204 2874 neutrum
1225 2843 1335 2880 habet,
1349 2842 1435 2882 quod
1450 2841 1572 2882 placuit

862 2898 988 2939 3-24
