1844 3202
581 119 984 158 FRAGMENTA.
1424 129 1502 170 389

125 225 366 280 FnoN'ro.)
389 226 510 268 Nihil
530 225 683 267 Sardos
698 226 839 282 Appio
858 227 1020 282 gratius
1040 240 1132 269 esse
1154 227 1353 281 facturos,
1372 244 1498 286 quam

69 282 102 322 si
121 283 174 323 de
195 284 340 324 Scauri
358 284 469 324 fama
490 282 757 324 detraxerint.

362 371 546 412 CIRCA
568 371 818 412 VERSUM
838 371 877 410 A
902 370 1089 412 PRIMO
1113 372 1206 412 XL.

72 437 172 477 Cum
193 445 440 479 enumeraret
455 438 634 492 judicia,
655 453 751 494 quse
773 439 899 478 Pater
923 437 1100 479 scam-us
1120 444 1309 492 expertus
1328 448 1430 482 erat.

124 507 329 559 Ascox.)
374 506 497 547 Subit
535 506 660 546 ctiam
701 505 847 560 populi
880 504 1108 561 judicium,
1147 506 1380 561 inquirente
1422 508 1502 549 Cn.

68 562 262 603 Domitio
282 563 452 604 tribuno
472 563 530 618 pl.
560 563 671 603 Reus
693 563 828 603 factus
854 572 919 602 est
948 576 972 602 a
1003 563 1058 618 Q.
1089 562 1263 603 Servilio
1284 563 1504 619 Caepione,

67 618 162 673 lege
189 619 371 670 Servilia,
392 633 491 660 cum
516 617 679 674 judicia
704 632 830 673 penes
860 628 1098 674 equestrem
1130 619 1317 660 ordinem
1349 631 1502 671 essent,

68 685 111 716 et
132 676 175 715 P.
198 675 355 717 Rutilio
382 675 596 726 damnato,
619 689 743 715 nemo
769 685 854 716 tam
883 676 1081 716 innocens
1102 675 1321 727 videretur,
1344 688 1392 718 ut
1420 692 1502 719 non

67 731 237 773 timeret
265 732 348 773 illa.
369 747 418 773 ac
437 731 586 772 eodem
607 731 749 781 etiam,
775 731 868 786 lege
889 731 1029 782 Varia,
1051 741 1195 773 custos
1227 733 1296 774 ille
1325 733 1503 789 reipubl.

67 787 318 843 proditionis
349 798 412 830 est
441 788 483 828 in
512 789 671 829 crimen
702 798 889 839 vocatus,
911 797 1079 829 vexatus
1110 803 1134 829 a
1163 791 1218 846 Q.
1245 789 1376 831 Vario
1407 791 1502 832 trib.

68 844 126 900 pl.
144 854 222 895 est,
243 859 326 886 non
346 845 484 886 multo
504 854 613 886 ante.

124 900 253 953 Idem)
287 903 387 943 Non
416 901 529 942 enim
555 910 719 943 tantum
742 900 971 942 admiratus
993 916 1086 942 sum
1109 916 1192 957 ego
1214 901 1333 944 illum
1353 903 1504 956 virum,

68 956 178 998 sicut
207 972 369 1008 omnes,
399 958 474 999 sed
504 958 631 999 etiam
665 959 877 1014 praecipue
914 957 1054 999 dilexi.
1086 960 1245 1013 primus
1277 960 1389 1001 enim
1420 975 1504 1012 me,

69 1013 315 1069 flagrantem
339 1014 479 1056 studio
496 1014 631 1056 laudis
652 1015 692 1055 in
714 1029 831 1070 spem
851 1014 1034 1070 impulit,
1053 1029 1177 1070 posse
1197 1016 1395 1058 virtutem
1416 1018 1504 1060 sine

68 1070 264 1125 praesidio
286 1072 481 1122 fortunae,
501 1086 586 1127 quo
607 1071 906 1122 contendisset,
926 1071 1070 1112 labore
1089 1081 1132 1114 et
1151 1073 1388 1115 constantia
1408 1087 1504 1129 per-

71 1140 222 1168 vemre.

126 1183 324 1237 SEVER.)
359 1185 414 1225 Et
441 1183 640 1240 quoniam
663 1193 866 1239 congesta
885 1193 948 1225 est
967 1184 1180 1226 accusatio
1198 1186 1335 1241 magis
1356 1201 1505 1228 acervo

68 1238 252 1294 quodam
272 1240 511 1291 criminum,
532 1255 658 1296 quam
681 1240 950 1282 distinctione
971 1241 1112 1298 aliqua
1139 1256 1344 1297 generum
1371 1252 1414 1285 et
1434 1259 1504 1286 va-

68 1304 230 1338 rletate.

126 1352 253 1404 Idem)
288 1353 508 1394 Bostarem
539 1353 668 1409 igitur
693 1353 901 1410 quendam
929 1354 1034 1395 dixit
1062 1355 1319 1409 Norensem,
1339 1356 1506 1413 fugien-

68 1416 156 1450 tem
176 1423 198 1450 e
220 1409 409 1450 Sardinia
430 1411 575 1451 Scauri
595 1410 836 1452 adventum.

125 1464 253 1519 Ide-m)
280 1467 396 1509 Prius
415 1466 531 1508 illum
556 1467 782 1523 sepultum,
804 1482 930 1524 quarn
962 1468 1061 1511 huic
1091 1483 1258 1510 coenam
1287 1484 1377 1510 esse
1406 1471 1507 1512 sub-

70 1521 215 1565 latam.

124 1576 355 1621 AScomu
367 1581 419 1632 s.)
454 1579 512 1630 Si,
543 1593 612 1620 me
639 1579 793 1632 hercle,
812 1581 994 1637 judices,
1022 1596 1100 1637 pro
1127 1582 1176 1622 L.
1198 1582 1371 1624 Tubulo
1391 1583 1505 1624 dice·

70 1649 173 1686 rem,
195 1650 322 1691 quem
342 1651 473 1677 unum
499 1651 551 1677 ex
578 1637 695 1678 omni
724 1638 930 1679 memoria
957 1638 1340 1690 sceleratissimum,
1361 1648 1404 1681 et
1431 1655 1506 1681 au-

69 1691 344 1733 dacissimum
364 1693 492 1733 fuisse
513 1693 767 1748 accepimus,
789 1704 932 1735 tamen
958 1709 1043 1735 non
1070 1694 1280 1745 timerem,
1300 1710 1506 1738 venenum

71 1746 244 1803 hospiti,
265 1758 337 1790 aut
357 1749 538 1789 convivae
561 1749 594 1789 si
622 1749 833 1792 diceretur
860 1751 1042 1792 coenanti
1068 1751 1121 1792 ab
1148 1751 1222 1793 illo
1253 1752 1415 1803 datum,
1438 1754 1508 1795 cui

73 1818 207 1859 neque
227 1804 348 1846 heres
368 1819 503 1861 neque
522 1805 651 1846 iratus
673 1807 834 1848 fuisset.

127 1862 236 1916 Quae
258 1861 427 1917 quidem
451 1862 635 1917 suspicio
655 1862 784 1904 valuit
805 1863 932 1905 etiam
959 1863 1015 1904 ob
1045 1862 1154 1905 hanc
1182 1878 1369 1917 causam,
1391 1867 1509 1922 quod

71 1930 170 1958 cum
190 1928 364 1973 agerent
382 1918 611 1973 parentalia
629 1921 858 1961 Norenses.

131 1973 317 2015 ponpa.
340 1974 429 2015 Sat.
450 1985 489 2016 2.
506 1974 541 2015 l.
561 1978 617 2028 2.)
652 1975 848 2018 Libertus
879 1986 1105 2033 patronum
1138 1991 1219 2018 non
1241 1977 1411 2030 occidit,
1435 1978 1508 2021 sed

70 2029 238 2072 duobus
258 2030 448 2087 digitulis
465 2031 613 2087 gulam
635 2032 793 2074 oblisit.

128 2086 369 2140 Fnomo.)
396 2087 543 2143 Copiis
561 2089 697 2145 inops,
718 2099 846 2146 gente
864 2089 1003 2132 fallax.

405 2177 592 2219 CIRCA
620 2178 658 2219 T
661 2179 894 2221 ERTIAM
927 2180 1171 2222 PARTEM

690 2262 716 2289 a
737 2261 890 2304 primo.

129 2324 333 2380 Ascon.)
357 2325 441 2377 Sic,
463 2325 651 2382 inquam,
672 2341 729 2378 se,
746 2326 929 2384 judices,
949 2342 1013 2369 res
1041 2327 1183 2379 habet,
1206 2342 1342 2385 neque
1372 2327 1455 2371 hoc
1483 2345 1509 2371 a

73 2394 142 2422 me
161 2395 317 2423 novum
336 2382 591 2439 disputatur,
612 2383 686 2424 sed
706 2384 932 2440 quaesitum
953 2384 1006 2425 ab
1027 2384 1118 2425 aliis
1138 2395 1215 2426 est.

131 2437 260 2490 Idem)
295 2438 375 2480 Illa
403 2439 667 2482 audivimus:
698 2440 783 2482 hoc
808 2455 904 2482 vero
933 2441 1219 2493 meminimus,
1244 2456 1293 2483 ac
1323 2457 1429 2498 pene
1448 2444 1508 2484 vi-

75 2493 230 2545 dimus,
249 2494 439 2550 ejusdem
460 2496 613 2552 stirpis,
634 2506 678 2538 et
698 2498 880 2539 nominis
911 2498 955 2539 P.
975 2497 1193 2549 Crassum,
1214 2513 1265 2539 ne
1291 2498 1333 2539 in
1357 2514 1507 2541 manus

74 2550 278 2592 incideret
297 2550 579 2604 inimicorum,
600 2568 643 2595 se
663 2553 804 2609 ipsum
826 2554 1098 2596 interemisse.
1156 2556 1224 2597 Ac
1244 2569 1378 2611 neque
1397 2556 1507 2599 illius

77 2605 220 2649 Crassi
241 2607 402 2649 factum
429 2609 667 2664 superioriS,
689 2610 839 2652 iisdem
870 2611 1103 2653 honoribus
1127 2626 1242 2662 usuS,
1265 2613 1337 2667 qui
1366 2612 1508 2654 fortis-

75 2663 208 2706 simus
226 2663 270 2705 in
288 2663 410 2707 bellis
430 2665 590 2718 fuisset,
607 2667 690 2708 Μ’.
709 2667 908 2724 Aquilius
928 2667 1070 2724 potuit
1089 2668 1257 2709 imitari.

557 2756 583 2782 ’γε
605 2755 842 2798 PAULLO
875 2756 1032 2798 POST.

134 2827 432 2882 Ancomus.)
480 2830 598 2886 Quid
627 2833 757 2875 vero?
790 2831 984 2875 Alterum
1016 2832 1217 2875 Crassum
1245 2832 1509 2889 temporibus
