1844 3202
249 102 328 145 724
780 98 856 137 DE
894 99 1151 138 OFFICIIS

249 205 335 247 Sed
357 205 447 247 haec
467 205 683 248 hactenus.
745 209 794 249 In
815 209 930 249 omni
951 218 1092 250 autem
1122 207 1286 250 actione
1308 206 1585 262 suscipienda,
1606 208 1686 250 tria.

250 272 348 303 sunt
369 263 570 304 tenenda:
597 264 795 319 primum,
816 275 865 306 ut
884 266 1092 320 appetitus
1113 265 1261 305 rationi
1282 276 1451 320 pareat3
1474 280 1559 320 quo
1581 264 1689 306 nihil-

250 326 316 359 est
349 318 403 359 ad
435 320 571 360 officia
601 321 885 362 conservanda
908 321 1294 362 accommodatius:
1327 320 1490 371 deinde,
1519 330 1567 361 ut
1597 320 1688 361 ani-

249 375 546 427 madvertatur,
579 387 738 431 quanta
762 377 834 417 illa
865 391 930 417 res
958 377 1026 427 sit,
1057 392 1183 433 quam
1213 377 1374 418 efficere
1405 378 1605 426 velimus3
1636 385 1687 418 ut

250 446 352 472 neve
383 433 534 488 major,
570 448 671 474 neve
701 433 839 474 minor
873 447 987 482 cura,
1021 444 1064 474 et
1100 448 1226 488 opera
1261 434 1524 488 suscipiatur,
1558 447 1686 489 quam

249 503 377 530 causa
409 488 622 544 postulet:
653 489 824 530 tertium
857 499 936 539 est,
963 498 995 521 ⁵1
1022 490 1087 542 [ut
1116 491 1369 543 caveamus‚]
1408 500 1456 532 ut
1491 506 1554 539 ea,
1591 505 1686 545 quae

249 545 460 600 pertinent
494 554 531 577 ⁵2
547 545 598 586 ad
633 545 850 586 liberalem
885 547 1067 600 speeiem
1100 555 1142 586 et
1171 546 1437 600 dignitatem,
1467 546 1689 587 moderata

249 601 346 642 sint.
393 601 554 642 Modus
575 612 715 643 autem
736 612 800 643 est
821 602 1021 657 optimus,
1044 602 1200 643 decus
1191 617 1330 656 ipsum
1353 612 1505 653 tenere,
1517 602 1580 643 de
1601 616 1687 657 quo

250 667 348 699 ante
381 657 578 708 diximus,
607 673 681 702 nec
716 659 915 714 progredi
945 658 1128 713 longius.
1189 652 1357 699 Horum
1389 669 1528 699 tamen
1558 659 1687 700 nium

251 715 644 770 praestantissimum
665 725 742 765 est,
763 715 998 771 appetitum
1021 715 1313 769 obtemperare
1334 715 1500 756 rationi.

165 770 239 819 40
307 771 522 827 Deinceps
543 771 595 812 de
615 771 760 813 ordine
783 786 936 822 rerum,
958 781 1001 813 et
1026 782 1265 835 temporum
1287 772 1604 835 opportunitate
1624 771 1690 813 di-

163 844 239 877 142
252 828 432 868 cendum
465 838 542 869 est.
615 836 651 860 53
674 830 769 870 Hae
805 838 947 870 autem
983 829 1158 869 scientia
1191 829 1431 869 continetur
1462 843 1524 878 ea,
1559 843 1687 884 quam

252 884 394 926 Graeci
427 883 595 935 εὐταξίαν
628 885 861 948 nominant,
894 894 933 917 ⁵4
951 900 1035 925 non
1066 885 1172 935 haec,
1202 900 1272 941 qu
1262 900 1328 925 am
1367 885 1691 940 interpretamur

249 940 532 990 modestiam3
564 955 649 996 quo
676 940 719 981 in
749 941 876 982 verbo
904 941 1057 981 modus
1083 941 1223 982 inest:
1255 941 1328 982 sed
1351 942 1421 986 illa
1442 952 1503 982 est
1524 942 1691 992 εὐταξία,

250 996 294 1037 in
325 1011 409 1052 qua
440 996 691 1052 intelligitur
723 996 880 1038 ordinis
911 997 1187 1037 conservatio.
1248 998 1412 1052 Itaque,
1441 1007 1489 1038 ut
1514 998 1692 1039 eandem

251 1067 329 1094 nos
350 1053 603 1094 modestiam
623 1053 901 1109 appellemus,
921 1053 980 1094 sic
1002 1053 1198 1094 definitur
1226 1068 1251 1093 a
1279 1053 1447 1104 Stoicis,
1469 1064 1518 1094 ut
1541 1053 1692 1094 mode-

252 1109 333 1151 stia
364 1110 417 1151 sit
450 1110 624 1150 scientia
655 1123 801 1152 earum
835 1123 992 1160 rerum,
1024 1125 1120 1165 quae
1155 1118 1349 1165 agentur,
1382 1122 1456 1151 aut
1486 1110 1692 1161 dicentur,

251 1165 350 1207 loco
381 1181 458 1207 suo
486 1166 846 1208 collocandarum.
879 1166 1021 1222 itaque
1042 1166 1206 1208 videtur
1225 1165 1373 1207 eadem
1395 1167 1452 1207 vis
1473 1166 1628 1208 ordinis
1650 1177 1694 1209 et

143 1223 544 1276 p.29.colloeati0nis
573 1223 677 1265 fore.
734 1225 849 1264 Nam
880 1233 922 1264 et
951 1223 1142 1264 ordinem
1165 1223 1224 1263 sic
1245 1222 1462 1273 definiunt,
1482 1223 1695 1278 composi-

213 1279 415 1320 a-tionem
444 1295 585 1321 rerum
623 1279 732 1335 aptis
765 1288 809 1321 et
840 1278 1172 1321 accommodatis
1207 1279 1326 1320 loeis.
1371 1280 1514 1321 locum
1550 1288 1693 1320 autem

254 1336 446 1387 actionis,
460 1337 823 1392 opportunitatem
844 1337 1048 1392 temporis
1068 1351 1159 1377 esse
1178 1335 1339 1377 dicunt.
1360 1344 1528 1391 tempus
1550 1345 1693 1377 autem

253 1393 430 1437 actionis
456 1402 760 1448 opportunum,
787 1394 938 1434 Graece
971 1392 1147 1447 εὐκαιρία,
1177 1393 1327 1433 Latine
1354 1393 1591 1448 appellatur
1619 1407 1695 1434 oc-

254 1449 382 1490 casio.
416 1450 474 1491 sic
507 1450 567 1500 fit,
588 1459 636 1491 ut
664 1450 872 1491 modestia
904 1450 1011 1501 haec,
1043 1464 1169 1505 quam
1200 1449 1259 1490 ita
1287 1450 1625 1504 interpretamur,
1646 1458 1697 1491 ut

255 1505 355 1556 dixi,
377 1506 550 1548 scientia
570 1507 622 1547 sit
653 1507 983 1562 opportunitatis
1006 1506 1254 1548 idoneorum
1277 1506 1330 1547 ad
1350 1506 1563 1561 agendum
1585 1516 1693 1547 tem-

167 1573 239 1606 143
254 1577 421 1626 porum.
482 1563 564 1604 Sed
596 1573 737 1618 potest
764 1563 911 1604 eadem
939 1577 1028 1607 esse
1059 1562 1292 1618 prudentiae
1313 1562 1517 1613 definitio,
1539 1563 1591 1606 de
1611 1577 1696 1618 qua

253 1620 462 1674 pnnorpio
481 1619 677 1660 diximus.
701 1619 783 1660 hoc
804 1628 946 1660 autem
968 1619 1064 1660 loeo
1086 1619 1137 1659 de
1158 1618 1449 1660 moderatione
1469 1629 1512 1660 et
1533 1629 1696 1674 tempe-

254 1675 403 1726 rantia,
424 1684 466 1716 et
485 1690 626 1717 earum
651 1675 856 1717 similibus
877 1669 1101 1716 virtutibus
1123 1676 1365 1731 quaerimus.
1411 1677 1578 1731 Itaque,
1600 1691 1696 1730 quae

253 1742 372 1773 erant
392 1732 623 1796 prudentiae
646 1733 829 1788 propria,
851 1747 927 1773 suo
947 1732 1043 1773 loco
1062 1731 1175 1773 dicta
1199 1741 1309 1773 sunt.
1341 1748 1436 1788 quae
1456 1743 1598 1773 autem
1620 1733 1697 1773 ha-

254 1804 347 1830 rum
370 1789 587 1840 virtutum,
608 1789 660 1830 de
682 1789 835 1844 quibus
858 1788 1025 1845 jamdiu
1045 1789 1274 1843 loquimur,
1294 1804 1387 1844 quae
1409 1789 1621 1844 pertinent
1642 1788 1697 1831 ad

254 1845 564 1896 terecundiam
593 1856 635 1887 et
666 1846 719 1886 ad
750 1859 898 1887 eorum
927 1846 1292 1909 approbationem,
1318 1846 1572 1900 quibuscum
1600 1844 1699 1886 vivi-

170 1914 244 1966 144
258 1917 366 1952 mus,
389 1918 501 1943 nunc
521 1902 699 1944 dicenda
718 1911 829 1944 sunt.
888 1902 1002 1943 Talis
1022 1911 1086 1942 est
1105 1901 1237 1957 igitur
1256 1901 1360 1943 ordo
1382 1903 1596 1942 actionum
1619 1901 1697 1942 ad-

235 1958 482 2010 bibendus,
502 1968 563 2010 ut,
575 1959 948 2023 quemadmodum
981 1967 1019 1990 ⁵⁵
1037 1958 1078 1999 in
1107 1958 1296 1999 oratione
1325 1958 1548 2009 constanti,
1570 1958 1630 1999 sic
1654 1958 1695 1999 in

257 2016 340 2057 xita
376 2016 520 2056 omnia
553 2016 636 2056 sint
669 2024 767 2071 apta
798 2015 908 2056 inter
941 2029 986 2056 se
1018 2023 1060 2055 et
1091 2014 1390 2055 convenientia.
1457 2015 1606 2070 Tuipe
1632 2022 1697 2056 est

249 2073 383 2122 enim,
405 2072 606 2128 valdeque
633 2072 844 2122 vitiosum,
864 2072 906 2113 in
929 2086 972 2112 re
993 2085 1133 2112 severa
1154 2071 1328 2112 convivii
1348 2071 1474 2121 dicta,
1494 2081 1567 2112 aut
1587 2070 1695 2112 deli-

257 2132 400 2170 'catum
422 2129 604 2184 aliquem
625 2128 778 2170 inferre
799 2141 1053 2170 sermonem.
1100 2129 1216 2168 Bene
1237 2127 1428 2178 Pericles,
1449 2142 1546 2168 cum
1570 2127 1699 2168 habe-

258 2238 382 2267 Graevio
400 2249 406 2267 z
442 2238 534 2267 bene.
561 2237 647 2266 idem
676 2245 730 2275 pro
755 2236 955 2277 tranfferenda

255 2280 341 2310 dedit
357 2280 517 2320 referenda,
535 2289 551 2309 e
567 2280 692 2309 duobus
710 2279 795 2309 libris
809 2280 930 2320 scriptis
947 2293 952 2310 :

257 2323 457 2363 transferenda
477 2323 592 2352 melius
607 2323 741 2352 videtur.

302 2374 339 2397 ⁵1
365 2373 398 2394 u!
414 2366 583 2404 caveamus]
602 2366 674 2395 Hoc
690 2375 756 2395 esse
773 2365 955 2402 insititium,

256 2415 340 2440 recte
363 2409 486 2447 judicat
510 2409 673 2438 Gruterus.
697 2415 742 2437 est
768 2408 861 2447 plane
883 2407 958 2438 alie-

258 2461 353 2489 num,
379 2462 454 2482 nam
479 2452 564 2490 quod
592 2451 732 2490 sequitur
756 2461 821 2480 non
845 2460 958 2480 caven-

257 2495 338 2525 dum
353 2502 411 2532 est,
428 2495 481 2525 scd
496 2496 710 2534 sequendum,
724 2500 755 2523 et
775 2495 956 2524 curandum

256 2545 294 2568 ut
309 2538 375 2568 fiat.

303 2589 340 2611 52
364 2580 405 2610 ad
418 2579 565 2609 liberalem
581 2580 698 2618 speciem
720 2586 747 2608 et
767 2578 953 2618 dignitatem]

259 2624 344 2654 Bene
360 2625 422 2654 hoc
438 2623 593 2653 revocavit
610 2623 765 2657 Graevius,
782 2632 837 2661 pro
858 2622 899 2651 ad
919 2622 957 2650 li-

259 2666 441 2696 beralitate-m
462 2665 550 2704 specie
573 2672 599 2694 et
622 2665 767 2704 dignitate
783 2665 854 2693 mod.
872 2666 957 2704 quod

258 2710 384 2740 induxit
399 2709 617 2739 Anetnoeeius.
642 2708 737 2738 male.
753 2717 828 2737 nan]
848 2707 957 2737 libera-

257 2752 329 2782 litas
351 2753 403 2782 hic
429 2751 472 2782 nil
495 2751 580 2781 aliud
597 2761 663 2780 esse
678 2758 791 2789 posset,
808 2760 906 2788 quam
921 2750 957 2780 li·

257 2795 369 2825 beralis
384 2797 515 2834 species,
532 2804 630 2833 quam
651 2794 784 2832 dignitas
803 2793 954 2833 postulet:

258 2844 301 2868 ita
316 2838 484 2869 liberalitas
500 2837 686 2868 liberalitate
703 2837 896 2867 moderanda
911 2837 957 2868 di-

997 2244 1140 2267 ceretur:
1165 2237 1248 2277 quod
1272 2238 1348 2267 foret
1371 2237 1526 2276 ineptum.
1550 2244 1621 2268 tum
1640 2249 1698 2266 mo·

999 2280 1101 2309 derata
1123 2281 1180 2309 sint
1204 2287 1325 2310 rectum
1349 2288 1407 2317 est,
1425 2290 1490 2310 non
1511 2280 1698 2317 moderanda,

999 2325 1082 2362 quod
1108 2324 1263 2353 Victorius
1286 2324 1380 2353 dedit.
1410 2330 1444 2352 ut
1466 2333 1560 2362 supra
1583 2331 1642 2360 est,
1667 2330 1701 2352 ut

1000 2366 1268 2404 animadvertatur,
1306 2376 1371 2396 non
1409 2365 1700 2396 animadvertendum

1000 2409 1048 2439 sit.

1047 2458 1084 2482 553
1111 2451 1176 2481 Hae
1195 2458 1291 2480 amem
1310 2451 1429 2481 scientia
1449 2451 1608 2481 continetur
1623 2463 1700 2481 ea·-

1000 2505 1053 2523 non
1069 2495 1144 2533 liaec]
1164 2495 1200 2524 In
1223 2495 1271 2524 his
1287 2494 1376 2524 valde
1391 2495 1552 2524 variarunt
1567 2494 1697 2531 librarii,

1001 2547 1077 2567 cuin
1095 2548 1160 2567 non
1176 2538 1249 2567 satis
1266 2537 1486 2573 intelligerent.
1528 2537 1594 2567 Hac
1609 2537 1699 2566 scien-

1001 2580 1044 2609 tia
1057 2588 1113 2616 est,
1127 2580 1181 2618 huj
1189 2591 1223 2610 us
1240 2581 1280 2610 rei
1296 2587 1325 2609 et
1337 2581 1433 2610 officii
1449 2580 1588 2610 scientia.
1605 2580 1699 2619 perti-

1002 2630 1055 2653 net
1070 2625 1107 2653 ad
1125 2622 1270 2660 εὐταξίαν,
1288 2634 1352 2653 non
1370 2624 1406 2653 acl
1425 2623 1626 2653 modestiam.

1045 2674 1083 2696 5⁴
1107 2677 1159 2694 non
1184 2666 1256 2702 haec,
1284 2677 1370 2707 quam
1396 2667 1619 2705 interpretamur
1640 2676 1698 2695 mo-

1001 2707 1136 2748 deuiam]
1158 2710 1239 2739 Oua*
1256 2719 1300 2739 sc.
1316 2717 1362 2739 est
1375 2708 1536 2750 μετριότης.

1046 2759 1083 2782 55
1108 2752 1138 2780 in
1162 2753 1287 2782 orafl'one
1311 2750 1464 2791 constann']
1490 2752 1529 2783 V.
1553 2750 1641 2782 Clav.
1665 2751 1696 2782 in

1000 2802 1139 2824 constans.
