1844 3202
274 104 355 147 920
643 93 702 133 M.
729 94 945 133 TULLII
982 94 1314 133 CICERONIS

332 200 678 254 N0N.‚Imhuere‚
700 202 906 258 sufficere.)
943 204 1005 244 Ut
1025 202 1067 253 ii,
1085 203 1156 259 qui
1174 201 1359 244 combibi
1380 216 1606 258 purpuram
1621 219 1695 251 νος

275 260 383 310 lunt,
403 259 612 301 sufficiunt
633 260 746 316 prius
766 259 903 300 lanam
926 259 1242 300 medicamentis
1264 259 1527 315 quibusdam,
1550 259 1608 300 sic
1627 259 1698 300 lit-

273 316 390 366 teris,
409 316 645 372 talibusque
662 316 860 358 doctrinis
876 326 972 357 ante
986 315 1119 356 excoli
1137 315 1313 367 animos,
1327 326 1368 356 et
1382 315 1435 357 ad
1453 315 1697 371 sapientiam

275 372 591 428 concipiendam
614 372 760 423 imbui,
778 381 819 412 et
839 371 1060 426 praeparari
1078 371 1212 412 decet.

331 429 464 471 NON.
488 428 680 484 Szthigere
699 429 880 484 segetes.)
934 427 996 468 Ut
1025 428 1137 467 enim
1167 436 1327 483 segetes
1357 428 1554 484 agricolae
1585 426 1699 469 subi·

274 496 385 543 gunt
406 484 550 526 aratris
573 484 708 526 multo
726 493 822 525 ante
843 497 969 538 quam
991 492 1142 524 serant.

332 543 464 584 NON.
490 540 639 591 Grave,
659 540 780 590 Aere,
800 539 940 591 Mite.)
985 538 1101 595 Quid
1122 539 1233 580 enim
1259 547 1331 580 aut
1356 540 1581 582 Herodoto
1601 540 1698 581 dul-

275 598 381 648 cius,
402 608 475 639 aut
493 596 747 653 Thucydide
767 596 949 651 gravius,
968 604 1042 637 aut
1071 594 1245 636 Philisto
1272 596 1447 647 brevius,
1468 605 1540 638 aut
1559 597 1699 638 Theo-

274 668 434 711 pompo
455 654 605 704 acrius,
625 661 699 694 aut
717 652 1010 707 Theophrasto
1029 651 1171 693 mitius
1190 652 1361 692 inveniri
1378 655 1545 707 potest?

333 710 465 752 NON.
491 710 746 765 Cognoscere,
769 707 934 761 Grave.)
988 708 1113 750 Unde
1143 716 1283 749 autem
1309 708 1470 749 facilius
1498 724 1623 764 quam
1650 724 1702 751 ex

276 766 490 809 annalium
511 766 810 815 monumentis,
830 775 903 806 aut
933 780 996 805 res
1024 764 1189 815 bellica,
1210 774 1283 806 aut
1303 764 1440 806 omnis
1460 765 1702 820 reipublicae

276 823 496 877 disciplina
514 822 813 878 cognoscitur?
842 821 953 862 unde
973 820 1025 862 ad
1043 821 1270 876 agendum,
1291 830 1365 862 aut
1383 820 1608 863 dicendum
1629 837 1702 863 co-

272 877 344 935 'pia
371 879 562 934 depromi
583 878 718 935 major
740 878 1081 933 gravissimorum
1102 877 1405 933 exemplorum,
1426 879 1542 935 quasi
1563 879 1701 920 incor-

274 944 496 990 ruptorum
519 935 854 976 testimoniorum
874 935 1042 989 potest?

332 993 465 1033 NON.
486 990 721 1044 Exorsmn.)
768 991 912 1046 Perge,
935 1005 1079 1046 quaeso
1098 1005 1108 1030 z
1137 1004 1212 1031 nec
1238 990 1349 1031 enim
1370 990 1563 1046 imperite
1582 1006 1702 1034 exor-

276 1062 347 1091 sus
369 1062 426 1088 es.

331 1104 464 1146 NON.
501 1104 775 1156 contendere.)
821 1104 986 1158 Magna
1019 1102 1145 1144 etiam
1177 1102 1307 1144 animi
1337 1104 1553 1147 contentio
1583 1105 1703 1147 adhi-

274 1160 413 1202 benda
432 1171 495 1202 est
515 1161 557 1201 in
577 1160 824 1216 explicando
845 1159 1092 1210 Aristotele,
1114 1160 1147 1201 si
1167 1159 1334 1215 legeris.

331 1218 462 1259 NON.
499 1218 687 1270 Comest.)
736 1218 789 1257 Se
822 1217 876 1257 ad
906 1226 1140 1257 extremum
1172 1216 1394 1271 pollicetur
1422 1217 1703 1272 prolaturum,

275 1288 371 1330 quae
392 1274 528 1329 seipsa
548 1282 724 1315 comest.
754 1273 870 1329 quod
890 1273 1016 1314 efficit
1034 1273 1349 1314 dialecticorum
1371 1275 1490 1315 ratio.

331 1331 464 1371 NON.
504 1330 667 1371 Relaa‘o.
697 1329 904 1382 Remitto.)
939 1331 1100 1371 Quaero
1120 1329 1247 1380 enim,
1269 1345 1353 1370 non
1384 1331 1535 1386 quibus
1566 1330 1703 1372 inten-

273 1385 373 1428 dam
395 1387 517 1428 rebus
537 1388 738 1436 animum,
759 1386 832 1427 sed
853 1386 1006 1442 quibus
1027 1386 1226 1435 relaxem,
1246 1395 1289 1426 et
1308 1387 1536 1428 remittam.

334 1444 483 1485 LAc‘r.
517 1441 545 1484 l.
573 1453 611 1484 3.
643 1458 675 1484 c.
704 1444 779 1494 15.)
828 1442 1011 1499 Quando
1047 1441 1291 1498 philosophi
1326 1457 1417 1484 esse
1451 1444 1701 1499 coeperunt?

273 1499 442 1551 Thales,
463 1509 511 1541 ut
532 1500 695 1555 opinor,
715 1499 888 1555 primus.
919 1513 1061 1539 recens
1083 1499 1172 1539 haee
1193 1499 1364 1553 quidem
1386 1509 1500 1540 zetas.

330 1556 389 1597 D.
410 1558 539 1598 Auo.
563 1556 632 1596 tib.
649 1565 687 1597 3.
711 1562 849 1596 contra
869 1555 1019 1603 Acad.)
1056 1554 1105 1595 Id
1135 1554 1246 1595 enim
1275 1565 1339 1596 est
1367 1556 1577 1611 sapientis,
1606 1570 1703 1612 pro·

275 1612 414 1654 videre
432 1630 441 1654 ε
471 1628 522 1654 ex
552 1627 636 1669 quo
659 1611 859 1667 sapientia
877 1620 940 1652 est
959 1611 1182 1666 appellata,
1203 1611 1436 1665 prudentia.

337 1670 590 1721 SERans.)
626 1667 820 1724 Epicurei
841 1667 979 1723 plures
998 1667 1144 1708 volunt
1164 1681 1253 1707 esse
1272 1668 1417 1708 coelos.

334 1726 467 1768 NON.
502 1726 663 1781 Utgeo.)
707 1725 856 1780 Itaque
886 1733 987 1765 tunc
1017 1723 1255 1764 Democriti
1283 1738 1433 1765 manus
1462 1724 1704 1780 urgebatur.

278 1792 343 1824 est
361 1782 472 1823 enim
496 1797 578 1823 non
602 1795 770 1836 magna.

336 1839 556 1880 SERVIUS
580 1838 622 1879 in
647 1848 680 1878 1.
697 1845 735 1878 et
753 1847 790 1878 2.
807 1836 993 1890 AEneid.)
1027 1838 1052 1863 *¹⁵
1073 1849 1230 1877 annum
1251 1850 1453 1892 magnum
1477 1851 1566 1878 esse
1585 1838 1706 1880 volu-

277 1903 402 1936 erunt
417 1895 614 1936 omnibus
635 1894 811 1948 planetis
832 1894 873 1934 in
895 1893 1075 1934 eundem
1092 1893 1401 1934 recurrentibus
1418 1893 1573 1945 locum,
1591 1895 1708 1951 quod

280 1952 327 1993 fit
347 1960 443 2004 post
464 1952 567 1992 XII.
588 1951 719 1992 millia
739 1959 976 2005 nongentos
997 1950 1302 2005 quinquaginta
1321 1958 1521 2005 quattuor
1539 1965 1684 1993 annos.

335 2008 393 2049 D.
413 2009 488 2049 Au
498 2022 542 2049 G.
565 2007 635 2048 lit.
659 2017 718 2048 12.
739 2017 825 2061 cop.
845 2015 883 2047 4.
909 2006 1039 2059 Trin.)
1081 2006 1200 2047 Beati
1224 2014 1336 2047 certe
1356 2020 1501 2048 omncs
1522 2021 1612 2049 esse
1633 2023 1707 2050 vo-

280 2063 438 2105 lumus.

334 2121 468 2162 NON.
496 2119 711 2175 Differre.)
745 2121 962 2176 Quantum
987 2118 1095 2160 inter
1115 2133 1158 2159 se
1179 2118 1372 2160 homines
1392 2119 1555 2172 studiis,
1574 2120 1705 2162 mori-

279 2176 374 2226 buS,
394 2186 436 2217 et
456 2178 571 2217 omni
593 2177 684 2216 vitae
707 2177 866 2217 ratione
887 2175 1091 2216 differant.

337 2235 460 2274 NON.
483 2233 793 2288 Praefractam.)
837 2233 951 2273 Huic
982 2232 1214 2274 contrarius
1243 2232 1389 2273 Aristo
1422 2231 1569 2283 Chius,
1597 2247 1704 2288 prae-

279 2289 450 2341 fractus,
473 2291 647 2340 ferreus,
669 2289 772 2329 nihil
794 2289 971 2340 bonum,
992 2289 1069 2330 nisi
1091 2290 1206 2346 quod
1227 2297 1387 2329 rectum
1416 2298 1457 2330 et
1481 2289 1705 2331 honestum

279 2355 357 2386 est.

336 2402 393 2453 D.
413 2402 542 2442 Ave..
566 2402 635 2443 tib.
656 2412 713 2443 13.
737 2412 824 2456 cap.
842 2413 878 2443 5.
904 2401 1034 2454 Trin.)
1069 2403 1179 2442 Ecce
1198 2410 1339 2442 autem
1358 2415 1440 2441 non
1464 2400 1706 2458 philosophi

278 2457 338 2498 illi
373 2458 560 2513 quidem,
596 2459 669 2499 sed
707 2459 863 2513 promti
896 2468 1037 2499 tamen
1072 2458 1126 2498 ad
1162 2458 1462 2512 disputandum
1498 2458 1705 2510 homines,

277 2528 426 2557 omnes
452 2515 569 2556 aiunt
599 2529 690 2561 esse
715 2516 876 2567 beatos,
897 2515 970 2569 qui
996 2515 1143 2564 vivant,
1164 2524 1210 2555 ut
1238 2514 1315 2569 ipsi
1337 2514 1476 2555 velint.
1536 2514 1705 2556 Falsum

277 2569 321 2611 id
339 2570 524 2627 quidem.
573 2567 696 2612 Velle
717 2571 844 2620 enim,
865 2570 979 2627 quod
1001 2585 1085 2611 non
1106 2570 1266 2621 deceat,
1289 2570 1330 2611 id
1356 2571 1494 2626 ipsum
1522 2571 1706 2619 miserri-

279 2642 399 2668 mum
432 2636 524 2668 est:
567 2642 643 2668 nec
671 2638 757 2668 tam
786 2627 984 2668 miserum
1017 2637 1093 2677 est,
1126 2642 1209 2668 non
1238 2626 1411 2683 adipisci
1442 2627 1556 2683 quod
1589 2627 1703 2678 velis,

278 2698 406 2739 quam
428 2683 601 2739 adipisci
622 2684 738 2734 velle,
761 2683 875 2738 quod
898 2698 982 2724 non
1003 2694 1208 2739 oporteat.

335 2741 486 2781 LAC‘r.
511 2739 580 2781 lib.
604 2750 635 2781 ι.
660 2750 747 2796 cap.
764 2742 820 2794 7.)
855 2740 898 2781 Si
918 2741 1035 2782 Deus
1056 2755 1163 2781 unus
1179 2749 1257 2793 est,
1275 2741 1367 2798 quis
1383 2740 1531 2783 beatus
1553 2753 1642 2781 csse
1662 2739 1703 2782 in

276 2796 504 2838 solitudine
526 2798 680 2853 queat?
1700 2798 1703 2801 ”
