1844 3202
316 117 394 161 376
683 117 742 154 M.
771 118 987 155 TULLII
1025 118 1360 157 CICERONIS

312 229 458 263 renus.
507 225 619 265 Nam
646 225 696 266 C.
715 225 927 266 Varenum
949 226 1195 278 occidendo,
1216 237 1258 268 et
1277 227 1454 269 Cnaeum
1475 230 1743 282 vulnerando,

310 289 354 320 et
374 279 577 321 Salarium
600 281 701 322 item
723 281 969 332 occidendo,
998 282 1125 323 cadit.

366 337 584 391 QUINCT.
618 338 644 378 l.
679 352 720 390 4.
751 353 783 378 c,
810 340 862 390 1.)
896 338 1005 378 Tum
1039 338 1089 378 C.
1112 340 1316 390 Varenus,
1347 340 1395 390 is,
1426 341 1497 396 qui
1528 357 1553 383 a
1581 342 1742 384 familia

308 392 577 501 Angliar3a11a
595 394 758 435 occisus
778 404 854 434 est.
919 395 1033 447 (Hoc
1055 409 1212 450 quaeso,
1230 396 1412 451 judices,
1434 397 1655 454 diligenter
1675 408 1739 441 at-

307 457 377 488 ten
410 458 480 489 lte.

362 506 580 560 QUINCT.
605 505 673 545 lib.
698 506 735 545 8.
760 514 847 558 cap.
864 518 905 559 3.
934 512 973 545 et
1008 506 1173 546 Plusc.
1194 506 1221 546 l.
1242 509 1300 561 3.)
1336 509 1384 548 L.
1406 509 1475 550 ille
1506 510 1736 565 Septimius

304 559 473 601 diceret.
495 561 647 601 etenim
671 570 732 601 est
759 561 811 601 ad
840 562 889 600 L.
914 560 1054 601 Crassi
1075 562 1358 617 eloquentiam
1377 566 1527 619 gravis',
1548 576 1591 608 et
1612 567 1736 608 vehe-

303 631 436 667 mens,
458 627 500 657 et
522 617 728 658 volubilis.
786 617 964 657 Erucius
985 617 1053 658 hic
1077 628 1230 669 noster,
1252 619 1521 662 Antoniaster
1542 631 1621 663 est.

361 673 523 714 Pmsc.
547 673 574 713 l.
600 675 680 725 12.)
716 675 777 713 Ea
805 672 941 713 caedes
973 673 1006 714 si
1033 674 1296 728 potissimum
1319 677 1482 718 crimini
1504 678 1640 730 datur,
1659 679 1734 720 de-

302 737 371 769 tur
390 730 442 780 ei,
463 729 558 785 cuja
578 729 779 780 interfuit,
803 744 883 770 non
907 731 959 780 ei,
980 731 1076 786 cuja
1097 731 1199 771 nihil
1221 731 1424 773 interfuit.

358 787 576 841 QUINCT.
606 786 633 826 l.
662 800 704 841 5.
734 801 766 826 c.
800 788 879 838 10.)
922 787 1052 841 Optio
1085 787 1199 828 vobis
1235 787 1371 837 datur,
1404 799 1543 830 utrum
1584 791 1731 841 velitis,

299 856 399 882 casu
429 842 502 882 illo
533 843 679 884 itinere
709 844 923 884 Varenum
954 857 1043 883 esse
1075 858 1211 894 usum,
1233 859 1284 885 an
1306 844 1430 901 hujus
1453 861 1670 902 persuasu,
1690 858 1732 889 et

298 897 487 939 inductu.

356 955 517 995 Pmsc.
541 954 569 994 l.
591 957 647 1007 7.)
673 956 813 995 Deum
837 955 975 996 fidem.

422 1032 558 1073 CUM
591 1033 887 1088 QUAESTOR
902 1034 975 1129 (321
986 1034 1197 1130 ΙᾹΞΒῘἘΟ
1230 1035 1600 1077 DECEDERET.

945 1100 1018 1130 rat.
1069 1092 1126 1131 II.

351 1158 596 1210 FRoxTo.)
631 1157 761 1213 Quod
792 1173 876 1198 non
907 1157 1139 1199 detrectare
1169 1158 1379 1211 militiam,
1412 1159 1483 1201 sed
1505 1159 1727 1202 defendere

292 1214 546 1270 provinciam
562 1213 753 1269 judicata
774 1224 851 1255 est.

966 1284 1043 1324 Pro

753 1351 797 1390 P.
829 1350 1000 1390 OPPIO
1033 1351 1150 1391 Orat.
1184 1350 1258 1390 IV.

344 1420 564 1475 QUINCT.
589 1418 617 1458 l.
637 1428 678 1472 5.
702 1433 733 1457 c.
760 1418 839 1469 10.)
880 1418 1032 1458 Utrum
1064 1432 1161 1458 cum
1195 1417 1368 1457 Cottam
1400 1416 1641 1472 appetisset,
1671 1431 1723 1458 an

289 1489 383 1515 cum
417 1475 505 1530 ipse
535 1489 626 1516 sese
655 1484 878 1515 conaretur
905 1473 1111 1524 occidere,
1142 1473 1272 1514 telum
1307 1473 1344 1513 ei
1372 1488 1395 1513 e
1420 1474 1614 1515 manibus
1635 1488 1726 1515 ere·-

319 1541 407 1571 tum
430 1541 494 1572 est
514 1533 525 1571 ?

287 1545 314 1586 p
343 1589 564 1643 QUINCT.
593 1586 708 1638 ibid.)
739 1587 858 1642 Quos
887 1587 1067 1627 educere
1095 1586 1245 1627 invitos
1274 1585 1317 1625 in
1348 1586 1605 1640 provinciam
1636 1601 1720 1627 non

285 1645 438 1698 potuit,
461 1658 533 1685 eos
552 1643 701 1683 invitos
723 1643 898 1683 retinere
919 1643 991 1699 qui
1010 1643 1151 1697 potuit
1171 1644 1184 1682 ?

390 1715 562 1741 UINCT.
587 1699 614 1739 l.
642 1713 705 1740 11.
725 1713 758 1739 c.
782 1701 834 1752 1.)
867 1700 929 1740 At
956 1700 1067 1740 enim
1095 1697 1317 1739 verisimile
1342 1712 1426 1738 non
1454 1707 1532 1748 est,
1555 1706 1720 1740 tantum

284 1757 420 1798 scelus
450 1758 516 1797 M.
552 1756 724 1797 Cottam
759 1770 849 1796 esse
879 1764 1183 1798 commentum.
1218 1754 1350 1809 quid?
1385 1755 1466 1795 hoc
1498 1754 1720 1796 verisimile

281 1822 360 1864 est,
382 1821 546 1854 tantum
568 1813 703 1854 scelus
724 1812 910 1867 Oppium
932 1827 1022 1853 esse
1042 1821 1241 1853 conatum
1262 1812 1275 1851 ?

339 1871 581 1922 FRONTo.)
606 1870 878 1925 Questusque
897 1883 1064 1909 mecum
1086 1877 1163 1909 est.

335 1927 605 1967 MARCELL.
631 1924 660 1965 l.
685 1927 772 1980 30.)
807 1925 972 1966 Etenim
1001 1925 1183 1966 multum
1213 1938 1337 1979 posse
1364 1924 1418 1964 ad
1446 1924 1621 1965 salutem
1654 1924 1716 1965 al-

280 1983 423 2032 terius,
455 1982 607 2023 honori
638 1981 812 2022 multis:
846 1996 993 2036 parum
1028 1982 1215 2036 potuisse
1247 1980 1300 2020 ad
1334 1980 1523 2031 exitium,
1556 1981 1715 2038 probro

282 2039 437 2080 nemini
460 2039 553 2080 fuit.

336 2097 556 2151 QUINCT.
581 2094 608 2135 l.
631 2108 670 2150 9.
692 2109 724 2135 ε.
749 2096 804 2147 2.)
836 2094 874 2135 O
897 2107 1082 2134 amorem
1115 2093 1294 2134 mirum:
1326 2107 1352 2133 o
1380 2092 1711 2134 benevolentiam

279 2151 551 2206 singularem.

960 2218 1040 2258 Pro

697 2284 747 2326 C.
780 2285 1054 2326 MANILIO
1086 2284 1204 2325 Orat.
1235 2285 1289 2325 V.

328 2364 533 2404 NONIUS
570 2362 781 2418 Confiteor)
818 2363 916 2403 Hoc
946 2376 1029 2418 ego
1057 2375 1142 2402 non
1168 2361 1307 2402 solum
1326 2360 1543 2412 confiteor,
1566 2375 1707 2403 verum

269 2419 397 2461 etiam
418 2419 631 2475 profiteor.

956 2497 1035 2536 Pro

651 2563 718 2604 M.
750 2562 1076 2605 FUNDANIO
1108 2560 1226 2603 Orat.
1248 2561 1325 2601 VI.

779 2641 906 2682 Deest
924 2639 1186 2695 principium.

325 2712 486 2752 Pmsc.
511 2709 538 2750 l.
558 2711 613 2763 7.)
635 2710 736 2750 Non
756 2708 886 2750 modo
908 2709 990 2751 hoc
1009 2723 1034 2749 a
1053 2707 1183 2749 Villio
1212 2708 1393 2758 Annale,
1419 2708 1492 2749 sed
1512 2708 1577 2750 vix
1608 2723 1698 2751 me-

268 2766 440 2809 hercule
459 2781 483 2807 a
503 2768 559 2823 Q.
579 2767 762 2807 Mutone
781 2766 939 2807 factum
962 2764 1131 2820 probari
1152 2773 1305 2820 potest.

324 2825 485 2866 Pmsc.
509 2823 536 2864 l.
559 2824 640 2876 16.)
663 2823 840 2864 Essetne
859 2822 917 2874 id,
938 2821 1052 2880 quod
1072 2821 1207 2863 Meno
1224 2821 1472 2864 nunciasset.
