1844 3202
603 105 1014 145 CONSOLATIO.
1444 112 1516 152 971

103 212 251 254 Nemo
287 213 477 254 videlicet
507 227 678 254 suorum
713 213 857 253 funera
890 212 1114 267 experitur,
1141 211 1209 252 cui
1242 226 1324 252 non
1358 211 1528 252 adversa

105 269 240 310 multa
257 278 379 310 antea
399 269 654 324 contigerint
672 286 681 310 :
713 270 770 310 ita
788 268 906 309 variis
928 267 1043 308 omni
1064 282 1115 308 ex
1145 275 1260 321 parte
1291 268 1526 308 incommo-

105 325 168 366 dis
209 325 392 366 humana
430 334 575 366 natura
612 324 892 366 concluditur.
933 338 1007 364 cur
1046 323 1175 378 igitur
1224 324 1428 377 graviora,
1468 323 1528 364 vel

104 390 217 422 certe
243 397 361 437 aeque
389 381 532 436 gravia
552 382 714 423 fortiter
746 396 904 436 passus,
925 394 1023 421 cum
1056 380 1234 420 maxime
1267 379 1529 429 occalluisse,

105 447 147 478 et
177 437 228 477 ad
259 437 447 478 dolorem
474 452 627 478 novum
656 437 905 478 obduruisse
937 436 1121 486 deberet,
1151 435 1408 490 despondeat
1440 435 1529 475 ani-

106 508 239 543 mum,
277 508 405 549 seque
444 495 614 534 moerori
655 494 820 534 tradat?
869 493 983 548 quod
1020 493 1145 533 etiam
1185 491 1388 548 injustum
1425 506 1530 541 esse,

104 549 248 604 paullo
269 558 364 590 ante
392 549 649 590 dicebamus.
680 560 826 591 natura
853 550 963 589 enim
994 563 1162 589 usuram
1190 547 1309 588 nobis
1332 547 1423 587 vitae
1456 547 1529 587 de-

106 604 184 654 dit,
215 615 429 660 tamquam
471 607 673 660 pecuniae,
706 606 819 647 nulla
848 605 1051 661 praefinita
1089 604 1170 645 die.
1201 603 1314 659 quod
1355 604 1402 653 si,
1433 616 1531 643 cum

104 660 223 711 libet,
255 675 329 702 sua
361 663 525 717 repetit,
546 677 592 702 ea
619 662 859 703 conditione
887 660 1172 710 commodata,
1203 669 1249 701 ut
1276 658 1534 700 restituenda

105 717 202 766 sint,
223 732 298 758 cur
319 720 567 759 accusatur?
601 728 686 769 aut,
707 733 782 759 cur
802 733 883 758 non
906 718 1047 772 potius
1069 726 1229 758 naturae
1249 716 1406 771 gratias
1426 715 1534 770 agis,

107 772 239 829 quod,
267 788 365 814 cum
392 775 515 815 citius
550 775 769 830 potuisset,
799 774 956 814 tardius
987 773 1212 828 repetierit,
1242 787 1383 828 quam,
1419 770 1534 827 quod

107 829 332 885 aliquando
363 831 589 886 repetierit,
611 831 767 887 injusta
792 830 961 886 querela
989 829 1247 885 insequeris?
1281 837 1439 869 certum
1471 836 1535 868 est

105 886 233 936 enim,
266 901 348 927 non
382 887 599 928 habitandi
628 887 785 937 locum,
817 886 889 927 sed
922 885 1214 927 commorandi
1245 884 1534 934 diversorium,

108 942 230 983 nobis
258 956 347 984 esse
372 957 647 984 concessum:
680 957 702 983 e
730 958 814 999 quo
841 957 937 984 cum
966 943 1211 997 migramus,
1232 941 1402 991 alacres,
1424 950 1533 981 tam-

108 1013 234 1054 quam
267 1012 316 1039 ex
355 999 539 1054 hospitio
570 999 847 1049 miseriarum,
877 1008 1004 1054 atque
1034 998 1403 1039 incommodorum
1444 997 1535 1052 ple-

109 1055 294 1105 nissimo,
316 1056 460 1110 egredi
481 1055 698 1106 debemus,
718 1070 766 1097 ac
787 1055 1004 1096 laetissimo
1024 1055 1166 1095 animo
1188 1054 1240 1094 ad
1269 1054 1453 1095 futuram
1477 1053 1536 1093 vi-

109 1119 211 1161 tam,
240 1120 456 1166 tamquam
484 1111 536 1152 ad
573 1113 765 1166 patriam,
795 1111 971 1152 evolare.
1002 1110 1116 1166 quod
1143 1111 1348 1165 sapientes
1378 1124 1419 1150 re
1448 1110 1537 1164 ipsa

108 1167 351 1222 praestitisse
385 1177 683 1209 memorantur.
722 1168 913 1224 profecto
947 1167 1074 1216 enim,
1104 1167 1137 1207 si
1170 1166 1269 1222 quid
1309 1175 1385 1216 est,
1421 1165 1538 1220 quod

110 1223 335 1264 morientes
365 1224 597 1279 perturbet,
626 1232 698 1265 aut
727 1224 997 1265 morientium
1028 1223 1167 1264 affines
1198 1223 1351 1264 habeat
1381 1222 1537 1263 sollici-

112 1288 192 1330 tOS,
224 1279 266 1320 id
295 1288 434 1321 totum
463 1289 536 1322 aut
563 1295 612 1320 ex
633 1280 736 1321 falsa
754 1280 935 1335 quadam
957 1279 1154 1334 opinione
1175 1280 1320 1329 oritur,
1341 1277 1455 1334 quod
1477 1278 1537 1318 vi-

112 1345 166 1375 tae
188 1334 312 1391 hujus
345 1351 467 1377 usum
501 1336 623 1377 nimis
652 1337 813 1384 utilem,
835 1351 882 1377 ac
907 1335 1146 1392 jucundum
1172 1335 1435 1386 arbitremur,
1464 1344 1539 1375 aut

111 1405 161 1431 ex
183 1391 314 1432 nimio
343 1392 384 1433 in
414 1393 692 1448 nosmetipsos
721 1407 880 1442 amore,
910 1392 1165 1446 caritateque
1194 1391 1395 1446 provenit.
1454 1390 1539 1432 Sed

111 1447 352 1502 opinionem
388 1448 518 1500 illam,
551 1463 677 1504 quam
707 1449 886 1489 rationes
912 1448 1016 1489 adeo
1048 1448 1176 1488 firmae
1205 1447 1460 1498 convellunt,
1487 1446 1538 1487 li-

109 1504 257 1545 benter
285 1504 493 1560 deponere
523 1505 755 1546 debemus:
787 1506 839 1545 ab
871 1504 952 1545 hoc
973 1518 1068 1544 vero
1095 1517 1237 1544 amore
1263 1503 1393 1544 nimio
1420 1512 1538 1544 tanto

112 1559 312 1601 libentius
350 1560 588 1611 abhorrere,
624 1570 781 1617 quanto
820 1560 1079 1601 indecentius
1118 1568 1195 1610 est,
1230 1560 1323 1600 vitae
1363 1573 1538 1601 munere

112 1616 354 1671 perfunctos
372 1617 477 1658 velle
498 1617 625 1658 etiam
647 1618 689 1658 in
710 1618 805 1667 vita,
832 1617 910 1657 diis
935 1616 1085 1667 invitis,
1114 1616 1390 1656 commorari:
1422 1630 1541 1657 com-

112 1687 368 1728 munemque
397 1674 602 1722 onmium,
630 1674 703 1729 qui
730 1683 825 1713 ante
858 1688 933 1714 nos
961 1687 984 1713 e
1004 1672 1087 1713 vita
1117 1672 1408 1722 discesserunt,
1435 1686 1539 1712 con-

115 1727 320 1770 ditionem
338 1744 547 1770 recusare:
571 1730 758 1780 demum,
780 1737 896 1769 tanta
917 1742 1007 1769 esse
1030 1728 1220 1778 mollitie,
1238 1736 1437 1783 tantaque
1458 1728 1539 1769 im-

112 1784 329 1839 pudentia,
350 1794 398 1827 ut
418 1801 469 1826 ne
490 1787 531 1827 in
554 1796 690 1826 morte
718 1785 888 1841 quidem
917 1784 1225 1835 confirmemur,
1248 1799 1296 1825 ac
1322 1785 1538 1840 resipisca-

113 1855 223 1882 mus.
282 1841 413 1884 Quod
440 1843 474 1883 si
506 1851 742 1883 nostrorum
774 1851 952 1882 mortem
979 1841 1185 1891 dolemus,
1205 1841 1443 1895 cogitemus
1463 1841 1541 1881 ali·

115 1897 298 1953 quando,
330 1898 593 1939 moriendum
627 1898 723 1954 ipsis
755 1899 909 1938 fuisse:
955 1906 1134 1938 mortem
1167 1905 1307 1936 autem
1338 1897 1539 1938 incertam

114 1967 218 2005 esse,
239 1969 314 1995 nec
342 1955 384 1996 in
408 1955 590 1996 hominis
616 1954 787 1995 arbitrio
812 1955 1009 2009 positam,
1039 1952 1110 1993 sed
1141 1967 1164 1993 e
1196 1952 1372 1993 deorum
1394 1953 1541 1994 volun·

116 2018 200 2051 tate
229 2010 410 2066 pendere
428 2028 436 2053 :
469 2025 574 2066 quos
596 2026 692 2052 vero
721 2011 933 2065 lugemus,
953 2024 1025 2051 eos
1045 2023 1215 2064 quoque
1234 2023 1405 2049 suorum
1426 2024 1540 2051 mor-

117 2074 202 2107 tem
221 2066 381 2117 vidisse,
403 2068 688 2123 patienterque
709 2067 880 2108 tulisse:
911 2066 1090 2121 ideoque
1110 2079 1186 2106 suo
1210 2065 1417 2120 exemplo,
1439 2065 1542 2121 quid

118 2136 193 2163 nos
215 2123 351 2165 facere
371 2124 510 2175 velint,
532 2123 757 2179 praecipere
776 2141 785 2165 ι
817 2123 1012 2179 denique,
1035 2121 1077 2162 id
1097 2121 1213 2178 quod
1238 2121 1290 2162 ad
1317 2122 1541 2163 consolan-

116 2176 218 2220 dum
251 2180 497 2231 maximum,
521 2195 569 2221 ac
599 2180 883 2221 firmissimum
912 2188 988 2229 est,
1018 2193 1100 2219 non
1127 2193 1198 2218 eos
1226 2178 1345 2218 nobis
1375 2178 1541 2233 penitus

116 2244 283 2291 ereptos
303 2251 406 2288 esse,
427 2252 504 2278 nec
524 2251 693 2292 prorsus
714 2237 902 2287 amissos,
923 2236 993 2276 sed
1021 2234 1073 2275 ad
1102 2234 1352 2290 praefinitum
1375 2243 1542 2290 tempus

118 2308 144 2334 a
180 2293 331 2335 nostris
369 2294 518 2344 oculis,
555 2303 781 2348 nostraque
816 2290 1117 2333 consuetudine
1152 2299 1351 2331 remotos.
1387 2291 1541 2347 itaque,

119 2364 219 2391 cum
249 2350 303 2391 ad
332 2365 427 2392 eum
450 2350 543 2392 vitae
574 2350 815 2399 terminum,
837 2363 960 2404 quem
994 2357 1140 2389 natura
1168 2347 1434 2402 praescripsit,
1465 2362 1542 2389 nos

119 2420 290 2462 quoque
322 2407 644 2462 pervenerimus,
681 2406 822 2446 statim
857 2419 1002 2446 eorum
1035 2403 1380 2445 consuetudinem
1415 2418 1540 2460 regu-

120 2463 340 2513 stabimUS,
369 2471 412 2504 et
439 2463 491 2504 ad
523 2462 805 2503 suavissimam
834 2461 894 2501 vel
926 2459 1288 2509 consuetudinem,
1309 2460 1371 2500 vel
1400 2460 1540 2501 convi-

120 2528 238 2561 ctum
258 2518 499 2560 redibimus.
556 2519 746 2560 Mortem
766 2518 849 2559 suis
871 2518 1077 2566 acerbam,
1099 2530 1366 2571 amaramque
1386 2516 1428 2559 in
1449 2530 1542 2557 mo-

121 2575 268 2618 riendo
287 2589 392 2626 esse,
413 2575 602 2616 nonnulli
629 2575 881 2624 existimant,
902 2583 1025 2629 atque
1054 2573 1150 2614 ideo
1177 2573 1351 2613 fortasse
1380 2581 1543 2627 pertur—

122 2634 291 2684 bantur,
312 2631 428 2688 quod
457 2646 524 2672 me
551 2631 736 2687 quidem,
766 2630 940 2671 sublatis
968 2629 1227 2685 gravioribus
1255 2627 1423 2668 dolendi
1443 2643 1544 2670 cau-

124 2690 194 2741 sis,
224 2703 327 2744 quas
350 2687 453 2744 jam«
473 2688 676 2742 superiori
705 2687 988 2742 disputatione
1017 2685 1250 2741 rejecimuS,
1272 2684 1443 2724 minime
1471 2698 1546 2724 an-

123 2745 202 2801 git.
232 2745 321 2801 ipse
352 2744 461 2785 enim
492 2743 698 2785 discessus
714 2744 843 2785 animi
870 2757 894 2783 a
917 2756 1092 2798 corpore
1112 2741 1174 2781 vel
1203 2754 1300 2781 cum
1331 2740 1462 2790 nullo,
1482 2740 1546 2784 vel

125 2810 236 2843 certe
264 2815 362 2843 cum
393 2800 563 2842 modico
593 2800 738 2843 dolore
768 2800 828 2851 fit,
849 2808 892 2841 et
915 2798 1125 2842 interdum
1151 2797 1237 2840 sine
1258 2811 1409 2839 sensu:
1440 2810 1546 2839 non-
