1844 3202
542 128 718 166 LIBER
760 126 1093 165 SECUNDUS.
1450 122 1525 160 64³

98 236 307 293 majorum
346 235 483 277 multa
510 235 698 291 vestigia.
759 233 877 277 Quid
907 233 1058 289 plura?
1091 231 1200 272 hanc
1229 230 1342 271 vides
1370 230 1526 282 villam,

100 302 149 334 ut
171 307 281 333 nunc
306 291 473 349 quidem
503 301 581 342 est,
606 291 761 332 9latius
784 290 1029 331 aedificatam
1057 287 1186 344 patris
1207 287 1338 327 nostri
1359 287 1526 328 studio:

100 347 173 404 qui
193 363 289 389 cum
311 357 421 389 esset
443 347 606 388 infirma
625 347 866 397 valitudine,
888 346 955 387 hic
976 346 1061 386 fere
1083 354 1251 385 aetatem
1273 343 1361 397 egit
1387 343 1437 405 in·
1458 343 1527 384 lit-

100 404 217 446 teris.
248 405 320 446 sed
357 403 438 444 hoc
469 404 560 460 ipso
590 405 632 445 in
669 404 779 453 loco,
809 418 907 444 cum
944 417 1042 443 avus
1072 401 1239 450 viveret,
1276 408 1318 439 et
1356 407 1529 462 antiquo

100 473 217 514 more
246 475 370 516 parva
396 471 504 501 esset
528 460 637 510 villa,
666 469 711 502 ut
736 459 807 501 illa
828 459 1012 500 Curiana
1040 458 1082 498 in
1116 455 1296 519 Sabinis,
1325 470 1392 519 me
1423 465 1529 495 smto

100 531 190 558 esse
217 526 375 557 natum.
435 518 578 559 Quare
604 518 711 558 inest
738 516 881 557 nescio
914 515 1030 571 quid,
1051 522 1094 554 et
1119 513 1222 554 latet
1251 528 1292 552 1n
1318 526 1460 552 annno
1482 525 1530 575 ac

99 587 225 614 sensu
245 587 355 624 meo,
379 581 417 605 10
432 588 516 629 quo
535 588 603 613 me
623 573 717 628 plus
738 573 806 614 hic
828 573 945 613 locus
967 572 1142 612 fortasse
1165 568 1367 610 delectet:
1400 568 1530 631 siqui-

101 629 199 670 dem
231 629 357 670 etiam
392 630 464 670 ille
491 629 819 684 sapientissimus
848 628 920 678 vir,
954 627 1142 668 Ithacam
1175 635 1222 666 ut
1247 625 1418 675 videret,
1447 639 1529 664 irn-

100 685 400 727 mortalitatem
423 686 618 727 scribitur
638 686 889 741 repudiasse.
948 685 1042 725 Att.
1062 685 1157 738 Ego
1178 696 1274 723 vero
1299 682 1375 723 tibi
1404 681 1524 722 istam
1541 680 1572 727 2

92 741 254 797 justam
286 757 454 783 causam
486 752 607 797 puto,
640 757 714 783 cur
745 741 828 783 huc
858 741 1058 782 libentius
1079 739 1230 789 venias,
1259 747 1385 794 atque
1416 737 1568 785 hunc4

100 797 244 839 locum
264 798 430 855 diligas.
490 799 605 840 Quin
627 799 729 854 ipse,
751 813 843 840 vere
863 798 1015 847 dicam,
1037 812 1129 838 sum
1152 795 1211 837 illi
1232 795 1337 836 villae
1357 795 1533 835 amicior

100 854 232 895 modo
253 855 404 906 factus,
424 863 550 911 atque
571 855 670 896 huic
691 855 806 896 omni
831 855 937 906 solo,
958 854 1000 894 in
1029 868 1113 909 quo
1143 861 1190 894 tu
1216 861 1332 893 ortus
1363 861 1406 892 et
1435 866 1533 906 pro-

101 920 266 952 creatus
295 925 352 952 eS.
384 926 603 953 movemur
629 912 739 952 enim
771 912 911 952 nescio
945 925 1030 966 quo
1061 919 1186 965 pacto
1214 909 1317 950 locis
1349 909 1463 963 ipsis,
1494 908 1536 949 in

101 967 256 1023 quibus
276 982 437 1019 eorum,
459 982 564 1024 quos
591 968 821 1023 diligimus,
842 977 915 1010 aut
945 967 1215 1016 admiramur,
1238 966 1390 1006 adsunt
1411 965 1536 1005 vesti-

105 1023 189 1079 gia.
211 1039 279 1065 me
300 1024 472 1080 quidem
495 1025 594 1079 ipsae
616 1025 698 1065 illae
721 1035 874 1066 nostrae
896 1024 1079 1065 Athenae
1108 1038 1189 1064 non
1221 1032 1308 1063 tam
1338 1021 1535 1078 operibus

104 1080 352 1135 magnificis,
371 1081 669 1138 exquisitisque
689 1082 958 1138 antiquorum
981 1080 1139 1121 artibus
1161 1079 1386 1130 delectant,
1408 1093 1532 1134 quam

104 1136 394 1183 recordatione
421 1152 682 1179 summorum
704 1139 901 1188 virorum,
922 1137 992 1178 ubi
1017 1136 1195 1192 quisque
1228 1136 1432 1186 babitare,
1464 1134 1537 1176 ubi

104 1192 263 1243 sedere,
297 1194 369 1234 ubi
404 1193 617 1249 disputare
643 1194 697 1235 sit
725 1194 901 1234 solitus:
935 1192 1205 1248 studioseque
1233 1206 1379 1233 eorum
1408 1191 1536 1232 etiam

104 1249 295 1304 sepulcra
313 1249 593 1305 contemplor.
613 1264 742 1304 quare
760 1250 902 1300 istum,
922 1249 996 1290 ubi
1017 1258 1064 1290 tu
1085 1264 1128 1290 es
1151 1258 1286 1299 natUS,
1305 1248 1399 1304 plus
1421 1263 1537 1289 arna-

105 1305 162 1346 bo
190 1305 366 1360 posthac
397 1305 556 1347 locum.
615 1307 680 1347 M.
705 1306 883 1347 Gaudeo
910 1306 1056 1361 igitur,
1078 1320 1146 1346 me
1175 1305 1430 1347 incunabula
1450 1319 1536 1360 pae-

105 1376 158 1402 ne
178 1376 274 1403 mea
292 1363 370 1403 tibi
390 1363 636 1404 ostendisse.
694 1363 788 1404 Att.
817 1363 1026 1419 Equidem
1052 1376 1120 1403 me
1146 1377 1356 1417 cognosse
1385 1362 1571 1405 admo-5

104 1417 206 1474 dum
227 1419 410 1473 gaudeo.
469 1419 552 1460 Sed
582 1419 687 1460 illud
715 1428 855 1460 tamen
886 1419 1009 1475 quale
1030 1427 1107 1469 est,
1129 1419 1244 1475 quod
1275 1418 1417 1475 paullo
1439 1429 1537 1460 ante

105 1474 246 1516 dixisti
261 1491 273 1526 3
304 1475 416 1517 hunc
438 1475 582 1517 locum
609 1476 735 1529 (idem
766 1491 848 1532 ego
881 1485 922 1517 te
950 1475 1112 1531 accipio
1143 1476 1281 1516 dicere
1302 1475 1531 1530 Arpinum)
1547 1484 1577 1513 Ρ·
1595 1478 1663 1509 170,

103 1544 352 1586 germanam
370 1532 548 1588 patriam
570 1547 659 1574 esse
679 1534 887 1574 vestram?
920 1531 1126 1588 numquid
1152 1533 1255 1574 duas
1277 1532 1440 1573 habetis
1461 1547 1536 1588 pa·
1547 1526 1575 1549 ³·

106 1588 204 1628 trias
222 1589 236 1628 ?
272 1597 306 1620 11
325 1603 377 1629 an
395 1597 458 1630 est
479 1589 550 1630 illa
570 1605 655 1630 una
674 1590 808 1645 patria
828 1590 1066 1630 communis
1086 1590 1098 1629 Ρ
1133 1590 1210 1630 nisi
1233 1590 1342 1630 forte
1364 1589 1539 1645 sapienti

106 1643 164 1684 illi
196 1643 351 1686 Catoni
380 1646 459 1686 fuit
489 1646 623 1700 patria
652 1661 734 1687 non
766 1647 916 1696 Roma,
937 1646 1010 1687 sed
1039 1647 1287 1687 Tusculum.
1347 1646 1413 1686 M.
1444 1648 1540 1702 Ego

107 1715 177 1742 me
206 1701 376 1743 hercule
405 1712 448 1743 et
476 1702 552 1753 illi,
575 1711 616 1743 et
646 1703 842 1744 omnibus
873 1703 1155 1757 municipibus
1187 1702 1290 1744 duas
1321 1718 1412 1744 esse
1442 1717 1540 1744 cen-

81 1779 87 1782 ·
109 1771 182 1797 seo
207 1758 360 1812 patrias
380 1775 389 1799 :
421 1773 547 1799 unam
577 1769 763 1800 naturae:
794 1759 984 1808 alteram,
1006 1760 1182 1801 civitatis
1204 1776 1213 1800 ε
1244 1770 1292 1800 ut
1321 1760 1391 1800 ille
1413 1759 1540 1811 Cato,

109 1827 208 1854 cum
238 1823 348 1855 esset
375 1815 550 1856 Tusculi
584 1823 719 1866 natus,
749 1815 791 1856 in
821 1816 968 1870 populi
999 1817 1177 1857 Romani
1208 1816 1417 1857 civitatem
1449 1832 1541 1857 sus-

108 1877 258 1925 ceptus
288 1880 364 1912 est.
394 1871 551 1927 itaque,
573 1886 669 1912 cum
700 1881 796 1912 ortu
822 1872 1086 1913 Tusculanus
1117 1882 1240 1922 esset,
1260 1873 1425 1914 civitate
1456 1874 1542 1914 Ro-

108 1941 273 1977 manuS,
304 1926 454 1968 habuit
482 1927 654 1969 alteram
687 1928 769 1969 loci
801 1929 992 1983 patriam,
1022 1929 1195 1970 alteram
1221 1930 1357 1985 juris:
1394 1938 1443 1970 ut
1471 1945 1541 1970 ve-

109 1982 185 2024 stri
212 1983 362 2035 Attici,
389 1992 426 2015 12
442 1994 666 2040 postquam
692 1985 880 2025 Theseus
913 1993 948 2017 1³
965 1999 1037 2026 eos
1068 1985 1303 2041 demigrare
1333 2001 1383 2026 ex
1414 1986 1541 2041 agris,

110 2046 154 2081 et
177 2039 220 2080 in
251 2049 360 2091 astu,
388 2042 510 2096 quod*
533 2041 781 2096 appellatur,
811 2056 958 2083 omnes
989 2057 1033 2083 se
1063 2043 1254 2083 conferre
1279 2043 1419 2098 jussit,
1444 2052 1481 2074 14
1500 2052 1542 2084 et

108 2095 230 2137 >Sunii
249 2105 367 2137 erant
385 2097 510 2138 iidem
533 2108 577 2139 et
596 2097 759 2139 Attici:
792 2098 851 2139 sic
880 2113 956 2140 nos
985 2107 1028 2140 et
1055 2108 1090 2131 1⁵
1107 2113 1201 2140 earn
1229 2100 1407 2155 patriam
1437 2100 1540 2142 dici-

110 2220 216 2260 Vulgo
231 2221 334 2251 editur
345 2232 426 2261 gens,
443 2228 479 2252 ut
494 2229 525 2253 et
539 2223 603 2254 Ms.
621 2223 728 2254 Guelf.
749 2225 806 2254 ha-

111 2262 175 2294 bet.
190 2264 244 2293 sed
260 2263 339 2294 illud
355 2264 480 2296 me'lius.

155 2313 174 2339 9
197 2305 286 2335 latius
310 2307 407 2346 aedif.]
438 2308 490 2338 Sic
515 2318 570 2348 pro
594 2307 702 2338 lautius
727 2319 805 2340 cum

110 2348 241 2380 Davisio
263 2350 409 2380 dedimus
425 2361 442 2380 e
466 2351 544 2381 Mss-
565 2352 757 2390 quibusdam
776 2360 806 2383 et

112 2391 162 2421 ed.
185 2392 265 2422 Ven.
291 2398 382 2427 1471.
406 2400 436 2423 et
465 2394 510 2424 sic
539 2394 711 2433 legendum
741 2406 808 2427 esse

105 2433 179 2473 jam
199 2435 277 2464 vidit
296 2436 476 2467 Turnebus.
500 2447 577 2467 nam
600 2445 672 2468 ante
694 2439 809 2469 dicitur

112 2477 184 2507 haec
209 2477 284 2507 villa
310 2479 404 2508 fuisse
422 2485 536 2518 par-va,
565 2487 595 2510 et
620 2480 722 2511 lautas
748 2491 808 2519 res,

110 2529 192 2558 quas
211 2526 284 2550 ante
298 2521 422 2552 Atticus
445 2523 654 2560 memorabat,
670 2534 735 2554 non
759 2525 809 2554 fu-

113 2562 174 2593 isse
189 2563 221 2593 in
238 2563 397 2594 Ciceronis
412 2565 499 2603 villa,
516 2576 556 2596 ex
574 2567 641 2606 ipsa
661 2566 716 2597 illa
731 2568 810 2598 Atti-

112 2605 144 2635 ci
157 2605 297 2636 oratione
313 2612 407 2645 patet.

160 2655 198 2679 10
221 2660 275 2690 quo
291 2648 412 2687 meplus
427 2649 473 2680 hic
489 2649 555 2690 I.f.
577 2649 625 2690 d.]
651 2651 702 2682 Sc.
725 2651 809 2692 plus,

114 2699 214 2730 quam
228 2691 315 2722 villae
330 2693 448 2731 species
463 2700 494 2723 et
509 2694 585 2723 ratio
601 2694 688 2724 ferat.

161 2740 196 2762 11
221 2745 260 2763 an
274 2741 315 2763 cst
330 2746 387 2763 una
406 2734 460 2763 illa
476 2735 548 2774 &c.]
567 2736 619 2766 Sic
635 2737 731 2770 habet
746 2737 811 2767 MS.

116 2774 226 2806 Guelf.
241 2783 272 2806 et
286 2777 337 2806 alii
354 2778 438 2817 apud
452 2778 634 2816 Davisium‚
649 2780 723 2810 item
741 2781 811 2810 edd.

116 2827 164 2857 pr.
189 2819 340 2850 Gruterus
361 2830 401 2850 ex
422 2821 485 2850 Ms.
507 2820 538 2850 S.
556 2822 689 2853 Victoris
713 2830 743 2852 et
763 2824 812 2853 ed.

113 2861 146 2892 Τ
148 2871 218 2892 urn.
244 2863 328 2892 dedit
356 2873 442 2901 anne,
469 2864 553 2903 quod
579 2865 676 2895 etiam
703 2865 810 2896 minus

848 2226 1007 2255 convenit.
1024 2236 1098 2254 anne
1112 2232 1219 2256 ortum
1234 2226 1357 2256 videtur
1378 2235 1417 2256 ex
1439 2237 1542 2264 annon,

847 2269 933 2307 quod
949 2268 1085 2299 latinitas
1101 2269 1248 2307 postulat.

894 2317 931 2342 12
951 2310 1119 2352 postquam]
1149 2312 1200 2342 Sic
1226 2321 1282 2351 pro
1299 2312 1429 2352 vulgato
1445 2312 1544 2351 prius-

848 2365 935 2395 quam
959 2355 1053 2392 edidi,
1077 2365 1172 2385 sensu
1194 2355 1341 2394 jubente,
1365 2362 1401 2385 ut
1424 2362 1455 2385 et
1477 2354 1544 2385 aliis

850 2396 981 2436 placuit.

898 2446 932 2469 13
958 2451 999 2469 eos
1021 2438 1197 2480 demigrare]
1223 2440 1274 2471 Sic
1296 2441 1415 2472 correxi
1437 2441 1548 2480 vulga-

851 2488 922 2512 tum
939 2483 1045 2512 eosdem
1065 2484 1204 2522 migrare,
1221 2490 1257 2514 ut
1277 2484 1406 2515 voluere
1430 2484 1547 2514 Manu-

852 2525 913 2554 tius
930 2532 960 2555 et
976 2525 1039 2556 alii.
1055 2526 1160 2556 eosdem
1176 2527 1321 2566 ineptum
1341 2534 1394 2557 cst.
1413 2536 1546 2566 quemn<

853 2568 893 2597 do
908 2569 1022 2598 vitium
1039 2576 1145 2599 ortum
1162 2571 1214 2606 sit,
1232 2571 1263 2599 in
1280 2578 1407 2609 promtu
1423 2576 1478 2600 est.

899 2618 937 2641 14
961 2618 989 2640 et
1008 2611 1107 2651 Sunii]
1134 2613 1184 2642 Sic
1208 2614 1328 2652 primus
1351 2613 1445 2642 edidit
1466 2612 1547 2643 Tur-

853 2654 966 2684 nebus.
1012 2655 1091 2685 Mss.
1115 2662 1145 2685 et
1168 2656 1237 2685 edd.
1266 2665 1312 2695 pr.
1344 2655 1463 2685 habent
1485 2655 1548 2684 fere

854 2696 1067 2737 Symphratides
1092 2705 1149 2728 aut
1172 2698 1374 2738 Symphrades.
1421 2698 1451 2727 Si
1483 2707 1549 2730 non

855 2740 960 2769 dixere
983 2739 1071 2771 latini
1096 2741 1214 2778 Sunius,
1232 2742 1355 2770 videtur
1377 2740 1549 2779 legendum

855 2781 942 2811 Sunii
957 2782 1046 2813 cives.

902 2832 938 2855 15
963 2836 1026 2854 eam
1044 2826 1175 2864 patriam
1198 2824 1333 2864 dicimus]
1357 2825 1476 2855 dicimus
1494 2836 1550 2866 pro

854 2866 983 2897 ducimus
998 2869 1078 2899 edidi
1095 2878 1113 2899 e
1128 2868 1192 2898 Ms.
1209 2868 1318 2898 Guelf.
1332 2875 1363 2898 et
1378 2870 1448 2899 edd.
1462 2879 1509 2909 pr.

848 2921 878 2948 Τ
901 2917 919 2949 t
935 2921 965 2960 4
