1844 3202
570 99 754 138 LIBER
792 98 1034 138 PRIMUS.
1448 101 1522 147 637

91 208 322 266 desperatis
339 206 635 250 emolumentis
655 215 697 247 et
719 206 938 247 fructibus.
955 220 1045 262 quo
1064 205 1165 261 quid
1183 215 1322 261 potest
1340 208 1421 250 dici
1443 208 1522 249 im-

91 266 255 308 manius
276 267 290 306 ?
322 264 452 322 Quod
482 264 515 304 si
545 263 729 304 amicitia
750 277 824 318 per
853 276 896 303 se
923 262 1100 303 colenda
1118 272 1196 313 est,
1217 264 1393 305 societas
1415 280 1521 320 quo·

121 336 171 363 ue
204 321 441 372 hominum,
474 330 516 361 et
553 319 783 375 aequalitas,
817 328 860 360 et
885 319 1064 374 justitia,
1099 332 1173 373 per
1198 333 1242 358 se
1274 322 1519 374 expetenda.

87 337 220 420 guod
251 378 292 418 ni
322 379 380 419 ita
409 386 487 428 est,
509 376 682 418 omnino
707 375 874 432 justitia
903 374 1018 415 nulla
1041 384 1117 416 est.
1138 374 1180 415 id
1201 375 1310 416 enim
1334 376 1517 432 injustis·
1531 388 1582 419 50

85 433 241 475 simum
272 434 411 490 ipsum
440 441 518 483 est,
543 432 720 488 justitiae
751 431 984 472 mercedem
1017 445 1217 486 quaerere.
1276 431 1394 474 Quid
1421 448 1516 474 vero
1537 441 1601 495 19

86 486 139 530 de
163 489 384 540 modestia,
404 489 505 546 quid
535 489 588 530 de
616 488 906 544 temperantia,
928 487 1029 543 quid
1051 488 1102 528 de
1123 488 1394 539 continentia,
1415 491 1516 545 quid

82 545 136 587 de
173 546 434 597 verecundia,
473 545 648 602 pudore,
689 543 972 600 pudicitiaque
1011 544 1231 585 dicemus?
1279 545 1516 587 infamiaene

83 610 201 644 metu
226 617 310 643 non
338 617 428 644 esse
454 602 718 658 petulantes:
749 615 800 641 an
833 601 977 656 legum
999 610 1039 641 et
1058 600 1349 657 judiciorum?
1384 603 1513 643 Inno-

82 668 225 700 centes
253 673 372 715 ergo,
392 669 437 700 et
463 657 683 699 verecundi
706 666 816 708 sunt,
836 669 885 697 ut
905 657 1012 698 bene
1033 657 1217 708 audiant,
1238 668 1280 698 et
1300 667 1346 699 ut
1368 673 1512 700 rumo-

81 728 168 755 rem
189 716 348 756 bonum
371 715 604 771 colligant?
637 714 899 755 Erubescunt
916 713 1059 768 pudici
1080 714 1205 755 etiam
1227 714 1342 770 loqui
1363 715 1414 756 de
1434 730 1514 771 pu-

79 770 235 813 dicitia.
255 786 304 813 ac
326 787 394 813 me
415 772 537 813 nimis
568 771 744 811 istorum
765 769 1115 825 philosophorum
1152 770 1296 825 pudet,
1318 772 1389 827 qui
1417 772 1512 813 nul-

78 828 167 868 lum
192 828 338 870 vitium
361 829 503 879 vitare,
525 827 603 868 nisi
622 826 786 883 judicio
816 826 909 881 ipso
942 836 1151 877 notatum,
1172 836 1334 882 putant.
1392 829 1508 872 Quid
1523 838 1567 869 51

77 884 220 925 enim?
252 899 478 940 possumus
506 899 593 934 eos„
614 883 685 939 qui
713 897 738 923 a
767 892 912 938 stupro
941 892 1136 924 arcentur
1164 884 1347 925 infamiae
1378 888 1511 938 metu,

76 940 253 996 pudicos
283 941 436 992 dicere,
466 955 563 982 cum
594 941 685 995 ipsa
720 940 892 980 infamia
921 948 1092 994 propter
1120 940 1178 980 rei
1207 941 1510 996 turpitudinem

75 999 387 1053 consequatur?
421 1011 517 1039 nam
547 996 648 1053 quid
678 1005 750 1037 aut
779 996 939 1037 laudari
961 996 1053 1047 rite,
1075 1006 1148 1037 aut
1168 996 1391 1052 vituperari
1411 1009 1509 1054 pot-

75 1063 153 1104 est,
183 1054 218 1095 si
247 1055 302 1095 ab
331 1054 421 1111 ejus
452 1064 599 1095 natura
628 1052 861 1102 recesseris,
891 1051 1007 1108 quod
1037 1063 1109 1093 aut
1138 1052 1411 1105 laudandum,
1436 1065 1511 1098 aut

74 1110 396 1165 vituperandum
425 1111 577 1166 putes?
610 1124 662 1150 an
687 1109 874 1164 corporis
898 1108 1138 1163 pravitates,
1158 1109 1191 1150 si
1223 1119 1345 1151 erunt
1371 1112 1508 1166 perin-

74 1165 228 1221 signes‚
261 1167 477 1208 habebunt
507 1165 666 1220 aliquid
697 1165 966 1206 offensionis:
998 1165 1127 1206 animi
1150 1165 1394 1208 deformitas
1423 1183 1508 1209 non

72 1221 279 1264 habebit?
311 1222 433 1278 cujus
466 1222 683 1277 turpitudo
715 1228 750 1257 71
769 1235 819 1261 ex
846 1221 946 1276 ipsis
971 1221 1079 1262 vitiis
1109 1222 1306 1264 facillime
1329 1225 1507 1279 perspici

71 1287 228 1333 potest.
249 1279 350 1335 quid
371 1279 481 1319 enim
503 1277 656 1320 foedius
677 1277 859 1318 avaritia.
891 1284 906 1314 7
913 1286 930 1309 2
945 1277 1047 1333 quid
1067 1278 1291 1321 immanius
1319 1280 1506 1332 libidine,

70 1335 174 1390 quid
194 1336 450 1377 contemtius
477 1334 717 1384 timiditate,
738 1333 841 1390 quid
871 1333 1076 1390 abjectius
1107 1335 1302 1377 tarditate
1329 1347 1371 1378 et
1401 1338 1507 1379 stul-

70 1391 164 1433 titia
182 1391 265 1433 dici
290 1393 460 1448 potest?
493 1390 610 1448 Quid
639 1391 776 1446 ergo?
809 1404 897 1441 eos,
927 1390 1001 1446 qui
1029 1391 1203 1446 singulis
1231 1392 1338 1434 vitiis
1367 1394 1506 1436 excel-

68 1447 176 1499 lunt,
213 1456 286 1489 aut
316 1449 443 1490 etiam
477 1447 696 1504 pluribus;
727 1456 899 1502 propter
930 1447 1099 1497 damna,
1132 1458 1206 1490 aut
1239 1449 1547 1502 detrimenta‚b.

70 1513 143 1545 aut
170 1506 380 1546 cruciatus
400 1504 577 1561 aliquos,
602 1504 776 1545 miseros
805 1517 896 1544 esse
921 1501 1116 1554 dicimus,
1143 1519 1194 1545 an
1223 1515 1395 1561 propter
1422 1508 1505 1550 vim

67 1561 455 1617 turpitudinemque
475 1561 667 1602 vitiorum
685 1562 698 1601 ?
731 1559 846 1615 quod
865 1560 966 1601 item
987 1560 1041 1601 ad
1060 1562 1313 1602 contrariam
1333 1563 1503 1606 laudern

66 1616 109 1658 in
129 1619 326 1660 virtutem
344 1618 430 1659 dici
449 1626 601 1673 potest.
665 1617 900 1667 Postremo,
918 1617 953 1657 si
973 1626 1145 1672 propter
1165 1618 1266 1659 alias
1287 1633 1351 1661 res
1373 1620 1502 1663 virtus
1514 1633 1564 1666 52

67 1675 289 1730 expetitur,
319 1675 470 1716 melius
498 1688 589 1715 esse
617 1672 790 1729 aliquid,
819 1688 946 1729 quam
977 1673 1187 1725 virtutem,
1218 1689 1386 1717 necesse
1425 1687 1503 1720 est.

69 1731 347 1774 Pecuniamne
379 1731 538 1787 igitur?
572 1745 623 1771 an
656 1729 865 1771 honores?
899 1744 951 1770 an
984 1729 1192 1772 formam?
1225 1746 1277 1772 an
1309 1733 1505 1775 valitudi-

67 1800 163 1827 nem
183 1789 195 1827 ?
228 1803 324 1843 quae
342 1798 400 1838 et,
420 1803 518 1829 eum
546 1787 712 1836 adsunt,
734 1800 935 1841 perparva
962 1796 1060 1827 sunt
1076 1802 1088 1837 3
1120 1796 1176 1838 et,
1197 1803 1323 1843 quam
1346 1789 1418 1830 diu
1439 1791 1501 1832 af-

64 1843 208 1885 futura
235 1845 332 1895 sint,
363 1853 525 1885 certum
554 1843 649 1884 sciri
676 1842 793 1883 nullo
819 1842 950 1883 modo
975 1852 1129 1897 potest.
1158 1858 1224 1894 an,
1250 1846 1382 1901 (quod
1411 1856 1501 1888 tur-

64 1899 284 1954 pissimum
307 1901 425 1942 dictu
445 1905 523 1952 est)
547 1899 838 1954 voluptatem?
870 1907 913 1939 at
938 1898 979 1939 in
1007 1913 1056 1940 ea
1073 1900 1245 1955 quidem
1265 1902 1501 1958 spernenda

63 1964 107 1996 et
126 1957 383 2012 repudianda
403 1957 530 1998 virtus
548 1955 611 1996 vel
630 1955 811 1996 maxime
830 1955 1028 1996 cernitur.

118 2013 352 2063 Videtisne,
371 2022 529 2070 quanta
548 2012 671 2053 series
690 2026 830 2052 rerum
851 2012 1239 2068 sententiarumque
1257 2013 1311 2055 sit
1331 2031 1340 2055 z
1372 2022 1499 2071 atque

63 2078 112 2110 ut
144 2084 196 2111 ex
225 2070 307 2111 alio
337 2070 419 2111 alia
438 2078 661 2111 nectantur
679 2069 692 2108 ?
724 2068 825 2123 quin
846 2068 1019 2109 labebar
1040 2069 1224 2124 longius,
1245 2070 1322 2111 nisi
1341 2086 1410 2112 me
1431 2086 1498 2114 re-

61 2125 295 2167 tinuissem.
355 2127 411 2169 Q.
434 2128 533 2183 Quo
554 2124 753 2166 tandem?
786 2125 965 2166 libenter
985 2125 1112 2177 enim,
1134 2125 1277 2178 frater,
1299 2127 1352 2169 ad
1372 2128 1496 2170 istam
1510 2127 1581 2177 ΞΟ

60 2184 294 2225 orationem
326 2191 466 2224 tecum
495 2182 748 2238 prolaberer.
806 2182 873 2223 M.
894 2181 967 2223 Ad
998 2182 1123 2224 finem
1150 2182 1379 2234 bonorum,
1411 2200 1497 2241 quo

61 2239 313 2291 referuntur,
346 2248 389 2293 et
421 2239 543 2296 cujus
574 2237 788 2294 apiscendi
818 2252 945 2279 causa
976 2248 1074 2280 sunt
1105 2239 1297 2281 facienda
1326 2243 1497 2284 omnia:

59 2306 370 2338 controversam
400 2310 505 2347 rem,
533 2305 578 2337 et
608 2294 774 2350 plenam
794 2294 1062 2336 dissensionis
1082 2295 1191 2338 inter
1210 2295 1493 2350 doctissimos,

60 2352 133 2393 sed
152 2353 378 2410 aliquando
397 2362 540 2394 tamen
556 2351 847 2409 judicandam.
905 2353 999 2393 Att.
1028 2353 1114 2408 Qui
1142 2353 1253 2395 istuc
1281 2354 1369 2395 fieri
1394 2365 1493 2411 pot-
1505 2367 1553 2400 53

59 2416 138 2459 est,
164 2410 215 2451 L.
242 2410 382 2451 Gellio
413 2409 616 2451 mortuo?
650 2409 716 2449 M.
745 2408 863 2465 Quid
892 2408 1063 2449 tandem
1090 2408 1134 2449 id
1162 2409 1215 2450 ad
1243 2413 1366 2452 rem?
1398 2412 1493 2455 Att.

59 2472 96 2500 73
115 2465 230 2522 Quia
247 2481 316 2507 me
335 2466 516 2507 Athenis
536 2464 680 2507 audire
701 2479 752 2506 ex
769 2465 946 2507 Phaedro
967 2479 1064 2506 meo
1085 2466 1272 2518 memini,
1291 2468 1494 2521 Gellium,

100 2606 137 2636 71
161 2613 199 2632 ex
214 2602 236 2633 ι’.
251 2612 284 2631 v·
299 2601 333 2642 fi
351 2601 477 2641 perspici
493 2599 606 2642 petest]
631 2602 683 2632 Sic
707 2601 751 2631 le-
793 2611 869 2631 sane
884 2602 1006 2640 gravior
1020 2608 1066 2632 est
1078 2612 1177 2642 quam
1194 2612 1249 2642 pro
1265 2602 1406 2634 libidine.
1417 2604 1492 2643 quia

57 2646 198 2683 gendum
214 2654 280 2675 esse
296 2653 351 2684 pro
366 2644 493 2684 vulgato
504 2645 627 2684 percipi,
644 2646 751 2675 existi·
794 2646 821 2674 ei
849 2652 921 2674 ante
946 2645 1080 2675 infamia
1108 2646 1268 2683 tribuitur,
1295 2647 1397 2686 placet
1416 2656 1493 2676 sane

57 2687 155 2724 mavi,
175 2697 253 2718 eum
277 2689 419 2727 primum
441 2689 530 2718 hunc
551 2687 662 2718 locum
678 2687 750 2727 legi.
795 2689 946 2717 correctio
969 2689 1097 2718 Davisii'
1111 2688 1264 2727 infamius,
1280 2691 1364 2728 quod
1380 2696 1410 2718 et
1426 2690 1490 2719 Ms.

56 2731 110 2760 sed
121 2731 196 2760 etin
209 2730 294 2761 libris
304 2732 350 2761 sic
359 2731 471 2769 reperit
482 2730 642 2762 Davisius.
652 2732 751 2761 etiam
795 2730 929 2761 Eliensis
945 2732 1052 2765 habet.
1068 2733 1288 2771 consentitque
1308 2733 1388 2763 bene
1404 2739 1492 2765 ante-

57 2773 124 2803 sine
140 2773 225 2804 libris
239 2775 285 2803 sic
300 2774 411 2812 corrigi
426 2773 530 2803 debet.
795 2773 919 2803 cedenti
935 2782 966 2804 et
979 2776 1126 2813 sequenti
1142 2776 1320 2814 praedicato.
1424 2786 1428 2789 ·

100 2822 140 2850 72
163 2815 236 2857 quid
263 2816 420 2846 immanius
456 2814 522 2855 Iib.]
562 2816 752 2847 Immanitas
840 2822 877 2851 73
902 2816 983 2846 Quia
999 2828 1042 2846 me
1057 2817 1143 2857 Alb]
1161 2829 1203 2847 me
1219 2818 1374 2848 exciderat
1389 2828 1404 2846 e
1421 2818 1490 2850 sul.

115 2870 228 2899 vot..
251 2871 317 2899 1v.
342 2872 381 2899 P.
404 2871 461 2899 11.
866 2871 893 2898 T
912 2866 930 2897 t
