1844 3202
285 91 366 153 940
665 103 725 142 M.
752 93 969 142 TULLH
1005 89 1351 143 CICERoms

274 210 358 267 'qui
386 211 528 253 omnia
561 212 724 267 genuit,
757 212 882 254 fatur.
943 213 1051 254 Haec
1077 227 1164 264 vos,
1193 214 1265 269 qui
1299 213 1478 254 deorum
1510 219 1605 255 satu
1637 210 1720 256 orti

283 267 400 318 estis,
419 268 646 311 attendite:
670 283 849 325 quorum
868 283 1044 324 operum
1065 283 1148 325 ego
1165 284 1315 325 parens
1336 270 1592 326 effectorque
1609 285 1719 321 sum,

282 338 378 379 quae
398 338 471 380 per
490 340 558 366 me
578 326 701 377 facta,
723 340 807 366 non
829 335 926 366 sunt
945 325 1162 376 dissoluta,
1183 340 1252 367 me
1272 326 1424 367 invito:
1455 340 1715 382 quamquam

280 394 410 422 omne
441 382 689 437 colligatum
718 382 821 422 solvi
852 390 1019 436 potest:
1049 381 1123 422 sed
1154 381 1478 438 haudquaquam
1510 383 1611 424 boni
1639 390 1718 432 est,

280 436 445 478 ratione
480 438 664 479 vinctum
700 438 805 478 velle
840 437 1079 478 dissolvere.
1138 437 1218 478 Sed
1254 440 1452 494 quoniam
1488 437 1570 480 orti
1603 438 1721 489 estis,

274 493 543 535 rimmortales
573 509 644 535 vos
675 494 847 549 quidem
878 508 983 544 esse,
1005 504 1047 534 et
1077 493 1384 536 indissolubiles
1410 509 1495 536 non
1515 494 1717 549 potestis:

280 551 523 606 neutiquam
550 559 691 591 tamen
719 549 1015 600 dissolvemini,
1037 564 1114 591 nee
1134 564 1204 590 vos
1225 550 1312 591 ulla
1330 551 1478 592 mortis
1497 551 1585 592 fata
1605 550 1716 607 peri-

280 616 415 656 ment,
445 621 522 647 nec
543 607 656 648 fraus
683 606 900 657 valentior,
921 621 1047 662 quam
1069 606 1292 647 consilium
1311 621 1470 657 meum,
1491 607 1606 663 quod
1626 621 1718 648 ma-

273 661 346 718 jus
367 672 431 703 est
451 663 663 704 vinculum
684 662 736 704 ad
755 663 1076 718 perpetuitatem
1097 671 1290 713 vestram,
1308 677 1432 718 quam
1453 664 1538 715 illa,
1559 663 1715 719 quibus

275 720 378 760 estis
400 728 508 769 tum,
529 734 624 760 cum
646 719 950 775 gignebamini,
972 719 1176 774 colligati.
1235 719 1352 775 Quid
1371 717 1546 760 sentiam
1569 718 1716 775 igitur,

278 776 539 830 cognoscite.
597 777 696 818 Tria
718 776 837 817 nobis
856 790 1010 831 genera
1031 776 1190 831 reliqua
1210 784 1322 827 sunt,
1343 790 1474 831 eaque
1496 776 1714 817 mortalia:

279 832 433 886 quibus
454 833 758 887 praetermissis,
780 833 872 873 caeli
897 832 1109 873 absolutio
1135 832 1320 887 perfecta
1347 846 1431 873 non
1457 831 1550 873 erit.
1573 833 1716 873 omnia

274 888 390 929 enim
420 903 573 943 genera
603 889 860 939 animalium,
884 889 1109 943 complexu
1139 903 1221 929 non
1252 889 1442 929 tenebit:
1472 897 1613 930 teneat
1638 902 1713 930 au-

277 951 365 984 tem
385 946 613 1000 oportebit,
630 954 678 986 ut
698 944 849 985 eodem
870 960 921 986 ne
938 945 1039 1000 quid
1061 944 1185 995 absit,
1203 959 1299 1000 quae
1318 959 1343 986 a
1363 959 1431 986 me
1452 944 1545 999 ipso
1566 944 1716 986 effecta

277 1000 376 1051 sint,
397 1001 513 1057 quod
545 1001 722 1043 deorum
753 1002 878 1042 vitam
909 1001 1043 1057 possit
1072 1000 1305 1056 adaequare.
1365 1002 1430 1042 Ut
1449 1000 1578 1056 igitur
1599 1014 1715 1042 mor-

275 1057 350 1097 tali
370 1066 623 1113 generentur
643 1057 897 1108 conditione,
917 1072 988 1099 vos
1010 1057 1224 1112 suscipite,
1241 1066 1289 1098 ut
1307 1057 1380 1098 illa
1398 1056 1599 1113 gignatis,
1617 1056 1715 1097 imi-

277 1114 507 1170 teminique
537 1116 620 1155 vim
646 1129 800 1166 meam,
822 1129 905 1170 qua
932 1114 974 1155 in
1003 1122 1137 1155 vestro
1168 1122 1263 1155 ortu
1282 1127 1350 1155 me
1370 1129 1494 1156 usum
1513 1127 1712 1155 esseme-

276 1170 483 1211 ministis:
516 1172 557 1212 in
587 1172 741 1227 quibus
766 1171 838 1227 qui
863 1170 966 1212 tales
987 1179 1193 1220 creantur,
1215 1178 1261 1211 ut
1289 1170 1464 1212 deorum
1493 1169 1714 1211 immorta-

273 1226 380 1268 lium
411 1228 528 1283 quasi
553 1227 732 1283 gentiles
761 1242 850 1268 esse
880 1227 1075 1277 debeant,
1097 1226 1223 1267 divini
1248 1227 1414 1282 generis
1437 1226 1713 1282 appellentur,

275 1292 529 1340 teneantque
549 1284 740 1326 omnium
768 1284 1044 1325 animantium
1071 1283 1368 1339 principatum,
1390 1283 1590 1338 vobisque
1615 1282 1713 1338 jure

274 1349 320 1381 et
349 1340 444 1396 lege
473 1341 660 1382 volentes
689 1349 885 1396 pareant:
922 1355 1102 1396 quorum
1133 1340 1248 1380 vobis
1286 1340 1452 1381 initium
1495 1348 1713 1395 statusque

274 1397 456 1438 traditur
477 1412 502 1438 a
529 1412 622 1439 me:
655 1412 726 1438 vos
756 1406 898 1438 autem
928 1396 981 1438 ad
1010 1397 1068 1447 id,
1090 1395 1204 1452 quod
1233 1396 1313 1438 erit
1340 1395 1591 1448 immortale,
1614 1410 1710 1451 par-

274 1462 361 1494 tem
393 1454 613 1496 attexitote
642 1454 881 1495 mortalem.
940 1454 1004 1494 Ita
1035 1453 1224 1494 orientur
1253 1453 1499 1503 animantes,
1530 1466 1637 1508 quos
1668 1459 1711 1493 et

216 1511 262 1543 12
276 1510 387 1551 vivos
419 1511 552 1562 alatis,
583 1520 625 1552 et
658 1519 905 1551 consumtos
937 1509 1031 1550 sinu
1063 1509 1283 1564 recipiatis.
1342 1510 1450 1550 Haec
1484 1507 1555 1550 ille
1588 1509 1709 1550 dixit.

215 1562 223 1591 ;
271 1567 440 1608 Deinde
469 1567 521 1607 ad
551 1567 898 1622 temperationem
927 1565 1183 1621 superiorem
1212 1565 1407 1606 revertit:
1440 1565 1479 1606 in
1510 1579 1593 1620 qua
1613 1579 1708 1606 om-

273 1638 368 1664 nem
398 1624 586 1664 animum
607 1623 808 1664 universae
831 1631 990 1663 naturae
1013 1633 1248 1676 temperans
1270 1621 1562 1677 permiscebat,
1583 1636 1709 1677 supe-

271 1680 476 1736 riorisque
515 1680 803 1735 permixtionis
841 1678 1037 1734 reliquias
1084 1678 1264 1719 fundens
1312 1678 1520 1733 aequabat,
1556 1677 1706 1719 eodem

271 1738 403 1778 modo
431 1737 575 1787 ferme,
596 1736 674 1777 nisi
705 1736 819 1791 quod
847 1750 932 1775 non
957 1735 1014 1776 ita
1033 1734 1311 1790 incorruptas,
1330 1743 1379 1775 ut
1398 1749 1460 1786 ea,
1482 1748 1575 1789 quae
1597 1747 1709 1775 sem-

269 1806 346 1848 per
364 1793 491 1835 idem.
514 1793 587 1834 sed
606 1808 629 1834 a
646 1792 724 1833 diis
745 1792 977 1833 secundum
1000 1791 1207 1842 sumebat,
1229 1802 1355 1847 atque
1372 1791 1558 1832 tertium.
1593 1791 1707 1832 Toto

270 1850 402 1905 igitur
432 1850 606 1891 omnino
637 1849 884 1899 constituto,
907 1847 1110 1889 sideribus
1140 1862 1283 1902 parem
1314 1861 1536 1888 numerum
1565 1846 1708 1888 distri-

269 1906 365 1948 buit
398 1907 650 1956 animorum,
683 1915 725 1947 et
759 1905 948 1960 singulos
983 1903 1172 1960 adjunxit
1207 1904 1259 1945 ad
1297 1903 1476 1959 singula,
1498 1911 1624 1958 atque
1649 1903 1709 1945 ita

270 1964 390 2019 quasi
426 1963 468 2004 in
509 1977 680 2004 currum
714 1961 987 2003 universitatis
1024 1960 1242 2016 imposuit,
1276 1960 1708 2015 commonstravitque

270 2020 386 2076 leges
407 2019 553 2061 fatales
575 2033 622 2060 ac
644 2018 911 2068 necessarias,
932 2027 974 2059 et
995 2017 1178 2059 ostendit
1204 2017 1384 2072 primum
1409 2024 1549 2057 ortum
1571 2030 1702 2057 unum

270 2077 360 2118 fore
391 2077 602 2125 omnibus,
634 2089 814 2130 eumque
850 2073 1129 2124 modcratum,
1160 2082 1287 2128 atque
1317 2081 1594 2123 constantem,
1624 2071 1701 2113 nec

268 2134 322 2175 ab
342 2133 429 2174 ullo
450 2133 741 2173 imminutum:
766 2132 864 2171 satis
880 2138 1035 2180 autem,
1053 2140 1095 2171 et
1114 2130 1232 2186 quasi
1252 2129 1403 2185 sparsis
1420 2129 1583 2179 animis,
1599 2128 1702 2178 fore,

267 2190 330 2231 uti
352 2190 475 2231 certis
495 2198 733 2244 temporum
756 2186 979 2228 intervallis
1002 2187 1181 2227 oriretur
1198 2186 1367 2237 animal,
1384 2185 1499 2241 quod
1518 2193 1628 2226 esset
1648 2185 1702 2226 ad

267 2247 429 2288 cultum
461 2246 636 2286 deornm
667 2244 944 2299 aptissimum.
1005 2243 1087 2284 Sed
1118 2257 1214 2283 cum
1246 2242 1399 2297 duplex
1427 2250 1536 2282 esset
1555 2248 1703 2282 natura

266 2304 434 2358 generis
465 2301 653 2351 humani,
684 2302 742 2341 sic
773 2315 816 2341 se
847 2315 910 2340 res
942 2300 1167 2348 habebant,
1192 2307 1240 2340 ut
1270 2298 1535 2354 praestantius
1564 2305 1707 2352 genus‘

267 2370 378 2401 esset
397 2374 560 2411 eorum,
582 2358 653 2413 qui
675 2366 812 2398 essent
834 2357 964 2397 futuri
985 2357 1071 2398 viri.
1132 2356 1241 2396 Cum
1272 2363 1414 2395 autem
1435 2353 1585 2394 animis
1605 2367 1699 2395 corr

266 2431 371 2472 pora
401 2430 497 2457 cum
529 2414 776 2455 necessitate
805 2414 1033 2462 insevisset,
1054 2426 1237 2466 cumque
1266 2411 1320 2451 ad
1349 2424 1528 2464 corpora
1556 2425 1700 2450 neces-

266 2473 387 2514 sitate
414 2481 506 2514 tuin
531 2471 712 2512 accessio
743 2470 872 2518 fieret,
900 2479 989 2510 tum
1019 2468 1254 2517 abscessi03
1286 2481 1454 2507 necesse-
1480 2475 1582 2516 erat‚
1603 2480 1697 2506 sen-

265 2545 359 2571 sum
388 2530 584 2570 exsistere
611 2542 758 2577 unum,
785 2540 1141 2580 communemque
1169 2523 1358 2564 oninium
1386 2522 1699 2578 xjeliementiorc

264 2595 385 2627 motu
414 2585 610 2636 excitato,
641 2583 952 2639 conjunctoque
988 2591 1174 2622 naturae:
1215 2578 1365 2620 deinde
1393 2579 1624 2634 voluptate,
1654 2587 1699 2630 ct:

262 2642 458 2686 molestia
479 2641 657 2681 mixtum
678 2653 865 2680 amorem
886 2655 894 2678 ε
926 2647 1023 2693 post
1045 2637 1162 2686 iram,
1184 2645 1226 2676 et
1254 2644 1429 2685 metum,
1450 2646 1493 2675 et
1512 2633 1699 2690 reliquos'

261 2709 404 2740 motus
440 2698 582 2747 animi,
614 2696 790 2737 comites
823 2695 1100 2749 superiorum,
1132 2702 1175 2734 ct
1206 2693 1270 2733 his
1304 2692 1429 2732 etiam
1463 2692 1695 2732 contrarios

259 2755 534 2797 dissidentes:
566 2768 672 2809 quos
695 2752 766 2807 qui
795 2751 956 2792 ratione
983 2751 1146 2801 rexerit,
1168 2749 1284 2805 juste
1310 2748 1484 2797 vixerit,
1517 2747 1589 2803 qui
1615 2761 1700 2801 ἕως

258 2821 345 2853 tem
377 2811 442 2853 his
472 2825 515 2852 se
544 2809 766 2861 dediderit,
797 2808 963 2865 injuste.
1022 2807 1167 2863 Atque
1197 2805 1282 2858 ille,
1303 2805 1374 2862 qui
1404 2811 1516 2846 recte
1547 2812 1590 2845 et
1608 2802 1689 2846 ho·-
