1844 3202
626 136 706 173 DE
746 134 1056 172 AMICITIA.
1483 140 1557 175 843

126 243 248 294 valet,
282 242 332 298 (si
365 243 495 286 modo
525 241 569 283 id
603 241 876 297 patefactum,
908 250 951 282 et
983 241 1239 282 illustratum
1275 243 1354 294 est)
1388 241 1489 297 quid
1516 242 1558 284 in

126 299 314 342 amicitia
334 300 419 342 fieri
438 306 621 354 oportet,
643 312 738 353 quae
768 305 860 338 tota
884 297 1056 338 veritate
1078 296 1349 352 perpenditur
1367 300 1380 338 ?
1414 299 1454 339 in
1477 314 1562 355 qua

126 356 205 397 nisi
240 358 303 410 (ut
332 355 499 406 dicitur)
532 363 725 409 apertum
756 362 902 409 pectus
932 353 1084 404 videas,
1110 362 1317 410 tuumque
1347 356 1560 406 ostendas,

127 412 230 454 nihil
255 412 397 463 fidum,
419 410 522 452 nihil
541 410 805 466 exploratum
827 409 981 451 habeas
999 425 1008 450 :
1038 424 1090 450 ne
1118 424 1258 451 amare
1279 409 1467 465 quidem,
1489 423 1562 452 aut

125 469 284 519 amari3
315 482 413 509 cum
445 467 503 518 id,
536 482 664 523 quam
697 481 790 509 vere
819 467 905 516 fiat,
936 466 1119 522 ignores.
1179 467 1451 522 Quamquam
1484 467 1564 508 ista

125 524 368 575 assentatio,
389 524 576 580 quamvis
598 524 832 580 perniciosa
860 523 928 574 sit,
955 537 1107 564 nocere
1139 530 1277 563 tamen
1307 523 1461 563 nemini
1484 538 1562 577 po-

126 589 224 630 test,
245 580 322 622 nisi
347 581 400 631 ei,
420 580 492 637 qui
517 594 610 622 eam
640 580 801 636 recipit,
821 589 948 636 atque
969 594 1018 620 ea
1036 579 1283 621 delectatur.
1303 579 1361 620 ita
1381 580 1441 629 fit,
1461 589 1509 620 ut
1529 580 1563 621 is

124 637 454 681 assentatoribus
475 637 701 693 patefaciat
724 651 844 678 aures
865 651 960 677 suas
979 637 1175 686 maxime,
1196 636 1269 692 qui
1288 636 1376 692 ipse
1396 635 1473 678 sibi
1497 650 1563 676 as-

125 701 328 744 sentetur,
351 703 394 735 et
415 708 458 735 se
479 695 659 737 maxime
677 694 766 749 ipse
788 692 982 734 delectet.
1041 693 1227 735 Omnino
1248 702 1311 734 est
1332 707 1475 734 amans
1498 693 1560 733 sui
1575 698 1626 741 98

126 749 269 791 virtus.
290 749 450 805 optime
475 750 587 792 enim
619 765 662 792 se
696 751 787 805 ipsa
811 749 938 800 novit,
964 764 1176 806 quamque
1198 749 1388 790 amabilis
1411 749 1478 799 sit,
1498 750 1563 790 in-

125 804 295 861 telligit.
324 820 407 861 ego
434 816 577 848 autem
602 822 685 848 non
705 807 757 847 de
775 807 926 847 virtute
946 821 1057 847 nunc
1079 806 1245 862 loquor,
1267 806 1339 847 sed
1360 805 1412 847 de
1433 805 1562 847 virtu—

125 862 180 903 tis
211 862 422 918 opinione.
452 863 604 904 virtute
635 863 747 904 enim
778 863 868 917 ipsa
897 877 980 904 non
1010 872 1097 904 tam
1128 863 1251 903 multi
1272 863 1436 918 praediti
1459 877 1564 914 esse,

125 933 254 974 quarn
285 919 412 960 videri
440 920 600 960 volunt.
661 921 757 960 Hos
783 918 967 960 delectat
996 919 1251 960 assentatio:
1284 919 1349 960 his
1368 920 1488 961 fictus
1510 921 1565 961 ad

124 975 313 1030 ipsorum
345 975 605 1017 voluntatem
636 990 775 1017 sermo
807 991 905 1017 cum
932 975 1169 1026 adhibetur,
1191 975 1423 1017 orationem
1447 977 1563 1017 illam

124 1046 288 1082 vanam,
319 1032 609 1074 testimonium
640 1047 730 1073 esse
760 1032 932 1074 laudum
963 1047 1134 1074 suarum
1165 1040 1328 1088 putant.
1360 1033 1474 1074 nulla
1499 1041 1564 1074 est

125 1088 258 1143 igitur
287 1088 377 1129 heec
408 1089 606 1140 amicitia,
637 1104 736 1130 cum
766 1089 871 1130 alter
899 1104 1041 1130 verum
1062 1089 1205 1131 audire
1227 1104 1311 1130 non
1336 1090 1437 1140 vult,
1457 1090 1562 1131 alter
1574 1098 1608 1130 b.

123 1144 176 1185 ad
198 1145 486 1186 mentiendum
508 1154 675 1201 paratus
695 1154 773 1186 est.
835 1147 928 1187 Nec
958 1146 1235 1201 parasitorum
1270 1146 1310 1186 in
1342 1146 1563 1188 comoediis

125 1202 352 1242 assentatio
374 1203 495 1244 nobis
518 1204 653 1244 faceta
672 1202 894 1253 videretur,
916 1203 994 1243 nisi
1014 1214 1155 1243 essent
1173 1202 1329 1244 milites
1346 1203 1536 1258 gloriosi.

217 1280 391 1329 ,Affagnas
410 1294 490 1317 vero
509 1294 609 1330 agere
620 1281 760 1330 gratias
783 1280 888 1318 Thais
917 1281 996 1318 mihi
1009 1284 1032 1318 ?

126 1353 237 1397 Satis
256 1363 346 1396 erat
375 1354 641 1411 respondere,
664 1355 849 1412 ,Magnas
869 1371 881 1407 3
917 1356 1113 1412 ingentes,
1135 1357 1284 1412 inquit.
1304 1371 1469 1413 semper
1489 1372 1567 1400 au-

124 1420 200 1466 get
226 1419 457 1453 assentator
483 1412 541 1462 id,
562 1412 679 1468 quod
703 1413 751 1463 is,
779 1412 901 1468 cujus
928 1414 983 1453 ad
1008 1413 1268 1454 voluntatem
1289 1414 1458 1466 dicitur,
1478 1415 1567 1457 vult

125 1481 218 1509 esse
258 1482 478 1523 magnum.
537 1468 845 1525 Quamobrem,
880 1469 1069 1525 quamvis
1103 1470 1258 1511 blanda
1296 1471 1375 1511 ista
1408 1472 1564 1514 vanitas
1576 1484 1631 1531 99

127 1524 242 1581 apud
272 1537 344 1565 eos
375 1524 521 1576 valeat,
554 1525 625 1581 qui
655 1525 735 1581 ipsi
764 1525 880 1566 illam
911 1525 1111 1567 allectant
1130 1536 1172 1567 et
1194 1527 1394 1568 invitant:
1425 1538 1567 1571 tamen

124 1581 254 1622 etiam
287 1581 498 1637 graviores
533 1582 924 1638 constantioresque
963 1582 1217 1624 admonendi
1251 1593 1362 1634 sunt,
1394 1595 1442 1626 ut
1476 1587 1567 1626 ani·

126 1652 247 1678 mum
287 1637 517 1689 advertant,
558 1653 609 1678 ne
645 1638 797 1680 callida
833 1639 1117 1680 assentatione
1153 1640 1384 1694 capiantur.
1424 1652 1568 1697 aperte

126 1693 245 1736 enim·
266 1693 509 1735 adulantem
539 1710 664 1735 nemo
694 1710 777 1736 non
805 1694 933 1746 videt,
956 1695 1033 1736 nisi
1061 1695 1134 1750 qui
1153 1696 1386 1738 admodum
1406 1708 1471 1739 est
1496 1713 1570 1740 ex-

125 1764 236 1791 cors.
258 1750 434 1791 callidus
463 1750 547 1801 ille,
568 1759 610 1791 et
636 1752 827 1792 occultus
850 1766 902 1792 ne
927 1767 970 1792 se
992 1752 1188 1803 insinuet,
1209 1753 1397 1795 studiose
1417 1770 1566 1797 caven-

125 1805 232 1848 dum
261 1815 340 1847 est.
372 1820 450 1847 nec
479 1807 590 1848 enim
621 1807 821 1848 facillime
858 1809 1120 1863 agnoscitur,
1151 1810 1307 1865 quippe
1337 1812 1410 1867 qui
1439 1813 1569 1856 etiam

126 1862 385 1904 adversando
407 1878 517 1919 saepe
537 1874 799 1906 assentetur:
825 1875 869 1906 et
888 1865 1055 1920 litigare
1077 1879 1121 1906 se
1144 1867 1361 1918 simulans,
1380 1868 1570 1911 blandia-

126 1927 210 1974 tur,
230 1927 357 1975 atque
382 1919 436 1961 ad
456 1929 690 1961 extremum
713 1920 784 1962 det
805 1936 967 1973 manus,
989 1922 1180 1978 vincique
1210 1937 1253 1964 se
1281 1925 1489 1980 patiatur:
1520 1935 1570 1968 ut

127 1975 176 2027 is,
198 1976 272 2032 qui
302 1975 452 2017 illusus
481 1977 548 2027 sit,
583 1977 678 2032 plus
706 1978 857 2018 vidisse
879 1978 1081 2020 videatur.
1103 1978 1206 2034 quid
1227 1990 1368 2022 autem
1390 1983 1570 2038 turpiuS,

126 2047 255 2134 {uanli
286 2031 437 2074 illudi?
469 2034 600 2090 Quod
631 2048 682 2075 ne
712 2034 890 2087 accidat,
917 2035 1054 2091 magis
1084 2036 1317 2078 cavendum
1347 2047 1426 2090 est,
1449 2048 1497 2082 ut
1525 2040 1569 2081 in

164 2103 231 2147 pic
251 2103 323 2130 ero
339 2105 350 2130 z

233 2167 342 2206 Hodie
361 2181 410 2205 me
428 2175 507 2205 ante
519 2181 626 2205 omnes
644 2169 776 2206 comicos
793 2169 910 2207 stultos
924 2183 1014 2208 senes

239 2221 402 2266 Versaris,
422 2228 525 2272 atquc
541 2222 659 2259 luseris
678 2223 875 2260 lautissime.

130 2283 239 2325 Haec
269 2284 379 2325 enim
411 2285 538 2325 etiam
568 2285 611 2325 in
641 2285 794 2327 fabulis
825 2287 1074 2329 stultissima
1093 2302 1271 2344 persona
1287 2301 1351 2334 est
1370 2292 1568 2349 improvi-
1584 2308 1661 2340 100

128 2339 297 2390 dorum,
330 2349 373 2381 et
401 2341 671 2382 credulorum
712 2357 874 2383 senum.
935 2344 1019 2385 Sed
1055 2345 1197 2386 nescio
1231 2361 1316 2403 quo
1352 2360 1479 2405 pacto
1514 2352 1568 2393 ab

128 2396 324 2437 amicitiis
353 2398 637 2452 perfectorum
669 2398 908 2450 hominurn,
930 2400 973 2441 id
1003 2409 1081 2452 est,
1103 2403 1355 2457 sapientium
1390 2407 1460 2460 (de
1489 2407 1570 2450 hac

128 2452 226 2495 dico
259 2453 476 2507 sapientia,
508 2470 602 2510 quae
633 2455 794 2497 videtur
826 2457 868 2497 in
902 2456 1119 2499 hominem
1151 2460 1302 2502 cadere
1332 2466 1472 2518 posse)
1515 2465 1571 2507 ad

125 2508 237 2550 leves
256 2509 462 2551 amicitias
479 2510 648 2553 deflexit
667 2512 816 2553 oratio.
863 2514 1158 2570 Quamobrem
1179 2516 1233 2558 ad
1254 2517 1326 2559 illa
1344 2521 1483 2575 prima
1502 2536 1569 2562 re-

129 2565 321 2616 deamus,
340 2579 473 2621 eaque
491 2567 582 2623 ipsa
600 2568 905 2611 concludamus
931 2571 1175 2627 aliquando.

144 2645 151 2647 e
185 2622 349 2672 Virtus,
368 2622 513 2673 virtus,
539 2624 726 2680 inquam,
760 2626 812 2666 C.
837 2626 982 2678 Fanni,
1003 2636 1046 2669 et
1073 2638 1136 2679 tu,
1158 2631 1214 2687 Q.
1235 2631 1374 2682 Muci,
1395 2640 1438 2673 et
1466 2647 1569 2674 con·
1581 2633 1653 2688 27

129 2677 246 2719 ciliat
271 2678 494 2729 amicitias,
513 2689 558 2721 et
583 2692 814 2723 conservat.
835 2683 876 2723 in
902 2698 952 2724 ea
972 2693 1037 2725 est
1057 2685 1171 2726 enim
1191 2689 1480 2729 convenientia
1500 2704 1566 2730 re·
1579 2711 1608 2741 p.
1626 2708 1697 2732 115.

129 2749 241 2786 rum,
271 2735 311 2775 in
339 2749 390 2776 ea
419 2736 638 2788 stabilitas,
667 2738 710 2779 in
738 2753 789 2780 ea
812 2741 1073 2783 constantia:
1105 2757 1201 2798 quae
1221 2757 1317 2784 cum
1339 2759 1383 2785 se
1403 2746 1609 2797 extulit,³-

131 2799 175 2831 et
193 2791 380 2833 ostendit
400 2792 546 2833 lumen
563 2808 703 2845 suum,
722 2804 766 2836 et
784 2795 897 2836 idem
917 2798 1094 2852 aspexit,
1114 2800 1372 2855 agnovitque
1393 2801 1434 2842 in
1454 2803 1536 2844 alio
1556 2819 1571 2853 3

131 2845 191 2891 ad.
215 2847 258 2889 id
287 2853 332 2891 se
362 2848 572 2901 admovet,
588 2850 863 2910 *vicissimque
894 2853 1048 2910 accipit
1076 2854 1199 2906 illud,
1218 2857 1336 2912 quod
1365 2857 1407 2899 in
1437 2859 1575 2901 altero
