1844 3202
306 94 386 132 630
834 93 911 132 DE
950 95 1206 135 LEGIBUS

306 214 446 245 rarum
477 200 727 243 necessarias
756 202 1050 258 intelligentias
1080 203 1290 256 enudavit,
1318 203 1435 259 quasi
1460 202 1733 251 fundamenta

306 255 498 312 quaedam
531 257 743 300 scientiae:
783 259 1045 316 figuramque
1074 262 1260 315 corporis
1291 260 1488 311 habilem,
1518 270 1559 302 et
1589 270 1731 316 aptam

306 313 478 369 ingenio
499 314 684 356 humano
705 314 835 356 dedit.
855 330 949 357 nam
970 332 1065 358 curn
1087 327 1243 358 ceteras
1264 317 1492 358 animantes
1513 317 1733 373 abjecisset

305 369 359 410 ad
393 379 575 425 pastum,
605 370 741 412 solum
778 372 988 414 hominem
1023 374 1165 423 crexit,
1201 374 1254 415 ad
1288 373 1482 423 coelicue,
1516 374 1634 428 quasi
1657 388 1730 415 co·-

305 426 516 481 gnationis
552 426 837 483 domiciliique
876 429 1037 483 pristini
1075 439 1346 485 conspectum
1382 429 1601 470 excitavit:
1639 438 1731 471 turn

307 482 487 537 speciem
519 484 576 524 ita
606 484 799 525 formavit
828 486 926 535 oris,
947 495 992 526 ut
1022 486 1061 526 in
1093 501 1142 526 ea
1171 487 1336 540 penitus
1367 484 1603 526 reconditos
1636 499 1730 526 mo-

243 544 292 585 27
308 553 370 580 res
402 539 631 593 effingeret.
691 541 804 582 Nam
836 549 877 581 et
908 542 1019 583 oculi
1047 543 1167 583 nimis
1196 542 1349 597 arguti,
1372 541 1732 596 quemadmodum

307 595 449 635 animo
469 595 607 638 affecti
637 596 780 647 simus,
802 597 1056 653 loquuntur:
1088 609 1129 639 et
1156 598 1203 649 is,
1226 599 1297 653 qui
1326 597 1560 653 appellatur
1579 597 1732 648 vultus,

308 651 379 707 qui
401 651 517 692 nullo
538 652 580 692 in
608 651 818 694 animante
845 668 948 704 esse,
971 664 1119 710 praeter
1149 655 1379 703 hominem,
1402 662 1556 708 potest,
1579 653 1734 694 indicat

262 717 295 748 b.
309 721 472 748 mores:
513 708 635 764 cujus
664 709 746 750 vim
780 711 918 751 Graeci
949 721 1116 759 norunt,
1148 725 1302 752 nomen
1333 711 1506 751 omnino
1536 724 1620 750 non
1656 709 1731 750 ha-.

308 764 421 804 bent.
497 764 662 807 Omitto
700 768 1049 821 opportunitates,
1090 767 1410 822 habilitatesque
1452 765 1599 822 reliqui
1639 780 1733 807 cor-

306 820 434 876 poris,
475 821 805 863 moderationem
835 823 962 874 vocis,
993 824 1192 864 orationis
1222 824 1318 874 vim,
1349 837 1443 878 quae
1473 821 1734 866 conciliatrix

305 886 372 918 est
405 877 599 918 humanae
632 879 813 919 maxime
846 879 1069 921 societatis·
1129 881 1279 934 Neque
1311 880 1421 920 enim
1459 878 1601 920 onmia
1637 886 1734 920 sunt

306 931 433 988 hujus
462 933 770 988 disputationis,
799 950 848 975 ac
881 936 1111 991 temporis:
1143 946 1185 977 et
1212 933 1327 977 hunc
1361 936 1502 976 locum
1537 935 1650 986 satis,
1685 944 1735 976 ut

304 989 410 1029 mihi
435 990 609 1039 videtur,
639 998 679 1022 40
695 991 738 1031 in
764 991 813 1031 iis
846 991 977 1042 libris,
1003 1006 1109 1047 quos
1139 992 1315 1047 legistis,
1343 992 1544 1047 expressit
1575 992 1732 1048 Scipio.

304 1044 433 1086 Nunc
464 1045 662 1101 quoniam
695 1047 924 1097 hominem,
955 1048 1071 1102 quod
1105 1047 1354 1103 principium
1385 1048 1637 1102 reliquarum
1668 1061 1733 1088 re-

304 1116 398 1142 rum
429 1115 520 1142 esse
540 1102 685 1152 voluit,
715 1103 928 1158 generavit
956 1114 999 1145 et
1027 1104 1187 1145 ornavit
1219 1104 1352 1154 Deus,
1382 1103 1648 1158 perspicuum
1680 1104 1735 1146 sit

302 1157 408 1198 illud
440 1160 507 1211 (ne
534 1158 675 1199 omnia
706 1159 975 1212 disserantur)
1007 1160 1139 1215 ipsam
1170 1174 1244 1215 per
1278 1173 1321 1200 se
1346 1168 1536 1200 naturam
1564 1160 1733 1215 longius

303 1214 531 1270 progredi:
563 1230 657 1270 quae
685 1215 812 1256 etiam
845 1215 960 1257 nullo
993 1216 1170 1257 docente
1191 1225 1226 1256 41
1247 1216 1435 1271 profecta
1459 1216 1512 1256 ab
1537 1215 1601 1267 iis,
1627 1231 1734 1272 quo-

302 1284 413 1321 rum,
427 1285 476 1312 ex
495 1271 629 1326 prima
649 1282 692 1312 et
713 1271 908 1313 inchoata
924 1271 1212 1328 intelligentia,
1230 1286 1385 1327 genera
1403 1272 1618 1328 cognovit,
1632 1287 1734 1314 con·

303 1325 441 1367 firmat
463 1327 551 1381 ipsa
570 1341 644 1382 per
664 1342 707 1368 se
728 1330 946 1380 rationem,
965 1340 1006 1370 et
1027 1328 1201 1385 perficit.

224 1381 292 1430 10
360 1384 454 1424 Att.
475 1383 550 1425 Dii
573 1385 847 1436 immortales,
867 1400 992 1441 quam
1021 1396 1067 1427 tu
1095 1386 1222 1440 longe
1244 1385 1351 1441 juris
1382 1384 1585 1440 principia
1612 1398 1731 1440 repe-

240 1455 290 1488 28
304 1439 357 1481 tis
378 1440 384 1479 !
417 1449 542 1495 atque
562 1440 634 1492 ita,
656 1449 704 1482 ut
724 1456 806 1496 ego
827 1457 910 1483 uon
932 1442 1061 1483 modo
1086 1442 1138 1483 ad
1169 1441 1240 1483 illa
1265 1456 1349 1483 non
1378 1455 1615 1497 properem,
1637 1456 1732 1497 quae

301 1496 594 1552 exspectabam
625 1512 650 1538 a
681 1506 720 1539 te
750 1499 801 1539 de
825 1499 923 1554 jure
952 1499 1076 1549 civili,
1106 1498 1178 1539 sed
1214 1498 1334 1539 facilc
1368 1497 1517 1554 patiar,
1547 1506 1589 1537 te
1618 1496 1732 1538 hune

301 1552 413 1595 diem
437 1553 499 1594 vel
529 1561 667 1594 totum
699 1555 739 1595 in
771 1555 851 1596 isto
880 1570 1073 1596 sermone
1093 1569 1355 1596 consumere.
1378 1563 1476 1596 sunt
1503 1554 1612 1596 enim
1640 1553 1732 1596 haec.

301 1609 477 1665 majora,
499 1625 592 1665 quae
621 1610 796 1652 aliorum
823 1626 948 1653 causa
967 1613 1142 1653 fortasse
1161 1611 1469 1666 complecteris,
1491 1624 1614 1666 quam
1641 1610 1734 1666 ipsa

299 1665 386 1716 illa,
407 1680 587 1722 quorum
609 1666 700 1708 haec
721 1682 845 1708 causa
867 1678 1163 1724 praeparantur.
1223 1669 1289 1709 M.
1311 1669 1417 1708 Sunt
1447 1667 1538 1708 haec
1558 1666 1731 1723 quidem

303 1736 475 1778 magna,
497 1738 590 1778 quae
612 1738 721 1765 nunc
742 1724 920 1765 breviter
940 1725 1230 1780 attinguntur:
1254 1723 1325 1765 sed
1347 1723 1552 1774 omnium,
1573 1738 1666 1779 quae
1689 1723 1730 1765 in

301 1778 524 1820 hominum
555 1779 779 1822 doctorum
811 1781 1093 1836 disputatione
1113 1790 1340 1830 versantur,
1368 1780 1470 1821 nihil
1497 1790 1561 1821 est
1587 1780 1730 1835 profe-

301 1843 372 1876 cto
393 1836 686 1892 praestabilius,
706 1852 832 1892 quam
862 1838 985 1893 plane
1011 1837 1204 1892 intelligi,
1227 1852 1302 1878 nos
1327 1836 1379 1878 ad
1404 1836 1612 1893 justitiam
1640 1850 1731 1878 esse

301 1901 438 1943 natos,
461 1906 596 1948 neque
617 1893 829 1947 opinione,
851 1894 922 1935 sed
951 1904 1097 1935 natura
1118 1894 1392 1935 constitutum
1421 1906 1510 1934 esse
1533 1892 1619 1948 jus·
1680 1892 1730 1934 Id

295 1946 384 2004 jam
423 1949 599 2004 patebit,
630 1950 663 1990 si
701 1950 921 1992 hominum
956 1951 1062 1990 inter
1098 1950 1211 2005 ipsos
1250 1950 1511 2000 societatem,
1550 1947 1729 2005 conjun-

238 2005 570 2061 29ctionemque
587 2007 857 2061 perspexeris.
915 2006 1036 2048 Nihil
1064 2016 1127 2047 est
1160 2006 1270 2047 enim
1300 2021 1431 2047 unum
1464 2005 1538 2047 uni
1561 2014 1648 2046 tam
1672 2006 1730 2046 si-

301 2061 416 2112 mile,
438 2071 525 2102 tam
545 2076 635 2116 par,
656 2077 782 2118 quam
803 2077 948 2104 omnes
968 2063 1076 2103 inter
1097 2063 1375 2117 nosmetipsos
1397 2076 1556 2103 sumus.
1599 2062 1729 2118 Quod

300 2118 335 2158 si
374 2117 613 2173 depravatio
648 2119 1017 2170 consuetudinum,
1052 2119 1085 2159 si
1120 2128 1157 2151 42
1173 2119 1418 2175 opinionum
1454 2118 1612 2159 vanitas
1646 2133 1731 2162 non

301 2173 632 2216 imbecillitatem
664 2175 901 2217 animorum
929 2183 1146 2231 torqueret
1175 2187 1215 2217 et
1239 2176 1438 2226 flecteret,
1457 2189 1730 2231 quocumque

301 2231 498 2286 coepisset
516 2248 525 2272 :
558 2232 621 2272 sui
642 2246 766 2273 nemo
787 2233 875 2288 ipse
896 2242 981 2273 tam
1003 2233 1147 2273 similis
1168 2241 1293 2281 esset,
1314 2246 1442 2287 quam
1465 2246 1609 2273 omnes
1631 2241 1728 2273 sunt

301 2287 506 2328 omnium.
538 2287 680 2344 itaque
713 2304 992 2344 quaecumque
1026 2297 1088 2329 est
1128 2289 1309 2330 hominis
1341 2288 1542 2339 definitio,
1575 2302 1658 2328 una
1686 2288 1728 2329 in

238 2355 292 2388 30
302 2358 448 2385 omnes
469 2344 589 2385 valet.
648 2345 778 2402 Quod
806 2344 1045 2402 argumenti
1068 2345 1165 2387 satis
1186 2354 1264 2395 est,
1286 2344 1442 2385 nullam
1468 2343 1728 2386 dissimilitu-

173 2399 441 2444 v·1⁶2·dinem
464 2415 554 2442 esse
573 2401 615 2441 in
640 2416 805 2457 genere.
826 2417 920 2458 quae
942 2402 974 2444 si
1002 2409 1126 2453 esset,
1147 2416 1231 2443 non
1260 2415 1344 2442 una
1368 2415 1513 2442 omnes
1541 2400 1727 2442 definitio

261 2457 549 2499 ²·contineret.
608 2458 775 2500 Etenim
807 2459 926 2510 ratio,
963 2473 1045 2515 qua
1076 2473 1160 2500 una
1194 2467 1441 2514 praestamus
1472 2456 1623 2508 beluis,
1652 2471 1729 2513 per

299 2528 427 2571 quam
460 2514 704 2571 conjectura
725 2515 926 2565 valemus,
947 2524 1304 2570 argumentamur,
1325 2514 1570 2565 refellimus,
1596 2513 1727 2556 disse-

298 2571 444 2622 rimus,
477 2571 723 2614 conficimus
755 2572 929 2628 aliquid,
964 2571 1268 2623 concludimus,
1299 2581 1412 2612 certe
1441 2580 1506 2613 est
1535 2584 1728 2612 commu-

338 2703 379 2727 4ο
402 2697 432 2726 in
452 2696 488 2726 iis
507 2695 591 2727 libris
613 2708 679 2739 quos
699 2695 824 2739 legistis]
850 2697 933 2728 Sunt
955 2697 990 2727 ii·
1077 2704 1116 2727 42
1141 2696 1299 2735 opinionum
1322 2695 1456 2735 vanitas]
1480 2696 1638 2726 Victorius
1665 2696 1730 2726 edi-

294 2739 382 2776 dem,
399 2740 452 2779 qui
467 2749 562 2780 supra
576 2750 606 2771 c.
623 2746 653 2771 6.
670 2748 748 2770 extr.
1032 2740 1077 2770 dit
1092 2740 1236 2775 varietas,
1254 2741 1339 2779 quod
1358 2747 1388 2770 et
1403 2741 1435 2770 in
1458 2739 1519 2770 Ms.
1539 2740 1648 2778 reperit
1664 2739 1728 2770 Da-

340 2789 375 2812 41
397 2783 529 2823 profecta
548 2782 585 2813 ab
607 2782 659 2826 iis]
685 2784 819 2816 Initium
841 2783 915 2815 fecit
936 2793 990 2815 co·
1032 2783 1140 2813 visiuS.
1156 2782 1268 2822 placet.
1289 2784 1343 2813 sed
1366 2790 1397 2815 et
1418 2782 1537 2814 vanitas
1559 2782 1727 2815 commode

295 2826 466 2864 gnoscendi
480 2826 522 2860 ab
537 2826 586 2859 iis.
1031 2825 1083 2858 hic
1099 2825 1209 2857 locum
1225 2825 1331 2861 nabet.
