1844 3202
579 114 761 155 LIBER
795 113 1076 153 TERTIUS.
1467 116 1544 158 787

276 224 534 277 Fregistifidem
555 240 568 261 .·
597 237 698 275 neque
715 222 805 269 dedi,
823 235 924 274 neque
942 222 983 260 do
1001 221 1130 268 infideli
1148 220 1304 272 cuiquam
1320 235 1332 258 .·

112 312 368 355 quamquam
399 300 452 341 ab
481 298 612 354 impio
642 311 742 354 rege
772 296 940 347 dicitur,
959 294 1174 337 luculente
1204 302 1346 335 tamen
1375 293 1543 336 dicitur.
1554 301 1651 337 127³-

112 355 292 397 Addunt
322 357 462 405 etiam,
483 353 840 410 quemadmodum
871 367 946 393 nos
976 352 1182 402 dicamus,
1201 349 1332 391 videri
1350 350 1630 420 quaedama·0⁹

112 411 245 463 utilia,
267 427 360 467 quae
388 425 471 452 non
499 411 611 452 sint:
640 412 698 452 sic
725 425 770 451 se
795 409 948 459 dicere,
979 407 1107 450 videri
1129 406 1323 463 quaedam
1353 405 1544 457 honesta,
1561 391 1575 420 ¹
1610 405 1631 419 ⁰

110 481 206 522 quae
229 482 312 508 non
343 467 450 508 sint:
482 477 531 508 ut
555 467 638 508 hoc
663 467 802 523 ipsum
830 465 993 507 videtur
1011 465 1254 514 honestum,
1275 462 1546 504 conservandi

104 523 214 578 juris
228 523 400 579 jurandi
421 538 547 566 causa
567 524 620 565 ad
647 524 879 565 cruciatum
910 521 1156 571 revertisse3
1188 519 1261 561 sed
1288 519 1334 560 fit
1359 533 1441 560 non
1468 517 1548 558 ho-

110 587 310 629 nestum3
372 580 454 630 uia,
485 580 600 636 quod
634 595 708 636 per
738 580 818 621 vim
852 578 1039 619 hostium
1072 586 1183 618 esset
1216 584 1373 626 actum,
1407 583 1544 616 ratum

109 648 202 676 esse
229 651 312 677 non
342 595 502 678 debuit.
561 637 741 678 Addunt
767 636 908 686 etiam,
928 634 1134 691 quidquid
1153 633 1270 674 valde
1291 632 1395 674 utile
1416 631 1483 682 sit,
1505 631 1546 671 id

110 691 196 732 fieri
217 691 458 745 honestum,
477 693 603 734 etiam
625 694 660 735 si
680 701 803 734 antea
822 707 906 733 non
925 691 1148 732 videretur.
1209 691 1316 731 Haec
1338 689 1423 730 fere
1443 702 1545 729 con·
1560 680 1630 734 29

108 755 174 788 tra
196 749 422 805 Regulum.
482 750 566 791 Sed
594 750 731 805 prima
756 748 986 790 videamus.
1043 748 1147 788 Non
1171 747 1251 788 fuit
1269 746 1437 801 Jupiter
1456 759 1544 785 me-
1563 753 1635 787 104

108 804 306 858 tuendus,
344 821 396 847 ne
428 807 556 848 iratus
591 815 791 848 noceret:
821 805 893 861 qui
924 818 1060 860 neque
1094 803 1215 845 irasci
1254 802 1376 853 solet,
1410 816 1546 857 neque

109 875 276 902 nocere.
337 864 446 904 Haec
485 862 654 918 quidem
694 862 802 904 ratio
838 875 922 902 non
958 860 1096 916 magis
1134 868 1282 901 contra
1318 857 1547 915 Regulum,

107 931 235 973 quam
267 928 414 960 contra
441 934 567 960 omne
588 918 887 976 jusjurandum
923 917 1045 959 valet.
1080 917 1154 958 sed
1185 917 1226 958 in
1254 915 1547 972 jurejurando,

111 988 195 1014 non
226 976 298 1030 qui
329 985 480 1027 metus,
511 976 586 1017 sed
616 984 652 1013 37
673 991 767 1032 quae
798 975 856 1016 vis
887 975 954 1026 sit,
985 973 1113 1014 debet
1137 973 1329 1028 intelligi.
1350 981 1414 1013 est
1435 972 1546 1013 enim

103 1029 418 1086 jusjurandum,
440 1033 662 1074 affirmatio
682 1032 894 1088 religiosa.
912 1030 1027 1087 quod
1045 1039 1187 1071 autem
1209 1030 1427 1080 affirmate,
1444 1043 1549 1085 qua-

108 1086 143 1127 si
175 1087 256 1129 deo
282 1098 404 1140 teste,
435 1089 674 1145 promiseris
693 1105 702 1129 :
733 1089 775 1130 id
796 1088 1022 1130 tenendum
1052 1096 1130 1128 est.
1145 1087 1236 1144 jam
1256 1086 1368 1127 enim
1390 1100 1474 1127 non
1495 1085 1549 1126 ad

110 1143 212 1184 iram
245 1144 437 1196 deorum,
458 1161 552 1202 quae
584 1146 699 1187 nulla
728 1155 816 1196 est3
849 1144 922 1186 sed
951 1144 1004 1186 ad
1028 1143 1255 1200 justitiam,
1275 1152 1319 1184 et
1348 1142 1402 1184 ad
1424 1142 1548 1183 fidem

107 1200 301 1255 pertinet.
322 1216 420 1242 nam
442 1202 639 1257 praeclare
659 1202 819 1243 Ennius
838 1218 848 1242 ε

274 1291 405 1338 Ofides
424 1292 530 1336 alma,
551 1298 590 1323 38
610 1300 693 1343 apta
705 1293 833 1344 pinnis,
853 1299 885 1329 et
893 1290 1140 1340 jusjurandum
1158 1289 1265 1339 vais
1282 1292 1298 1326 J

109 1365 196 1422 Qui
224 1366 354 1422 igitur
373 1366 672 1424 jusjurandum
696 1367 840 1417 violat,
872 1366 906 1408 is
933 1365 1056 1407 fidem
1088 1365 1228 1415 violat,
1250 1380 1378 1421 quam
1400 1364 1443 1406 in
1462 1364 1547 1406 Ca-

108 1423 259 1477 pitolio
282 1424 457 1465 vicinam
478 1425 593 1466 Jovis
616 1424 779 1480 Optimi
801 1423 982 1464 Maximi
1008 1426 1072 1476 (ut
1095 1423 1138 1463 in
1162 1422 1337 1463 Catonis
1357 1421 1547 1463 oratione

109 1483 189 1532 est)
218 1480 401 1536 majores
431 1481 563 1522 nostri
590 1495 681 1522 esse
705 1481 941 1522 voluerunt.
1000 1481 1063 1520 At
1089 1478 1202 1520 enim
1229 1493 1281 1519 ne
1302 1479 1430 1519 iratus
1451 1479 1544 1534 qui·
1563 1487 1635 1519 105

107 1535 204 1576 dem
236 1537 404 1592 Jupiter
437 1537 531 1592 plus
560 1537 725 1593 Regulo
757 1537 985 1586 nocuisset,
1018 1551 1146 1592 quam
1175 1535 1254 1576 sibi
1285 1535 1430 1576 nocuit
1458 1535 1548 1590 ipse

106 1593 310 1648 Regulus.
373 1593 515 1645 Certe,
536 1595 570 1635 si
598 1595 703 1635 nihil
728 1594 887 1634 malum
917 1601 1041 1643 esset,
1071 1592 1148 1633 nisi
1175 1592 1332 1632 dolere.
1394 1591 1445 1632 Id
1473 1606 1550 1633 au-

108 1657 192 1689 tem
215 1665 299 1690 non
320 1650 450 1691 modo
478 1665 563 1691 non
586 1665 799 1692 summum
828 1649 1003 1699 malum,
1024 1648 1099 1689 sed
1119 1663 1169 1688 ne
1189 1649 1352 1689 malum
1374 1647 1548 1704 quidem

106 1720 212 1757 esse,
234 1707 415 1747 maxima
434 1707 686 1748 auctoritate
706 1706 949 1762 philosophi
979 1705 1187 1746 affirmant
1206 1722 1215 1746 ε
1247 1720 1428 1761 quorum
1452 1705 1547 1760 qui-

106 1761 205 1802 dem
227 1771 377 1804 testem
399 1778 483 1804 non
503 1762 775 1813 mediocrem,
798 1763 870 1804 sed
903 1762 1017 1803 haud
1045 1762 1132 1803 scio
1164 1777 1216 1802 an
1236 1762 1547 1817 gravissimum,
1598 1789 1601 1792 -

110 1819 338 1874 Regulum,
361 1820 506 1870 nolite,
526 1835 686 1876 quaeso,
716 1820 962 1875 vituperare.
993 1833 1120 1874 quem
1150 1819 1262 1859 enim
1292 1818 1546 1872 locupletio-

106 1889 194 1916 rem
217 1877 460 1931 quaerimus,
481 1892 607 1932 quam
634 1877 864 1933 principem
887 1876 1035 1931 populi
1055 1875 1250 1925 Romani,
1271 1876 1341 1931 qui
1361 1874 1545 1915 retinen-

105 1930 150 1972 di
170 1932 295 1973 officii
320 1947 446 1974 causa
473 1933 706 1975 cruciatum
735 1933 908 1973 subierit
934 1931 1215 1973 voluntarium
1236 1933 1248 1972 ?
1282 1933 1396 1972 Nam
1428 1931 1544 1987 quod
1555 1940 1589 1971 b.

105 1988 238 2039 aiunt,
259 1989 433 2030 minima
453 1989 505 2030 de
526 1990 660 2041 malis,
682 1990 724 2031 id
747 1999 824 2038 est,
844 2000 893 2031 ut
911 1988 1089 2044 turpiter
1108 1988 1265 2043 potius,
1287 2002 1411 2044 quam
1434 1988 1546 2029 cala-

108 2045 287 2086 mitose:
319 2061 372 2087 an
400 2055 464 2087 est
491 2046 626 2087 ullum
655 2046 792 2103 majus
825 2045 985 2086 malum
1005 2045 1296 2100 turpitudine?
1330 2060 1425 2101 quae
1447 2045 1481 2085 si
1502 2045 1546 2085 in

107 2101 378 2143 deformitate
398 2103 586 2158 corporis
606 2103 736 2145 habet
756 2102 915 2158 aliquid
937 2102 1193 2152 offensionis,
1211 2110 1368 2157 quanta
1383 2102 1455 2142 illa
1470 2101 1542 2142 de-

105 2158 307 2212 pravatio,
340 2168 382 2200 et
412 2159 579 2200 foeditas
612 2160 838 2216 turpificati
870 2158 999 2199 animi
1032 2158 1160 2199 debet
1188 2159 1346 2200 videri?
1380 2159 1545 2214 Itaque,
1560 2158 1635 2200 106

110 2215 322 2257 nervosius
353 2216 425 2272 qui
452 2216 532 2257 ista
561 2216 787 2267 disserunt,
808 2215 947 2257 solum
969 2215 1127 2256 audent
1146 2216 1306 2257 malum
1327 2215 1466 2256 dicere
1485 2214 1545 2266 id,

109 2271 223 2325 quod
243 2281 364 2328 turpe
386 2273 439 2313 sit
459 2289 468 2313 ε
501 2274 573 2329 qui
594 2284 737 2314 autem
764 2272 994 2323 remissius,
1014 2271 1058 2312 hi
1079 2281 1223 2313 tamen
1244 2288 1330 2314 non
1349 2271 1548 2315 dubitant

110 2341 323 2370 summum
347 2329 507 2371 malum
530 2329 683 2371 dicere.
741 2331 857 2370 Nam
878 2328 984 2370 illud
1005 2328 1195 2384 quidem,

270 2419 388 2470 Neque
405 2419 493 2465 dedi,
512 2433 613 2472 neque
631 2419 785 2467 defidem
804 2419 932 2466 infideli
950 2420 1105 2470 cuiquam
1121 2436 1132 2456 :

107 2491 264 2534 idcirco
287 2501 400 2534 recte
425 2508 450 2534 a
476 2498 602 2550 poeta
621 2509 632 2544 ;
663 2494 775 2550 quia,
801 2508 900 2535 cum
925 2501 1178 2534 tractaretur
1200 2493 1374 2546 Atreus,
1401 2508 1547 2550 perso-

108 2563 174 2590 nae
203 2549 466 2591 sem'endum
497 2551 589 2592 fuit.
648 2550 733 2591 Sed
763 2551 795 2591 si
825 2550 908 2592 hoc
939 2549 1019 2591 sibi
1050 2559 1237 2600 sumunt,
1264 2551 1422 2592 nullam
1453 2565 1545 2592 esse

154 2679 191 2707 37
218 2684 285 2715 quae
308 2673 356 2703 vis
380 2673 432 2713 sit]
459 2673 510 2705 Sc.
534 2675 739 2714 jurisjurandi
766 2677 805 2706 ad
848 2677 928 2706 dum
952 2675 1033 2706 nihil
1056 2685 1123 2707 esse
1144 2676 1244 2712 aliud,
1260 2685 1359 2715 quam
1376 2674 1498 2704 fidem:
1515 2675 1547 2704 id

110 2715 295 2755 obligandos
310 2718 472 2754 homines,
488 2727 561 2757 quae
575 2720 754 2750 auctoritas.
850 2719 933 2749 clare
958 2725 1042 2758 patet
1065 2729 1106 2749 ex
1129 2728 1178 2755 eo,
1200 2720 1284 2758 quod
1307 2728 1347 2748 ex
1368 2718 1429 2747 hoc
1452 2726 1547 2748 versu
1570 2745 1574 2749 ,

155 2765 194 2789 38
217 2766 288 2799 apta
303 2759 415 2799 pinnis]
436 2761 456 2790 i.
473 2770 500 2790 e.
517 2760 609 2792 alata.
653 2762 803 2792 Ceterum
848 2761 989 2800 colligit:
1013 2762 1068 2800 qui
1088 2762 1317 2802 jusjurandum
1339 2760 1447 2797 violat,
1465 2760 1489 2789 is
1510 2760 1547 2793 fi-

111 2802 200 2832 hunc
223 2812 350 2833 versum
375 2813 439 2833 non
455 2805 529 2834 satis
547 2804 702 2838 intellexit
715 2805 805 2835 Pear·
847 2805 921 2835 dem
936 2803 1044 2836 violat.

108 2844 187 2878 cius.
230 2845 278 2876 Eo
294 2846 402 2877 Cicero
418 2847 487 2877 vult
502 2847 625 2883 docere,
644 2848 805 2886 jusjuran-
