1844 3202
309 120 387 162 894
679 116 740 153 Μ.
772 116 994 153 TULLII
1033 115 1371 156 CICERONIS

364 224 495 264 NON.
527 223 789 279 Improbum.)
831 225 972 266 Debes
1004 225 1142 266 odisse
1173 225 1488 282 improbitatem
1518 225 1626 283 ejus,
1646 225 1745 283 quia

305 279 721 333 impudentissimum
744 296 898 322 nomen
919 281 1138 337 delegerit.

362 336 496 379 NON.
528 337 682 390 Tueri.)
730 339 790 379 Ut
823 339 962 388 sciret,
1000 340 1161 394 majore
1191 354 1293 380 cura
1322 338 1479 381 tuenda
1508 353 1615 391 esse,
1649 353 1745 395 quae

304 402 424 447 parta
450 403 561 435 sunt.

742 473 814 513 Ad
833 473 1003 514 eandem
1024 472 1142 528 epist.
1161 473 1230 514 lib.
1254 475 1312 515 II.

359 549 492 590 NON.
525 550 710 604 Locare.)
744 551 826 593 Vel
873 553 957 594 uod
980 552 1135 594 locatio
1156 553 1247 608 ipsa
1266 552 1462 608 pretiosa.
1522 579 1527 586 ›

360 605 493 646 NON.
515 607 702 660 Patare.)
736 566 870 665 Quod
889 609 1098 665 sapientes
1119 609 1312 651 homines
1333 624 1380 650 ac
1399 608 1501 650 boni
1522 614 1686 664 putant.

362 661 536 725 Csxnis.
569 662 640 703 lib.
666 666 715 718 1.)
756 666 911 721 Neque
943 681 1019 722 pro
1051 677 1178 708 cauto
1212 681 1260 708 ac
1293 666 1494 721 diligente
1523 679 1567 706 se
1597 662 1744 706 castris

303 727 528 760 contmuit.

360 775 492 815 NON.
525 776 876 831 Monumentmn.)
916 778 1001 820 Sed
1034 793 1116 835 ego
1144 795 1239 835 quae
1266 777 1529 819 monumenti
1549 777 1654 819 ratio
1674 775 1744 827 sit,

303 831 473 872 nomine
502 833 594 887 ipso
623 833 869 876 admoneor.
901 836 953 877 ad
976 836 1224 878 memoriam
1248 834 1386 890 magis
1407 844 1597 890 spectare
1618 834 1744 875 debet

302 888 574 941 posteritatis,
596 905 723 945 quam
743 891 797 931 ad
818 893 1036 946 praesentis
1058 893 1259 948 temporis
1281 891 1478 948 gratiam.

728 982 800 1023 Ad
818 983 988 1024 eundem
1008 983 1128 1038 epist.
1152 984 1221 1024 lib.
1241 986 1322 1026 ΙΙΙ.

354 1058 487 1098 NON.
516 1058 771 1113 Dimittere.)
815 1062 924 1117 Quae
958 1062 990 1102 si
1023 1063 1197 1114 videres,
1228 1078 1313 1104 non
1344 1062 1396 1104 de
1426 1062 1613 1104 exercitu
1642 1062 1742 1104 reti·

299 1114 436 1155 nendo
459 1116 581 1166 tueri,
603 1116 675 1157 sed
695 1132 746 1158 eo
769 1119 941 1169 tradito,
963 1128 1036 1160 aut
1057 1119 1247 1160 dimisso.

354 1172 488 1212 NON.
523 1173 770 1227 Contesnmo.)
807 1177 831 1202 ⁵*
850 1176 993 1216 Amici
1016 1177 1206 1218 nonnulli
1233 1192 1255 1217 a
1284 1185 1325 1218 te
1350 1175 1580 1227 contemni,
1602 1191 1650 1217 ac
1672 1175 1744 1217 de-

299 1228 417 1283 spici,
439 1243 486 1269 ac
508 1244 585 1285 pro
607 1230 739 1272 nihilo
761 1231 906 1273 haberi
928 1242 1118 1274 senatum
1141 1233 1283 1276 velint.

714 1320 785 1361 Ad
804 1321 970 1363 eundem
993 1338 1044 1364 ex
1065 1323 1134 1364 lib.
1159 1323 1322 1365 incerto.

355 1388 488 1428 NON.
517 1388 703 1442 Levczre.)
745 1390 841 1431 Jam
865 1391 1206 1446 amplitudinem,
1226 1391 1493 1447 gloriamque
1514 1399 1630 1431 tuam
1654 1403 1743 1430 ma-

297 1458 386 1500 gno
410 1444 512 1485 mihi
534 1455 784 1487 ornamento
806 1447 896 1488 fore
916 1448 1127 1499 existimo,
1148 1448 1262 1504 quod
1281 1463 1350 1489 me
1370 1447 1480 1490 levas
1499 1462 1614 1489 cura.

354 1502 487 1542 NON.
526 1503 756 1559 Consequi.)
802 1505 1002 1545 Extrema
1035 1519 1133 1546 vero
1171 1519 1247 1547 nec
1284 1514 1455 1561 quanta,
1493 1519 1570 1546 nec
1605 1502 1743 1559 qualia

298 1557 394 1609 sint,
417 1558 550 1599 verbis
571 1560 776 1616 consequi
798 1575 990 1615 possum.
1395 1574 1405 1586 ·

559 1659 645 1699 AD
679 1659 823 1700 CAES.
854 1659 1170 1700 JUNIOREM
1202 1660 1323 1714 epist.
1349 1660 1419 1702 lib.
1444 1662 1479 1702 Ι.

745 1740 878 1781 Cicero
905 1738 1235 1793 Caesarijzmiorz'
1258 1740 1301 1781 S.

357 1817 506 1859 Omnia
527 1833 577 1859 ex
596 1819 791 1868 Nomo,
815 1818 1003 1874 Sagum.)
1046 1818 1182 1859 Pridie
1205 1833 1336 1860 nonas
1358 1819 1480 1860 Febr.
1507 1833 1604 1860 cum
1625 1819 1677 1861 ad
1700 1828 1742 1861 te

296 1875 458 1916 litteras
480 1889 602 1915 mane
625 1875 853 1926 dedissem,
873 1874 1068 1916 descendi
1098 1874 1151 1916 ad
1181 1876 1322 1916 forum
1346 1885 1534 1932 togatus,
1555 1890 1651 1918 cum
1675 1891 1741 1918 re-

296 1932 400 1989 liqui
425 1931 666 1973 consulares
695 1932 830 1988 sagati
852 1931 1005 1973 vellent
1025 1931 1290 1973 descendere.

353 1988 538 2040 Aditus.)
574 1991 599 2016 ''ss
622 1998 665 2030 et
695 1997 767 2030 aut
800 1989 853 2029 ad
881 1988 1091 2038 consules,
1113 1998 1186 2029 aut
1217 1988 1270 2029 ad
1300 1996 1357 2039 te,
1380 1998 1453 2030 aut
1478 1987 1532 2029 ad
1555 1988 1738 2029 Brutum

296 2045 496 2096 adissent,
517 2045 582 2085 his
604 2046 742 2086 fraudi
764 2059 815 2085 ne
837 2054 962 2095 esset,
984 2045 1100 2100 quod
1122 2059 1217 2086 cum
1242 2045 1433 2087 Antonio
1453 2045 1647 2086 fuissent.

319 2159 328 2167 .
355 2102 580 2155 Relatum.)
620 2102 702 2142 Sed
725 2102 816 2143 haec
838 2101 1080 2152 viderimus,
1099 2116 1195 2142 cum
1217 2101 1350 2158 legati
1371 2116 1571 2158 responsa
1588 2101 1743 2143 retule-

296 2168 393 2201 rint.

358 2216 395 2256 V
401 2215 608 2268 indicare.)
649 2214 782 2271 Quasi
809 2215 842 2255 si
869 2229 937 2255 me
966 2213 1018 2255 ad
1049 2213 1091 2254 id
1117 2214 1370 2255 beneficium
1390 2227 1632 2265 arcesseres,
1654 2229 1740 2270 quo

295 2286 370 2329 per
392 2288 432 2313 te
454 2288 524 2313 me
544 2287 629 2313 una
649 2270 987 2328 cum-republica
1004 2271 1045 2312 in
1067 2270 1305 2312 libertatem
1327 2270 1618 2311 vindicassem.

351 2329 560 2383 Accipere.
593 2329 784 2385 Rogare.)
830 2330 953 2383 Roga
973 2328 1129 2383 ipsum,
1150 2327 1508 2383 quemadmodum
1535 2341 1618 2384 ego
1639 2341 1737 2369 eum

296 2386 479 2427 Arimini
501 2386 750 2441 acceperim.

356 2442 582 2495 Grznctari.)
618 2442 700 2483 Sed
721 2442 808 2483 cito
826 2440 1039 2497 poenituit,
1060 2440 1236 2481 domum
1258 2438 1396 2490 rediit,
1417 2439 1545 2481 ceteri
1565 2448 1740 2481 cuncta-

296 2500 532 2611 bagttiiirio.)
575 2557 678 2596 Erat
699 2555 842 2610 opinio
864 2554 977 2595 bona
997 2553 1048 2594 (le
1072 2552 1240 2603 Planco,
1258 2552 1370 2593 bona
1391 2551 1443 2592 de
1464 2550 1642 2608 Lepido.

356 2614 633 2667 Comparare.)
669 2615 693 2639 r
712 2612 922 2652 neminem
951 2610 1027 2651 tibi
1059 2610 1250 2665 profecto
1279 2608 1497 2650 hominem
1524 2622 1574 2648 ex
1595 2609 1735 2649 omni-

295 2670 374 2712 bus
395 2679 467 2711 aut
489 2669 820 2725 anteposuissem
843 2682 1063 2723 umquam,
1084 2665 1302 2707 autetiam
1326 2678 1655 2720 comparassem.

353 2726 592 2782 Expedire.)
628 2728 690 2767 Ex
711 2725 860 2767 ceteris
883 2734 1023 2765 autem
1046 2723 1274 2778 generibus
1292 2732 1392 2764 tunc
1413 2720 1592 2777 pecunia
1610 2735 1737 2776 expe-

292 2783 447 2834 dietur,
470 2798 569 2825 cum
596 2783 837 2839 legionibus
865 2780 1106 2823 victricibus
1133 2789 1272 2831 erunt,
1294 2795 1389 2835 quae
1411 2777 1734 2835 spopondimus,

292 2840 580 2897 persolvenda.
