1844 3202
258 100 341 155 936
648 108 707 148 M.
735 109 948 148 TULLII
992 110 1323 150 CICERONIS

261 214 392 256 duum
412 222 520 256 esset
540 215 583 257 in
604 231 794 273 corpore.
844 220 905 260 Ea
925 234 1022 260 cum
1045 219 1123 260 tria
1145 219 1374 269 sumsisset,
1394 232 1519 259 unam
1538 217 1580 259 in
1597 229 1691 277 spe-

261 271 369 311 ciem
391 274 662 328 temperavit:
695 284 968 331 naturamque
1001 274 1130 326 illam,
1153 290 1279 331 quam
1300 274 1468 316 alterius
1493 275 1688 323 diximus,

261 327 326 368 vel
361 342 459 369 cum
490 329 637 371 eadem
669 331 901 387 conjunxit,
936 331 1184 386 fugientem,
1213 341 1256 373 et
1287 331 1377 388 ejus
1410 330 1688 386 copulationis

262 384 457 435 alienam,
488 387 739 441 permiscens
768 401 867 428 cum
897 387 1083 437 materia,
1114 402 1211 429 eum
1241 402 1292 428 ex
1321 388 1455 428 tribus
1485 387 1691 428 effecisset

260 454 410 492 unum,
444 441 487 483 id
521 442 659 497 ipsum
692 443 733 484 in
769 457 831 494 ea,
864 458 959 499 quae
989 442 1146 494 decuit,
1180 444 1367 485 membra
1398 444 1575 499 partitus
1610 449 1688 483 est.

261 497 359 538 Jam
387 506 527 553 partes
558 499 744 554 singulas
774 514 824 540 ex
853 499 1018 549 eodem,
1048 508 1090 540 et
1119 514 1169 540 ex
1199 500 1346 550 altero,
1366 509 1408 542 et
1435 515 1486 541 ex
1515 497 1690 540 materia

261 555 523 609 temperavit.
583 555 679 596 Fuit
698 564 839 596 autem
872 556 964 596 talis
987 555 1057 596 illa
1077 556 1260 611 partitio.
1322 557 1463 598 Unam
1484 555 1615 612 princi
1648 555 1689 595 io

260 619 420 665 partem
450 610 629 652 detraxit
649 625 699 652 ex
728 620 847 653 toto:
880 611 1103 653 secundam
1134 621 1276 653 autem
1296 613 1440 668 primae
1462 613 1590 668 partis
1640 627 1689 652 u-

261 665 401 721 plam:
433 666 582 712 deinde
615 668 794 718 tertiam,
816 683 909 724 quae
937 676 1047 709 esset
1077 669 1271 711 secundae
1302 669 1583 725 sesquialtera,
1603 667 1688 723 pri·-

259 737 343 763 -mae
364 722 510 777 tripla:
538 723 688 765 deinde
710 733 915 780 quartam,
936 740 1031 780 quae
1052 724 1243 766 secundae
1264 724 1394 780 dupla
1413 734 1544 766 esset:
1566 724 1687 780 quin-

259 787 347 820 tam
377 778 487 829 inde,
507 794 602 835 quae
633 781 765 822 tertiae
796 782 944 837 tripla:
975 789 1067 822 tum
1097 791 1253 822 sextam
1275 781 1491 837 octuplam
1513 782 1688 836 primae:

260 844 478 890 postremo
501 837 737 892 septimam,
758 852 853 893 quae
881 845 1057 892 septem,
1078 846 1121 878 et
1145 837 1291 893 viginti
1311 838 1500 892 partibus
1521 846 1687 878 antece-

261 890 378 932 deret
397 892 558 946 primae.
614 893 780 933 Deinde
809 894 988 935 instituit
1015 893 1158 949 dupla,
1180 903 1222 934 et
1240 893 1363 961 tripla
1381 893 1594 934 intervalla
1615 908 1687 933 ex-

259 948 388 1002 plere,
408 957 546 1002 partes
566 964 706 995 rursus
727 964 777 989 ex
804 958 896 990 toto
924 950 1146 990 desecans:
1179 964 1280 1005 quas
1301 949 1524 991 mter-vallis
1544 950 1603 990 ita
1622 949 1685 989 lo-

259 1003 398 1054 cabat,
420 1013 466 1045 ut
496 1005 537 1045 in
567 1005 744 1060 singulis
765 1015 904 1047 essent
922 1006 1019 1046 bina
1040 1006 1177 1047 media
1198 1023 1207 1045 t
1238 1007 1303 1047 vix
1327 1006 1438 1046 enim
1467 1005 1601 1046 audeo
1623 1005 1689 1046 di-

260 1073 355 1100 cere
385 1061 645 1111 medietates,
676 1077 779 1117 quas
810 1062 949 1103 Graeei
977 1063 1180 1115 μεσότητας
1209 1062 1444 1118 appellant:
1476 1062 1550 1103 sed
1570 1061 1690 1117 quasi

259 1116 319 1158 ita
338 1116 528 1168 dixerim,
548 1118 833 1174 intelligatur-3
864 1119 942 1159 erit
961 1119 1072 1159 enim
1093 1119 1271 1175 planius.
1320 1120 1476 1165 Earum
1498 1119 1688 1168 alteram,

258 1172 406 1213 eadem
429 1183 545 1228 parte
565 1185 832 1230 praestantem
854 1176 1064 1226 extremis,
1084 1175 1317 1231 eademque
1338 1184 1571 1230 superatam
1589 1191 1597 1218 :
1629 1174 1689 1215 al-

259 1238 390 1270 teram
412 1230 501 1285 pari
522 1245 697 1272 numero
717 1240 984 1287 praestantem
1006 1233 1214 1282 extremis,
1231 1232 1402 1288 parique
1422 1245 1597 1273 numero
1618 1245 1687 1271 su-

258 1296 461 1341 peratam.
521 1288 812 1343 Sesquialteris
842 1299 983 1329 autem
1012 1288 1248 1339 intervallis,
1271 1297 1313 1328 et
1336 1287 1624 1344 sesquitertiis,
1646 1295 1689 1328 et

259 1343 556 1398 sesquioctavis
577 1344 725 1385 sumtis
745 1359 796 1385 ex
823 1344 886 1384 his
906 1345 1247 1400 colligationibus
1267 1345 1307 1386 in
1329 1345 1473 1400 primis
1495 1343 1687 1385 interval-

258 1398 324 1449 lis,
345 1400 634 1454 sesquioctavo
659 1401 888 1451 intervallo,
909 1402 1171 1457 sesquitertia
1200 1401 1342 1442 omnia
1360 1401 1568 1456 explebat,
1588 1414 1687 1441 cum

258 1455 507 1510 particulam
549 1456 812 1512 singulorum
845 1457 945 1498 relin
981 1467 1107 1499 ueret.
1166 1458 1270 1514 Ejus
1300 1467 1441 1498 autem
1471 1456 1688 1512 particulae

257 1512 474 1553 intervallo
501 1512 683 1554 habebat
710 1527 907 1554 numerus
929 1473 982 1554 ad
1003 1528 1223 1555 numerum
1253 1514 1427 1554 eandem
1449 1513 1688 1568 proportio-

258 1582 372 1619 nem,
402 1569 844 1625 comparationemque
876 1570 917 1610 in
951 1570 1161 1620 extremis,
1193 1585 1318 1625 quam
1350 1570 1505 1610 habent
1536 1583 1684 1610 CCLVI

257 1638 356 1665 cum
378 1638 580 1675 ccxmu,
601 1634 726 1681 atque
748 1626 805 1666 ita
826 1626 1070 1681 permistum
1104 1626 1222 1676 illud,
1243 1640 1292 1666 ex
1312 1641 1396 1681 quo
1419 1626 1510 1666 haec
1539 1625 1686 1676 secuit,

251 1681 343 1737 jam
380 1695 506 1722 omne
537 1692 838 1723 consumserat.
897 1683 1021 1723 Hanc
1056 1683 1185 1737 igitur
1219 1697 1387 1723 omnem
1421 1681 1686 1740 conjunctio-

259 1751 370 1787 nem,
400 1737 613 1792 duplicem
643 1737 684 1780 in
714 1737 1020 1793 longitudinem
1050 1739 1223 1780 diffidit:
1255 1739 1487 1793 mediaeque
1517 1752 1687 1780 accom-

257 1793 436 1835 modans
464 1794 663 1845 mediam,
685 1796 802 1850 quasi
831 1794 1088 1837 decussavit:
1121 1795 1273 1836 deinde
1301 1795 1344 1836 in
1371 1796 1518 1836 orbem
1549 1795 1686 1846 torsit,

256 1860 307 1891 ut
332 1859 374 1891 et
398 1850 499 1904 ipsae
529 1865 685 1901 secum,
706 1861 747 1893 et
765 1851 872 1892 inter
893 1866 952 1902 se,
974 1866 1025 1892 ex
1045 1852 1336 1903 commissura,
1357 1867 1450 1908 quae
1471 1866 1494 1892 e
1514 1851 1686 1907 regione

258 1915 380 1956 esset,
403 1907 712 1963 jungerentur3
745 1922 879 1963 eoque
908 1916 1044 1958 motu,
1065 1909 1185 1964 cujus
1215 1909 1328 1949 orbis
1358 1922 1520 1963 semper
1549 1909 1590 1949 in
1611 1922 1684 1949 eo-

257 1963 354 2004 dem
376 1973 478 2014 erat,
500 1964 734 2019 eodemque
754 1964 882 2005 modo
904 1965 1105 2015 ciebatur,
1129 1964 1312 2020 undique
1333 1973 1396 2005 est
1415 1978 1483 2005 eas
1503 1965 1684 2007 circum-

256 2019 418 2075 plexus.
476 2020 620 2076 Atque
650 2020 709 2062 ita
737 2035 834 2062 cum
860 2021 1037 2061 alterum
1063 2031 1173 2063 esset
1198 2021 1443 2062 exteriorem
1466 2020 1685 2075 amplexus

257 2077 433 2117 orbem:
463 2076 596 2127 illum,
627 2077 814 2133 ejusdem
849 2085 1035 2127 naturae3
1067 2078 1194 2127 hunc,
1224 2077 1393 2118 alterius
1429 2077 1685 2118 nominavit:

258 2147 452 2188 eamque,
473 2143 678 2188 quae'erat
704 2133 908 2189 ejusdem,
931 2133 1105 2175 detorsit
1124 2149 1148 2175 a
1169 2134 1298 2174 latere
1316 2133 1358 2174 in
1380 2133 1566 2174 dextram
1588 2147 1685 2188 par-

257 2198 341 2230 tem
362 2206 371 2230 z
404 2189 509 2230 hanc
530 2199 670 2230 autem
700 2191 902 2239 citimam,
925 2204 949 2230 a
968 2191 1105 2231 media
1137 2190 1247 2231 linea
1273 2190 1421 2230 direxit
1441 2189 1493 2230 ad
1512 2190 1682 2230 laevam:

231 2254 237 2260 '
258 2245 330 2286 sed
361 2245 638 2301 principatum
669 2246 782 2287 dedit
803 2247 1019 2302 superiori,
1042 2262 1165 2303 quam
1190 2247 1320 2287 solam
1342 2245 1594 2286 individuam
1617 2260 1684 2286 re-

256 2301 393 2358 liquit.
453 2303 699 2343 Interiorem
730 2312 871 2344 autem
898 2317 994 2344 cum
1030 2304 1070 2344 in
1103 2318 1174 2344 sex
1200 2312 1338 2358 partes
1370 2302 1586 2351 divisisset,
1617 2317 1683 2343 se-

256 2369 373 2414 ptem
393 2359 514 2399 orbes
535 2359 732 2414 dispares,
755 2359 884 2414 duplo
913 2371 955 2401 et
976 2360 1101 2415 triplo
1120 2359 1334 2400 intervallo
1357 2360 1515 2399 moveri
1539 2358 1681 2415 jussit,

257 2416 473 2456 contrariis
503 2415 609 2456 inter
639 2430 681 2456 se
711 2417 917 2457 cursibus.
937 2430 1083 2457 eorum
1115 2426 1254 2456 autem
1287 2416 1411 2456 trium
1444 2415 1543 2457 fecit
1562 2429 1683 2470 pares

257 2471 519 2512 celeritates:
550 2471 622 2512 sed
652 2481 863 2527 quattuor,
889 2480 931 2513 et
960 2473 1066 2513 inter
1095 2487 1138 2512 se
1167 2471 1366 2526 dispares,
1389 2481 1431 2512 et
1461 2471 1682 2514 dissimiles

224 2531 246 2563 8
260 2528 384 2569 trium
402 2529 676 2584 reliquorum.
711 2529 915 2569 Animum
938 2529 1065 2583 igitur
1083 2543 1177 2569 cum
1196 2528 1265 2568 ille
1283 2537 1520 2583 procreator
1536 2528 1681 2569 mundi

259 2586 379 2626 Deus
408 2599 457 2626 ex
493 2600 566 2626 sua
599 2594 753 2636 mente,
788 2593 830 2625 et
860 2584 1072 2626 divinitate
1106 2585 1347 2640 genuisset:
1379 2594 1469 2625 tum
1501 2584 1682 2639 denique

259 2655 400 2691 omne,
421 2641 535 2697 quod
562 2649 650 2682 erat
670 2649 927 2691 concretum,
948 2650 1072 2696 atque
1104 2655 1369 2696 corporeum,
1391 2640 1684 2682 substernebat

257 2699 413 2748 animo,
443 2698 699 2754 interiusque
728 2698 935 2739 faciebat:
964 2708 1090 2753 atque
1120 2698 1178 2738 ita
1215 2697 1354 2738 medio
1394 2697 1580 2738 medium
1610 2710 1682 2737 ae·

257 2754 532 2796 commodans
552 2754 790 2811 copulabat.
849 2755 918 2795 Sic
947 2754 1109 2795 animus
1139 2769 1163 2794 a
1188 2754 1328 2795 medio
1358 2754 1586 2809 profectus,
1606 2767 1678 2793 ex-

258 2811 514 2854 tremitatem
535 2811 632 2855 coeli
659 2826 683 2854 a
703 2825 896 2868 suprema
925 2811 1094 2867 regione
1114 2810 1296 2853 rotundo
1316 2810 1478 2854 ambitu
1496 2809 1678 2852 circum-
