1844 3202
251 113 332 157 980
624 107 684 147 M.
715 108 930 146 TULLII
969 108 1306 147 CICERONIS

254 216 367 257 tione
386 215 583 280 ejiciant,
591 231 761 258 necesse
786 227 864 258 est.
897 232 1032 273 neque
1062 217 1170 257 enirn
1205 217 1399 258 humanis
1420 217 1530 258 euris
1554 217 1697 281 impli-

254 273 362 313 citus
395 281 488 313 toto
520 273 661 313 animo
692 273 745 314 de
775 274 919 329 patriae
952 274 1131 323 salute,
1120 284 1246 329 atque
1276 274 1457 315 utilitate
1489 275 1698 338 cogitare,

257 339 330 370 aut
358 329 526 369 laudem
557 331 632 370 sibi
666 330 876 385 praeclaris
903 330 1140 370 actionibus
1170 345 1428 394 eompaiaie,
1450 331 1511 371 vel
1533 331 1696 386 egregii

257 385 488 441 quidquam
511 386 771 441 suscipere,
760 402 807 427 ac
832 386 1036 426 sustinere
1058 397 1199 441 queat.
1232 387 1316 427 suis
1337 398 1478 428 autem
1502 402 1696 427 eommo-

258 442 336 492 dis,
358 458 406 482 ac
438 442 671 483 rationibus
703 443 976 497 prospiciens,
1008 453 1048 482 et
1079 443 1317 505 consulens,
1347 454 1485 484 cetera
1515 443 1698 494 omittet,

258 499 311 539 de
337 513 380 540 50
411 499 501 554 ipso
529 499 633 549 dies,
657 508 885 554 noctesque
916 499 1135 553 cogitabit.
1169 499 1225 540 ita
1253 515 1329 540 nec
1362 501 1458 541 boni
1486 501 1600 548 civis,
1623 515 1699 540 nec

258 556 360 596 boni
383 556 455 596 viri
478 556 678 610 fungetur
699 555 853 596 officio.
887 555 1044 596 bonum
1067 556 1177 596 enim
1200 556 1330 596 virum
1353 556 1565 607 ‹lecet„de
1585 565 1698 597 cete-

260 626 401 653 rorum
425 612 662 653 commodis
686 627 805 667 aeque
827 612 1033 661 laborare,
1055 627 1101 652 ac
1125 613 1176 653 de
1200 613 1308 653 suis:
1341 613 1498 653 bonum
1524 628 1619 654 vero
1640 613 1701 654 ci-

260 683 369 719 vem,
392 683 467 708 sua
495 669 639 709 onmia
668 668 901 724 posteriora
932 668 1103 717 habere,
1126 669 1270 724 patriae
1300 670 1526 710 commoda
1553 670 1700 724 prima,

259 735 301 766 et
323 726 506 766 maxima
525 725 693 766 ducere.
716 741 739 766 a
758 725 911 780 quibus
934 740 1070 780 neque
1091 725 1252 775 dolore,
1271 741 1406 780 neque
1423 726 1507 766 ulla
1528 727 1703 767 omnino

260 782 448 822 humana
467 781 587 822 avelli
608 782 924 837 perturbatione
945 782 1163 822 debemus.
1225 782 1426 823 Periclem
1449 793 1616 823 narrant
1636 783 1700 823 hi·-

261 839 402 879 storiae
438 838 546 879 intra
577 838 851 894 quatriduum
884 839 1050 879 duobus
1081 838 1188 887 filiis,
1220 839 1383 879 eximite
1415 838 1568 880 indolis
1599 840 1702 880 ado-

261 895 533 944 lescentibus,
552 909 643 936 esse
665 896 877 936 orbatum.
900 896 973 950 qui
994 910 1128 950 usque
1149 909 1200 936 eo
1222 896 1354 946 fortis,
1375 911 1422 936 ac
1445 904 1642 936 constans
1662 896 1704 936 in

263 952 381 992 luctu
404 953 497 1001 fuit,
519 961 567 992 ut
596 952 701 992 nihil
731 966 902 1007 prorsus
934 952 987 993 de
1016 952 1193 1007 pristino
1223 952 1247 992 11
1254 952 1390 1003 1111111,
1406 953 1609 1008 cultuque
1630 953 1704 994 de-

264 1008 477 1058 minuerit,
500 1008 575 1049 sed
594 1008 792 1059 eundem,
816 1023 940 1064 quen]
969 1018 1106 1059 antea,
1129 1009 1167 1049 in
1196 1009 1470 1050 concionibus
1501 1009 1705 1050 habendis

263 1079 442 1116 morem,
468 1065 682 1129 ritumque
699 1052 911 1107 seriarit:
945 1080 1020 1106 nec
1051 1079 1253 1120 umquam
1285 1080 1483 1106 emonam
1516 1080 1538 1106 e
1569 1080 1661 1125 capi
1666 1076 1706 1107 te

263 1121 521 1187 deposuerit.
554 1122 606 1162 de
638 1136 722 1177 quo
753 1121 956 1162 traditum
988 1131 1066 1171 est,
1095 1122 1195 1162 1111111
1229 1137 1325 1163 eum
1358 1123 1566 1178 putaxisse
1597 1115 1706 1163 indi-

262 1180 391 1235 gnius
413 1179 620 1229 f,utururn
640 1193 765 1234 quam
790 1179 823 1219 si
844 1178 1016 1234 aliquod
1036 1179 1156 1220 fracti
1175 1179 1302 1220 animi
1326 1180 1493 1234 signum
1513 1179 1706 1220 moeroris

264 1250 391 1277 causa
412 1235 608 1276 muliebri
627 1250 746 1276 more
768 1235 981 1276 edidisset.
1004 1237 1156 1276 fortem
1181 1251 1279 1276 sane
1302 1235 1532 1285 hominem,
1554 1246 1597 1277 et
1617 1251 1706 1276 ma-

263 1307 350 1348 gna
377 1291 516 1356 laude,
545 1302 786 1356 aeternaque
816 1292 1021 1333 memoria
1054 1292 1379 1347 dignissimum:
1413 1307 1539 1348 quen]
1572 1306 1708 1348 neque

265 1357 424 1390 naturae
454 1348 529 1398 vis,
558 1349 610 1389 ad
642 1349 817 1389 nimium
851 1363 961 1404 saepe
997 1363 1185 1390 amorem
1217 1350 1401 1399 trahens,
1435 1350 1622 1404 potuerit
1655 1349 1707 1390 de

266 1414 380 1447 statu
402 1406 628 1456 dimovere,
649 1414 691 1446 et
713 1405 765 1446 ad
787 1405 977 1446 dolorem
1000 1405 1224 1457 abducere,
1247 1421 1323 1447 nec
1345 1406 1575 1447 liberorum
1597 1406 1707 1446 desi-

265 1463 447 1512 derium,
483 1477 591 1518 quos
625 1474 767 1503 tamen
799 1477 965 1503 summe
1000 1462 1196 1503 dilexisse
1229 1462 1397 1513 dicitur,
1427 1463 1515 1503 ulla
1547 1463 1709 1504 ratione

265 1520 536 1575 perturbarit.
564 1533 641 1560 nec
663 1519 832 1560 mirum.
861 1533 956 1559 vera
976 1519 1088 1559 enim
1109 1519 1317 1560 fortitudo
1340 1520 1480 1561 inanes
1503 1519 1708 1561 sollicitu-

265 1576 385 1640 dines
415 1576 544 1632 ejicit,
575 1590 623 1616 ac
654 1575 862 1640 depellit:
893 1575 1096 1630 opprimit
1124 1576 1405 1630 cupiditates:
1447 1576 1628 1632 imperat
1654 1576 1709 1617 ti-

250 1632 401 1678 ,1110111
434 1632 537 1672 1111111
559 1643 699 1673 autem
724 1632 899 1687 appetit,
921 1633 1019 1672 forti
1040 1633 1128 1673 viro
1151 1633 1402 1688 indignum:
1434 1647 1511 1674 nec
1539 1634 1591 1674 ab
1622 1632 1740 1674 ulla‘

266 1704 309 1731 re
331 1690 392 1729 vel
414 1699 547 1740 metu,
569 1689 631 1729 vel
653 1689 934 1730 inconstantia
956 1689 1186 1744 repellitur.
1218 1699 1260 1730 et
1289 1690 1477 1753 quamvis
1500 1690 1711 1731 excelsam

266 1746 507 1801 elatamque
542 1756 732 1786 naturam
767 1745 874 1786 ratio
905 1746 1009 1801 ipsa,
1041 1746 1245 1787 doctrinae
1276 1746 1498 1802 praeceptis
1530 1746 1710 1797 imbuta,

267 1803 520 1844 confirmet:
552 1803 669 1867 quod
700 1803 860 1853 Pericli,
879 1802 1127 1844 doctissimo
1158 1803 1335 1854 1101111111,
1355 1818 1626 1859 maximoque
1646 1804 1709 1844 in-

266 1860 395 1916 genio
423 1859 603 1915 praedito
632 1860 719 1900 sine
748 1859 834 1900 ulla
863 1859 1128 1900 dubitatione
1150 1860 1392 1915 contigisse,
1415 1874 1584 1915 prorsus
1607 1860 1711 1901 mihi

267 1917 532 1972 persuadeo:
564 1931 665 1971 lpsae
698 1925 839 1956 tamen
870 1916 1128 1957 tortitudinis
1152 1917 1341 1957 radices
1333 1932 1373 1956 111
1396 1917 1538 1957 animo
1560 1917 1710 1972 praeci-

268 1988 352 2028 pue
372 1973 567 2014 insident.
589 1989 662 2029 qu1
683 1987 782 2013 cum
803 1973 987 2013 humana
1004 1973 1198 2028 despicit,
1215 1988 1289 2014 nec
1307 1974 1360 2014 ad
1379 1973 1571 2023 humilia,
1590 1973 1710 2030 quasi

269 2030 389 2071 humi
411 2029 648 2085 depressus,
669 2029 758 2070 ullo
781 2040 906 2084 pacto
927 2030 1206 2072 adhaerescit:
1239 2030 1360 2070 facile
1384 2031 1442 2081 fit,
1465 2039 1513 2071 ut
1537 2031 1709 2071 uberio-

268 2102 349 2137 res,
370 2096 412 2128 et
432 2087 680 2127 maturiores
701 2086 863 2127 fructus
887 2087 1006 2137 f,erat
1024 2101 1121 2127 cum
1145 2088 1196 2127 ad
1219 2101 1317 2127 eum
1337 2087 1463 2127 veluti
1485 2086 1537 2127 ad
1559 2102 1711 2143 agrum

268 2144 496 2208 optimum,
514 2143 695 2208 cultura,
716 2143 822 2184 ratio
844 2144 970 2184 etiam
992 2144 1229 2193 accesserit,
1246 2144 1620 2208 conloilnatioque
1632 2144 1711 2185 do-

268 2200 429 2242 ctrinae.
460 2215 544 2241 non
565 2200 692 2250 enim,
715 2215 840 2241 sensu
859 2200 976 2240 0111111
996 2200 1153 2241 doloris
1175 2200 1357 2241 caruisse
1375 2215 1565 2241 summos
1588 2201 1711 2251 viros,

268 2257 527 2298 credendum
551 2271 628 2298 est.
659 2257 793 2312 qualis
823 2257 932 2297 enim
965 2256 1067 2297 1111111
1099 2257 1315 2298 sentientis
1337 2257 1479 2306 animi,
1501 2272 1711 2313 sensuque

268 2329 441 2370 prorsus
463 2314 643 2355 carentis
665 2328 753 2354 esse
776 2313 981 2355 fortitudo
1004 2315 1240 2369 potuisset?
1289 2313 1371 2353 Sed
1402 2314 1593 2354 dolorem
1615 2329 1712 2355 sen-

269 2371 436 2420 tientes,
458 2370 509 2410 ad
532 2385 627 2411 eum
651 2370 993 2425 opprimendum,
1012 2386 1059 2410 ae
1077 2370 1328 2411 vincendum
1350 2385 1561 2411 summam
1583 2371 1713 2413 animi

270 2427 585 2468 contentionem
617 2426 888 2477 adhibebant,
909 2437 1158 2482 tantumque
1180 2427 1434 2476 nitebantur,
1456 2436 1503 2467 ut
1523 2442 1546 2468 e
1567 2442 1714 2483 pugna

269 2484 536 2525 discederent
570 2485 818 2538 superiores.
851 2499 993 2524 verum
1028 2484 1137 2524 enim
1163 2483 1265 2524 illud
1287 2492 1364 2531 est,
1389 2484 1546 2524 nullam
1568 2485 1710 2526 animo

270 2540 475 2597 majorem
504 2550 680 2595 pestem,
712 2556 796 2581 una
830 2541 1087 2591 remissione,
1119 2555 1241 2595 posse
1271 2541 1531 2595 contingere.
1573 2541 1645 2596 qui
1676 2541 1711 2582 si

271 2598 456 2638 intentus
478 2606 555 2647 est,
574 2612 700 2652 seque
721 2597 773 2638 ad
794 2597 1072 2638 resistendum
1094 2606 1225 2651 parat,
1245 2597 1384 2637 omnia
1407 2598 1584 2638 sustinet
1604 2611 1711 2652 pon-

271 2654 384 2705 dera,
405 2654 547 2695 omnia
568 2655 629 2694 vel
656 2654 893 2694 firmissima
915 2663 1128 2694 tormenta
1147 2653 1267 2693 facile
1287 2653 1473 2703 discutit,
1495 2668 1543 2695 ac
1565 2654 1712 2709 depel-

271 2711 320 2751 lit
340 2727 348 2751 :
379 2721 421 2752 at
448 2711 693 2751 remissione
725 2720 960 2759 enervatus,
983 2721 1025 2752 et
1052 2710 1346 2759 effaeminatus‚
1367 2710 1425 2750 ita
1445 2710 1711 2765 deprimitur,

270 2776 311 2808 et
333 2776 522 2823 urgetur,
542 2777 590 2808 ut
612 2782 655 2807 se
677 2767 728 2808 ad
750 2767 991 2823 aequitateni
1023 2776 1205 2821 nequeat
1225 2767 1440 2808 extollere.
1499 2768 1594 2808 Nec
1614 2782 1712 2808 vero

269 2825 494 2881 quisquam
522 2824 679 2866 doloris
708 2825 913 2881 impetum
947 2825 1152 2881 excipere,
1174 2838 1223 2865 ac
1244 2823 1409 2865 fortiter
1428 2824 1589 2880 perpeti
1611 2838 1712 2882 pos-
