1844 3202
343 82 426 129 956
716 81 775 121 Μ.
803 83 1021 122 TULLH
1052 86 1401 128 CICERONIS

397 191 530 228 Pmsc.
551 190 615 229 lib.
632 190 687 238 6.)
723 191 905 243 Caprzgeni
917 195 1040 244 pecoris
1058 205 1164 232 custos
1182 196 1222 233 de
1234 198 1376 248 gurgite
1392 209 1505 237 vasto.

822 256 974 297 Cetera
994 257 1296 301 desiderantur.

601 344 872 386 M.Tu1.1.11
899 345 1188 388 CICERONIS
1211 349 1503 391 Amroms.

392 416 522 467 NON.)
553 420 728 469 Alcyonem
742 422 862 470 genuit
881 422 982 458 claris
999 422 1154 473 delapsus
1172 424 1217 461 ab
1236 427 1338 462 astris

551 474 715 510 Praevius
735 487 868 511 aurorae
885 476 973 520 solis,
994 478 1160 527 noctisque
1177 478 1321 516 satelles.

651 554 717 594 M.
737 555 920 596 TULLII
945 554 1232 599 CICERoms
1256 560 1448 603 L1M0N.

387 629 497 675 Cxc.)
531 629 583 665 Tu
603 643 742 680 quoque,
762 631 819 680 qui
836 631 920 667 solus
941 631 1019 667 lecto
1036 645 1191 677 sermone,
1217 633 1360 679 Terenti,

336 681 555 726 Conversum,
574 694 826 734 expressumque
847 684 980 720 Latina
998 698 1080 722 voce
1099 686 1332 724 Menandrum

334 737 376 773 In
395 735 496 772 medio
510 737 622 787 populi
641 736 763 773 sedatis
781 737 917 774 vocibus
937 738 1046 786 effers,

339 789 516 840 Quidquid
530 803 614 827 corne
632 790 776 840 loquens,
794 798 894 842 atque
913 793 1023 828 omnia
1042 791 1155 829 dulcia
1174 792 1332 844 linquens.

636 877 704 918 M.
724 877 908 918 TULL11
935 876 1218 920 CICERONIS
1241 880 1467 923 MARIUS.

383 956 494 1004 Clc.)
527 958 663 1008 Nuntia
669 959 786 1008 fitlva
807 960 917 1003 Jovis,
937 960 1094 998 miranda
1111 962 1189 998 visa
1194 960 1334 1011 figura.

381 1009 492 1059 Cle.)
523 1012 592 1048 Hic
610 1013 709 1049 Jovis
728 1013 861 1049 altisoni
879 1013 986 1051 subito
999 1014 1145 1064 pinnata
1164 1016 1310 1061 satelles,

327 1062 467 1100 Arboris
486 1078 503 1101 e
522 1073 636 1102 trunco
655 1066 811 1117 serpentis
829 1068 945 1104 saucia
965 1082 1085 1112 morsu,

326 1117 406 1165 Ipsa
411 1118 502 1165 feris
521 1118 647 1169 subigit
666 1119 863 1170 transfigens
883 1121 1052 1170 unguibus
1073 1135 1216 1171 anguem

327 1169 582 1214 Semianimum,
600 1184 630 1209 et
649 1175 755 1210 varia
769 1174 930 1223 gra-viter
947 1175 1073 1212 cer-vice
1092 1176 1281 1219 micantem,

331 1223 436 1271 Quem
454 1237 486 1261 se
503 1225 740 1277 intorquentem
761 1228 907 1270 lanians,
927 1237 1090 1279 rostroque
1108 1236 1298 1273 cruentans,

325 1276 408 1313 Jam
426 1278 555 1315 satiata
574 1280 735 1322 animum,
744 1282 824 1329 jam
843 1280 939 1318 duros
959 1282 1033 1318 ulta
1053 1282 1188 1326 dolores,

324 1330 452 1377 Abjicit
470 1330 648 1378 efflantem,
668 1343 698 1370 et
717 1334 899 1372 laceratum
920 1334 1046 1385 affligit
1065 1336 1099 1371 in
1119 1335 1241 1379 undas,

326 1383 435 1434 Seque
451 1385 542 1422 obitu
562 1400 583 1423 a
602 1387 679 1424 solis
697 1387 816 1425 nitidos
835 1390 996 1425 convertit
1011 1389 1061 1426 ad
1076 1398 1178 1425 ortus.

324 1437 428 1473 Hanc
445 1438 503 1475 ubi
516 1440 719 1490 praepetibus
731 1443 861 1491 pennis,
881 1442 1041 1493 lapsuque
1058 1443 1229 1480 volantem

326 1489 501 1541 Conspexit
522 1493 672 1536 Marius,
691 1494 803 1531 divini
822 1496 962 1532 numinis
982 1509 1107 1545 augur,

322 1543 515 1595 Faustaque
533 1547 630 1596 signa
650 1561 723 1584 suae
742 1548 867 1593 laudis,
888 1548 1072 1600 reditusque
1090 1550 1223 1586 notavit
1238 1566 1251 1586 .-

320 1597 485 1635 Partibus
502 1600 644 1637 intonuit
662 1601 737 1637 coeli
748 1611 848 1652 pater
866 1603 933 1651 ipse
949 1603 1105 1639 sinistris.

311 1649 380 1688 Sic
397 1652 525 1703 aquilae
541 1655 668 1691 clarum
675 1653 842 1700 firmavit
859 1655 999 1705 Jupiter
1018 1669 1118 1692 omen.

740 1751 807 1791 M.
828 1751 1012 1791 TULLII
1040 1750 1325 1793 CICERONIS

653 1829 745 1870 DE
785 1830 919 1871 SUO
965 1830 1411 1885 CONSULATU,

938 1909 1048 1950 L1B.
1071 1910 1130 1950 II.

369 1995 460 2032 C1c.
487 2002 520 2033 1.
540 1995 686 2043 Divin.)
718 1996 885 2047 Principio
902 1997 1247 2045 aetherioflnmmatus
1267 1998 1407 2051 Jupiter
1423 1999 1497 2050 igni

321 2048 479 2091 Vertitur,
496 2058 527 2085 et
546 2058 649 2085 totum
667 2049 837 2086 collustrat
858 2050 981 2087 lumine
1000 2051 1173 2096 muntium,

314 2103 497 2152 Menteque
515 2102 635 2139 divina
654 2103 783 2145 coelum,
803 2113 973 2153 tcrrasque
986 2105 1117 2155 p2=tissit
1130 2121 1142 2141 .-

319 2157 408 2205 Quae
422 2157 552 2206 penitus
571 2170 681 2192 sensus
700 2157 878 2201 hominum,
897 2158 1055 2209 ‘vitasque
1074 2168 1232 2202 retentat,

313 2209 471 2246 AEtheris
489 2210 606 2246 aeterni
624 2218 731 2260 septa,
750 2217 852 2259 atque
870 2211 998 2248 inclusa
1017 2213 1184 2251 cavernis.

313 2263 361 2299 Et
379 2263 408 2299 si
427 2263 597 2300 stellarum
617 2273 720 2300 motus
737 2277 915 2315 cursusque
932 2275 1103 2314 vagantes

313 2315 418 2352 Nosse
434 2317 533 2361 velis,
552 2331 621 2367 qua
641 2318 706 2353 sint
725 2318 891 2366 signorum
911 2319 945 2354 in
963 2318 1035 2354 sede
1054 2319 1186 2363 locatce,

316 2370 406 2419 Quae
422 2369 534 2412 verbo,
554 2379 585 2406 et
591 2370 700 2418 salsis
721 2371 897 2417 Grajorurn
916 2372 1053 2408 <vocibus
1072 2382 1200 2417 errant,

310 2422 362 2459 Re
378 2436 463 2459 vera
482 2432 567 2460 certo
584 2423 681 2473 lapsu
697 2425 865 2474 spatioque
871 2425 1039 2473 seruntur
1054 2441 1066 2462 .-

314 2476 437 2513 Omnia
446 2476 524 2523 jam
543 2490 651 2513 cernes
669 2476 791 2513 divina
811 2487 915 2514 merite
933 2485 1059 2516 notata.

309 2530 403 2566 Nam
418 2531 564 2580 primum
580 2539 744 2566 astrorum
763 2531 926 2575 volueres,
944 2541 975 2568 te
998 2532 1149 2577 Consule,
1171 2539 1287 2576 motus,

311 2582 557 2634 Concursusque
569 2597 698 2633 gra-ves
715 2583 887 2620 stellarum
906 2585 1025 2622 ardore
1044 2587 1212 2628 micantes,

310 2636 362 2673 Tu
383 2650 518 2687 quoque,
538 2651 609 2674 eum
629 2645 769 2673 tumulos
790 2637 924 2674 Albano
942 2639 977 2675 in
997 2647 1101 2675 mont..-
1119 2640 1249 2676 nivales

306 2690 494 2734 Lustrasti,
513 2700 543 2727 et
563 2691 640 2727 teto
660 2692 815 2727 mactasti
833 2691 918 2728 lacte
943 2693 1098 2736 Latinas,

300 2743 451 2785 Vidisti,
471 2754 500 2780 et
520 2744 610 2781 claro
625 2744 779 2781 tremulos
799 2746 917 2781 ardore
934 2755 1086 2790 cometas,

302 2796 490 2849 Multaque
509 2798 635 2836 misceri
652 2807 812 2835 nocturna
831 2807 944 2848 strage
957 2799 1103 2850 putasti,
