1844 3202
274 105 354 148 778
801 102 879 142 DE
915 103 1180 147 OFFICIIS

274 224 431 252 nomen
450 209 694 266 pervenire?
724 212 909 265 Etenim,
930 213 963 255 si
989 214 1037 265 is,
1062 214 1135 271 qui
1166 230 1251 257 non
1281 213 1470 256 defendit
1496 213 1708 272 injuriam,

273 282 411 323 neque
433 268 651 323 propulsat
671 283 696 309 a
717 269 817 320 suis,
837 285 936 311 cum
958 282 1113 326 potest,
1131 272 1285 329 injuste
1306 272 1421 322 facit,
1441 281 1487 313 ut
1508 272 1549 313 in
1570 272 1708 327 primo

271 324 382 366 libro
402 325 577 366 disserui
595 342 605 366 :
637 325 771 381 qualis
794 327 1012 368 habendus
1033 338 1099 369 cst
1118 328 1166 377 is,
1189 330 1260 385 qui
1282 344 1365 370 non
1385 328 1515 370 modo
1537 343 1620 369 non
1641 342 1709 369 re-

270 381 404 479 pellit,
427 382 499 423 sed
519 382 644 423 etiam
668 382 837 437 adjuvat
858 383 1053 439 injuriam
1073 387 1085 424 ?
1127 386 1241 427 Mihi
1261 386 1431 442 quidem
1452 386 1579 426 etiam
1600 399 1708 426 verae

303 439 539 490 ereditatcs,
561 453 646 479 non
664 439 853 480 honestes
874 440 1080 491 videntur,
1099 441 1132 481 si
1154 442 1237 483 sint
1255 443 1474 484 malitiosis
1495 440 1710 483 blanditiis

268 495 504 536 officiorum
522 511 533 546 ;
555 510 639 536 non
660 496 848 547 veritate,
868 497 940 538 sed
961 497 1228 539 simulatione
1248 500 1451 555 quaesitae.
1510 498 1644 554 Atqui
1664 498 1708 538 in

268 552 425 593 talibus
446 553 568 593 rebus
594 551 709 593 aliud
733 553 837 594 utile
862 553 1089 605 interdum,
1110 554 1224 597 aliud
1244 555 1469 597 honestum
1489 555 1618 596 videri
1637 569 1709 595 so-

205 611 254 653 75
270 607 340 649 let.
392 609 513 650 Falso
532 625 542 650 x
579 623 675 649 nam
695 608 843 650 cadem
866 610 1073 662 utilitatis,
1094 626 1188 666 quae
1213 612 1444 653 honestatis
1464 611 1710 666 cst'rcgnla.

268 665 340 721 qui
363 665 445 706 hoc
467 680 550 706 non
573 665 809 721 perviderit,
829 667 882 707 ab
905 667 986 708 hoc
1008 667 1124 709 nulla
1149 669 1261 710 fraus
1287 669 1436 720 aberit,
1458 669 1621 710 nullum
1643 670 1707 708 fa-

266 722 402 763 cinus.
439 722 498 763 sic
518 723 630 763 euim
652 722 847 778 cogitans
867 740 876 765 :
908 724 990 766 Est
1011 724 1116 766 istuc
1137 725 1299 781 quidem
1321 725 1543 776 honestum,
1567 738 1705 766 verum

268 778 521 834 lzocqavpedic
540 797 551 819 .-
585 794 649 820 rcs
670 793 696 819 a
715 788 864 822 natura
887 781 1106 836 copulatas
1130 782 1302 824 audebit
1321 797 1461 824 errore
1481 781 1674 825 divellere
1693 795 1708 832 ς

187 838 255 893 19
269 836 342 891 qui
361 836 454 877 fons
475 844 540 876 est
558 835 785 887 fraudium,
807 837 1125 889 maleficiorum,
1146 840 1351 881 scelerum
1374 838 1580 881 omnium.
1618 838 1706 878 Ita-

155 906 351 948 p‚57,que
373 892 406 933 si
428 893 486 933 vir
507 892 643 933 bonus
675 892 831 934 habeat
851 893 959 935 hanc
980 895 1078 945 vim,
1099 904 1161 947 ut,
1182 897 1214 936 si
1235 896 1378 951 digitis
1401 894 1708 950 concrepuerit,

224 960 255 982 ²·
265 948 400 1005 possit
423 950 466 990 in
491 948 770 1003 locupletium
792 957 1041 992 testamenta
1062 966 1216 993 nomen
1237 953 1328 1008 ejus
1348 953 1543 1008 irrepere,
1566 951 1644 993 hac
1667 951 1706 992 vi

265 1020 351 1046 non
372 1013 529 1056 utatur,
553 1019 604 1045 ne
631 1005 665 1046 si
693 1005 956 1061 exploratum
983 1008 1156 1064 quidem
1182 1008 1350 1060 habeat,
1371 1008 1412 1049 id
1440 1008 1614 1049 omnino
1635 1021 1709 1048 ne·

261 1062 420 1104 minem
458 1076 661 1117 umquam
698 1062 1024 1118 suspicaturum.
1095 1066 1158 1106 At
1185 1073 1224 1099 98
1240 1065 1359 1107 dares
1386 1065 1494 1105 hanc
1526 1064 1608 1105 vim
1637 1063 1708 1107 Μ.

263 1118 435 1170 Crasso,
456 1126 505 1160 ut
524 1118 758 1174 digitorum
784 1121 1056 1175 percussione
1085 1121 1205 1163 heres
1234 1131 1378 1177 posset
1398 1121 1578 1177 scriptus
1599 1134 1707 1172 esse,

262 1176 336 1231 qui
371 1190 417 1217 re
449 1190 546 1216 vera
579 1190 663 1216 non
696 1186 805 1217 esset
838 1176 985 1219 heres:
1016 1178 1058 1219 in
1089 1179 1198 1230 foro,
1227 1178 1332 1219 mihi
1361 1177 1499 1229 crede,
1519 1177 1706 1219 saltaret.

260 1231 393 1273 homo
422 1241 564 1274 autem
590 1231 748 1288 justUS,
769 1233 887 1289 isque
913 1249 1037 1289 quem
1066 1236 1268 1277 sentimus
1287 1236 1421 1277 virum
1443 1234 1620 1285 bonum,
1641 1234 1706 1275 ni-

261 1288 321 1330 hil
340 1290 554 1345 cuiquam,
576 1289 694 1345 quod
714 1291 756 1330 in
776 1305 820 1330 se
840 1292 1074 1343 transferat,
1096 1292 1302 1334 detrahet.
1351 1293 1451 1333 Hoc
1473 1291 1545 1347 qui
1566 1290 1702 1332 admi-

196 1354 249 1400 76
262 1355 390 1397 ratur,
411 1347 445 1387 is
475 1361 534 1397 se,
555 1346 658 1402 quid
687 1346 740 1387 sit
768 1348 828 1388 vir
855 1348 1007 1400 bonus,
1029 1350 1188 1391 nescire
1213 1350 1408 1391 fateatur.
1465 1350 1528 1389 At
1548 1362 1646 1388 vero
1667 1346 1704 1389 si

260 1404 354 1458 quis
373 1403 553 1445 voluerit
572 1403 701 1444 animi
729 1404 794 1445 sui
825 1405 1124 1461 complicatam
1145 1407 1363 1448 notionem
1383 1405 1585 1456 evolvere,
1608 1403 1703 1460 jam

260 1475 305 1501 se
339 1460 428 1515 ipse
463 1459 629 1509 doceat,
660 1475 760 1502 eum
791 1461 924 1502 virum
955 1463 1117 1503 bonum
1148 1478 1253 1514 esse,
1284 1464 1355 1519 qui
1386 1462 1519 1518 prosit
1547 1461 1704 1518 quibus

221 1551 227 1559 .
290 1518 425 1558 ossitt
458 1525 611 1558 noceat
641 1517 813 1568 nemini,
843 1519 922 1559 nisi
951 1519 1168 1563 lacessitus
1198 1520 1364 1576 injuria.
1422 1518 1540 1575 Quid
1569 1519 1700 1574 ergo?

258 1531 330 1614 liic
351 1589 435 1614 non
456 1582 623 1626 noceat,
641 1575 714 1630 qui
745 1574 930 1630 quodam
958 1577 1078 1631 quasi
1110 1591 1267 1617 veneno
1292 1576 1493 1631 perficiat,
1516 1584 1563 1617 ut
1582 1588 1704 1615 veros

259 1630 436 1671 heredes
458 1640 640 1681 moveat,
662 1631 704 1671 in
726 1646 874 1672 eorum
895 1631 1039 1674 locum
1069 1633 1156 1688 ipse
1185 1633 1411 1675 succedat?
1444 1634 1546 1673 Non
1568 1632 1702 1687 igitur

241 1687 387 1731 ¹faciat
412 1686 578 1741 (dixerit
597 1687 707 1742 quis)
731 1687 847 1744 quod
867 1688 973 1730 utile
992 1689 1059 1740 sit,
1080 1689 1198 1745 quod
1217 1689 1439 1745 expediat?
1477 1690 1617 1729 Immo
1637 1689 1702 1729 in-

260 1744 442 1799 telligat,
463 1744 568 1785 nihil
588 1759 663 1784 nec
684 1744 895 1800 expedire,
918 1760 993 1786 nec
1017 1746 1118 1787 utile
1138 1761 1243 1798 esse,
1263 1746 1378 1802 quod
1401 1745 1455 1787 sit
1481 1745 1703 1801 injustum.

197 1814 247 1857 77
261 1800 343 1842 hoc
364 1801 436 1856 qui
458 1816 542 1842 non
563 1800 769 1851 didicerit,
790 1802 927 1843 bonus
949 1803 1007 1844 vir
1026 1817 1115 1843 csse
1137 1819 1221 1844 non
1241 1803 1408 1859 poterit.
1470 1801 1702 1843 Fimbriam

260 1858 543 1908 consularem,
562 1858 787 1899 audiebam
807 1859 859 1899 de
881 1868 999 1914 patre
1020 1869 1164 1902 nostro
1184 1875 1304 1916 puer,
1319 1860 1511 1916 judicem
1529 1860 1594 1900 M.
1612 1860 1702 1900 Lu-

258 1915 367 1956 tatio
406 1915 581 1956 Pinthiae
612 1915 755 1966 fuisse,
785 1916 917 1971 equiti
952 1917 1143 1958 Romano
1179 1932 1277 1958 sane
1306 1917 1501 1966 honesto,
1533 1930 1632 1956 cum
1664 1915 1701 1956 is

259 1971 531 2027 sponsionem
561 1972 743 2024 fecisset,
765 1972 808 2013 πὶ
831 1972 952 2014 bouus
974 1973 1037 2014 vir
1056 1968 1170 2015 esset.
1192 1974 1334 2030 itaque
1354 1974 1392 2014 ei
1413 1973 1565 2014 dixisse
1588 1972 1702 2013 Fim-

259 2029 411 2079 briam,
444 2043 488 2069 se
519 2028 635 2069 illam
670 2044 759 2070 rem
795 2044 1026 2086 numquam
1055 2030 1376 2086 judicaturum3
1408 2044 1461 2070 ne
1494 2038 1569 2069 aut
1601 2043 1702 2085 spo-

259 2084 382 2126 liaret
418 2085 530 2126 fama
564 2086 789 2140 probatum
820 2085 1051 2137 hominem,
1080 2087 1113 2128 si
1147 2097 1294 2129 contra
1322 2086 1586 2142 judicasset:
1627 2093 1703 2126 aut

259 2141 457 2183 statuisse
487 2141 709 2192 videretur,
733 2142 864 2183 virum
897 2143 1058 2186 bonum
1088 2144 1271 2199 aliquem
1303 2157 1407 2194 esse,
1429 2157 1527 2184 cum
1557 2155 1607 2182 ea
1635 2156 1701 2183 res

257 2197 637 2240 innumerabilibus
658 2199 804 2240 officiis
835 2208 877 2239 et
907 2200 1102 2243 laudibus
1123 2200 1423 2242 contineretur.
1484 2199 1598 2240 Huic
1619 2198 1703 2254 igi-

258 2263 329 2296 tur
363 2255 452 2296 viro
486 2255 616 2306 bono,
651 2271 777 2311 quem
816 2256 1000 2297 Fimbria
1033 2257 1176 2309 etiam,
1218 2272 1300 2298 non
1338 2256 1468 2297 modo
1505 2256 1701 2297 Socrates

258 2320 445 2363 noverat,
490 2312 610 2353 nullo
652 2312 783 2354 modo
828 2313 956 2354 videri
994 2323 1134 2370 potest
1171 2314 1401 2371 quidquam
1443 2327 1534 2354 esse
1580 2312 1701 2364 utile,

258 2368 375 2425 quod
407 2383 491 2409 non
519 2368 745 2410 honestum
774 2370 841 2411 sit.
902 2372 1051 2426 Itaque
1077 2371 1170 2412 talis
1199 2371 1258 2412 vir
1285 2385 1369 2412 non
1394 2369 1524 2411 modo
1545 2369 1698 2420 facere,

258 2425 333 2466 scd
367 2440 418 2466 ne
451 2425 638 2480 cogitare
668 2425 839 2482 quidem
871 2427 1099 2483 quidquam
1133 2427 1319 2479 audebit,
1353 2426 1470 2482 quod
1504 2441 1588 2467 non
1622 2441 1699 2467 au-

213 2481 358 2524 b.deat
392 2482 635 2538 praedicare.
711 2484 837 2534 Hace,
877 2498 1014 2525 nonne
1053 2493 1117 2525 est
1156 2493 1292 2539 turpe,
1328 2483 1521 2525 dubitare
1558 2482 1699 2539 philo-

257 2538 432 2595 sophos,
463 2554 558 2595 quae
589 2554 641 2580 nc
671 2540 816 2581 rustici
846 2540 1017 2596 quidem
1050 2541 1277 2583 dubitent?
1311 2555 1335 2582 a
1365 2540 1518 2597 quibus
1549 2549 1698 2580 natum

256 2606 323 2638 cst
357 2595 415 2648 id,
455 2595 570 2652 quod
601 2596 695 2652 jam
735 2606 774 2632 99
795 2598 1026 2640 contritum
1065 2607 1130 2640 est
1166 2606 1372 2641 vetustate
1411 2596 1696 2654 proverbium.

300 2723 340 2749 98
364 2715 447 2745 dares
468 2716 541 2746 hanc
559 2715 624 2746 vim
647 2716 694 2746 Μ.
718 2714 955 2746 Crasso—salta·
999 2718 1153 2748 rationem
1177 2725 1315 2755 servant,
1343 2724 1374 2748 et
1399 2718 1437 2748 de
1463 2717 1625 2757 praeteritis
1651 2715 1698 2747 lo·

255 2758 311 2797 ret]
330 2760 459 2790 Crassus
487 2767 558 2790 turn
579 2766 644 2789 erat
667 2767 823 2790 mortuus.
849 2761 954 2800 itaque
997 2768 1141 2801 quuntur
1157 2758 1192 2791 ut
1208 2763 1426 2801 prementibus.

254 2802 388 2832 debebat
401 2812 466 2832 esse
479 2802 785 2833 dedisses—saltasset.
810 2803 869 2833 Sed
884 2804 955 2843 phi-
1042 2812 1082 2838 99
1116 2804 1269 2834 contritum
1299 2811 1340 2834 est
1368 2804 1423 2843 v.]
1451 2803 1502 2832 Sic
1532 2802 1595 2832 fere
1623 2801 1696 2833 libri

254 2844 379 2886 losophi
401 2847 434 2876 in
451 2846 566 2877 talibus
583 2856 648 2877 non
663 2856 787 2887 semper
804 2848 953 2889 temporis
995 2847 1102 2888 scripti
1118 2849 1180 2880 mei
1197 2857 1321 2880 omues.
1360 2847 1502 2879 Graevius
1518 2852 1627 2877 antem
1642 2846 1696 2878 de·

1104 2922 1133 2951 θ
