1844 3202
285 114 365 169 9'24
656 109 715 147 M.
747 109 962 148 TULLII
1001 110 1336 151 CICERONIS

304 210 307 216 r
341 227 474 268 NON.
509 224 754 277 Continens.)
796 225 846 265 In
866 222 1175 264 continentibus
1195 221 1365 278 quidem
1387 219 1506 262 terris
1527 225 1707 260 vestrum

287 296 442 324 nomen
464 281 625 322 dilatari
646 291 798 336 potest.
1697 329 1706 336 .

341 339 474 380 NON.
504 338 582 379 Con
618 338 730 389 cere.)
771 339 832 378 Ea
857 335 1037 377 ‘facultas
1068 335 1220 376 nostris
1249 333 1479 392 majoribus
1506 339 1608 382 erat,
1636 344 1712 385 qui

283 395 486 444 confectis
507 392 892 435 senatusconsultis,
927 424 930 426 v

340 452 472 493 NON.
492 450 630 503 Aere.)
664 452 690 477 ’'⁷'‘
711 449 825 505 quod
853 448 1023 490 alterius
1052 447 1266 503 ingenium
1297 449 1354 490 sic
1384 449 1522 500 dulce,
1543 458 1590 491 ut
1614 460 1707 486 ace-

283 513 377 552 tum
399 507 655 564 AEgyptium
670 522 682 557 3
713 505 883 547 alterius
915 504 973 546 sic
999 518 1106 555 acre,
1126 514 1175 546 ut
1204 505 1288 545 mel
1313 507 1585 563 Hymettium
1606 503 1709 545 dici-

282 579 393 606 mus.
918 578 923 581 ’

337 622 472 662 NON.
496 619 643 671 Fides.)
686 617 893 659 Ponendae
916 624 1014 658 sunt
1035 616 1134 657 fides
1153 626 1195 659 et
1215 617 1343 659 tibiae.

337 677 383 717 N
388 690 415 717 ο
425 690 470 716 N.
495 675 714 726 Severum.)
757 674 888 715 Aliud
910 688 960 714 ex
981 673 1090 714 silvis
1112 688 1313 724 severum,
1334 683 1377 715 et
1397 675 1526 718 triste.

336 733 468 774 NON.
492 732 653 784 Tenue.)
697 730 889 772 Eundem
921 729 1032 770 enim
1065 744 1149 770 non
1180 729 1309 770 modo
1337 745 1386 772 ex
1411 733 1612 776 mediocri
1631 749 1706 791 pe-

271 789 418 839 cunia,
439 788 513 830 sed
535 787 661 829 etiam
681 802 730 828 ex
752 788 866 828 tenui
886 786 1098 842 percipere
1117 800 1304 840 possum.

336 847 468 887 NON.
499 844 660 886 Priores
680 859 704 883 α
726 844 958 895 Primores.)
1001 842 1088 898 Qui
1118 843 1245 884 iidem
1276 843 1417 885 nescio
1448 845 1562 901 quid,
1593 847 1707 902 quod

277 900 322 944 in
343 900 596 956 primoribus
618 900 787 950 habent,
807 908 855 940 ut
876 900 1006 949 aiunt,
1028 899 1166 939 labris.

335 958 467 999 NON.
495 956 753 1009 Subducere.)
788 958 813 982 ⁷⁵
831 971 914 998 non
934 965 977 997 et
997 956 1085 998 sine
1104 955 1362 1010 cogitatione
1380 955 1586 1010 ineundis,
1607 961 1706 1001 sub—

276 1013 565 1070 ducendisque
585 1012 832 1053 rationibus.

334 1071 392 1112 D.
410 1070 485 1110 Au
495 1084 540 1111 G.
563 1068 634 1110 lib.
647 1077 686 1110 4.
709 1076 846 1110 contra
862 1068 1109 1123 Pelagium..)
1143 1069 1207 1108 Ex
1223 1067 1376 1123 quibus
1395 1068 1590 1112 humanae
1609 1073 1703 1115 vitae

275 1126 500 1177 erroribus,
521 1133 564 1167 et
591 1125 786 1166 aerumnis
818 1125 878 1176 fit,
898 1134 946 1166 ut
979 1125 1186 1166 interdum
1216 1135 1372 1165 veteres
1394 1126 1453 1167 illi
1475 1127 1556 1168 sive
1577 1138 1704 1182 vates,

275 1184 360 1225 sive
390 1182 431 1223 in
459 1183 600 1233 sacris,
620 1182 831 1238 initiisque
858 1181 1069 1223 tradendis
1089 1179 1237 1222 divinae
1263 1182 1415 1223 mentis
1441 1183 1704 1240 interpretes,

274 1241 347 1295 qui
369 1254 444 1280 nos
461 1240 516 1280 ob
532 1239 673 1294 aliqua
693 1239 847 1279 scelera
869 1247 1063 1292 suscepta
1078 1239 1120 1279 in
1141 1237 1222 1277 vita
1241 1238 1467 1292 superiore,
1482 1254 1703 1294 poenarum

271 1296 522 1338 luendarum
551 1309 678 1336 causa
708 1303 828 1336 natos
856 1309 945 1335 esse
965 1295 1172 1343 dixerunt,
1192 1293 1351 1350 aliquid
1371 1295 1518 1337 vidisse
1539 1297 1704 1340 videan-

272 1361 355 1404 tur,
373 1366 601 1408 verumque
621 1351 674 1392 sit
695 1351 814 1403 illud,
829 1351 944 1407 quod
966 1360 1031 1392 est
1049 1351 1161 1407 apud
1175 1349 1465 1403 Aristotelem,
1481 1352 1605 1395 simili
1627 1370 1702 1397 nos

271 1410 444 1451 affectos
462 1423 551 1450 esse
571 1407 794 1463 supplicio,
812 1419 939 1463 atque
954 1423 1044 1458 eos,
1060 1409 1132 1464 qui
1148 1407 1376 1464 quondam,
1391 1423 1520 1464 quum
1537 1410 1579 1450 in
1593 1425 1701 1466 prae-

271 1465 432 1507 donum
459 1466 732 1506 Etruscorum
752 1479 899 1505 manus
920 1465 1174 1516 incidissent,
1196 1463 1441 1505 crudelitate
1465 1467 1704 1522 excogitata

271 1523 552 1563 necabantur:
586 1536 769 1577 quorum
794 1535 972 1576 corpora
992 1522 1080 1562 viva
1099 1536 1197 1562 cum
1222 1520 1414 1571 mortuis,
1436 1522 1607 1563 adversa
1625 1525 1700 1566 ad-

269 1579 394 1621 versis
422 1577 758 1628 accommodata,
778 1592 904 1632 quam
936 1577 1150 1633 aptissime
1176 1576 1512 1630 colligabantur:
1541 1579 1599 1620 ita
1621 1595 1699 1621 no-

268 1645 377 1676 stros
408 1635 569 1675 animos
596 1648 692 1675 curn
726 1634 972 1690 corporibus
1001 1633 1236 1690 copulatOS,
1256 1644 1303 1675 ut
1333 1633 1444 1675 vivos
1464 1648 1561 1676 cum
1581 1651 1697 1678 mor-

266 1692 349 1734 tuis
371 1706 460 1732 esse
480 1689 746 1745 conjunctos.

324 1749 456 1789 NON.
477 1747 730 1801 Appendix.)
764 1747 884 1788 Vidit
905 1747 1033 1797 enim,
1053 1746 1167 1802 quod
1187 1745 1410 1788 videndum
1428 1747 1521 1798 fuit,
1538 1763 1696 1805 appen-

266 1804 403 1852 dicem
423 1803 547 1845 animi
569 1817 659 1844 esse
676 1818 844 1858 corpus,
865 1804 1054 1859 nihilque
1074 1804 1116 1843 in
1137 1818 1187 1844 eo
1207 1818 1296 1844 esse
1316 1817 1533 1859 magnum.

322 1862 379 1902 D.
397 1861 526 1902 AUG.
548 1859 617 1901 lib.
638 1869 697 1901 14.
715 1869 801 1914 cap.
817 1860 895 1900 ult.
915 1860 1046 1912 Trin.)
1079 1862 1188 1916 Quae
1206 1861 1326 1900 nobis
1344 1859 1447 1911 dics,
1465 1871 1694 1918 noctesque

263 1917 641 1967 considerantibus,
663 1917 996 1972 acuentibusque
1024 1917 1358 1972 intelligentiam,
1379 1932 1473 1973 quae
1493 1927 1557 1959 est
1576 1933 1694 1960 men-

262 1974 317 2016 tis
339 1975 463 2025 acies,
484 1974 824 2030 carentibusque,
846 1974 1065 2029 nequando
1088 1974 1158 2014 illa
1186 1974 1399 2023 hebescat,
1420 1989 1575 2029 magna
1599 1990 1693 2030 spes

261 2040 340 2081 est,
362 2040 435 2071 aut
455 2031 489 2071 si
510 2030 606 2080 hoe,
626 2031 741 2085 quod
767 2030 971 2070 sentimus
1000 2039 1041 2070 et
1067 2031 1266 2085 sapimuS,
1288 2030 1464 2071 mortale
1491 2039 1532 2071 et
1560 2033 1691 2073 cadu-

261 2101 362 2132 cum
394 2096 472 2138 est,
501 2086 739 2142 jucundum
774 2086 910 2136 nobis,
940 2087 1170 2142 perfunctis
1206 2087 1449 2127 muneribus
1484 2087 1693 2140 humanis,

258 2158 475 2194 occasum,
507 2157 642 2198 neque
667 2143 890 2184 molestam
924 2141 1259 2192 exstinctionem,
1291 2152 1332 2183 et
1361 2144 1478 2199 quasi
1509 2145 1691 2199 quietern

260 2199 356 2240 vitae
385 2200 500 2240 fore:
534 2208 605 2240 aut
635 2199 684 2250 si,
714 2209 762 2240 ut
792 2199 972 2254 antiquis
1003 2199 1278 2254 philosophis,
1307 2199 1454 2255 hisque
1484 2201 1691 2252 maximis,

258 2256 474 2312 longeque
500 2256 738 2297 clarissimis
768 2255 941 2310 placuit,
963 2266 1140 2297 aeternos
1166 2256 1342 2305 animos,
1365 2270 1412 2296 ac
1433 2256 1593 2297 divinos
1614 2257 1690 2298 ha·-

257 2312 437 2355 bemus:
470 2313 527 2353 sic
549 2312 873 2353 existimandum
895 2321 972 2363 est,
991 2327 1076 2368 qno
1103 2312 1238 2367 magis
1270 2312 1312 2352 hi
1342 2312 1494 2352 fuerint
1525 2328 1692 2368 semper

255 2369 301 2417 jn
321 2383 461 2419 cursu,
481 2369 524 2410 id
543 2378 620 2418 est,
642 2369 683 2409 in
712 2369 873 2410 ratione
901 2378 944 2410 et
972 2368 1251 2424 investigandi
1279 2368 1522 2422 cupiditate,
1544 2378 1585 2410 et
1604 2385 1690 2424 quo

258 2426 398 2466 minus
428 2440 471 2466 se
501 2425 815 2475 admiscuerint,
847 2434 971 2480 atque
1002 2424 1285 2479 implicuerint
1315 2424 1535 2465 hominum
1565 2426 1689 2476 vitiis,

257 2491 385 2538 atque
413 2481 638 2533 erroribus,
663 2481 746 2522 hoc
776 2481 856 2523 illis
883 2481 1113 2522 faciliorem
1143 2480 1408 2530 adscensum,
1435 2490 1478 2522 et
1505 2482 1691 2524 reditum-

257 2538 300 2580 in
323 2538 477 2579 coelum
500 2538 603 2578 fore.
656 2538 941 2593 Quapropter,
963 2546 1011 2579 ut
1029 2536 1254 2593 aliquando
1274 2536 1519 2579 terminetur
1537 2538 1687 2589 oratio,

253 2595 293 2648 lsi
313 2604 386 2635 aut
405 2594 616 2649 exstingui
637 2594 859 2649 tranquille
877 2594 1084 2643 volumus,
1101 2608 1197 2634 cum
1219 2594 1260 2633 in
1281 2593 1346 2634 his
1365 2594 1524 2636 artibus
1541 2594 1687 2635 vixeri-

257 2665 368 2701 mus,
390 2660 462 2692 aut
490 2651 523 2691 si
553 2665 604 2691 ex
632 2651 710 2691 hac
744 2651 785 2691 in
813 2650 936 2690 aliam
966 2650 1079 2691 haud
1105 2649 1247 2704 paullo
1273 2650 1490 2691 meliorem
1511 2650 1686 2692 domum

255 2707 344 2749 sine
375 2721 495 2748 mora
529 2706 780 2763 demigrare,
808 2707 849 2749 in
881 2706 945 2750 his
974 2706 1124 2750 studiis
1154 2707 1274 2750 nobis
1304 2707 1443 2750 omnis
1469 2721 1610 2765 opera,
1642 2716 1687 2749 et

253 2777 354 2815 cura
373 2763 567 2821 ponenda
586 2773 661 2806 est.
