1844 3202
528 71 713 110 LIBER
751 70 1091 117 SECUNDUS.
1444 72 1516 110 651

98 177 204 230 auri,
221 178 396 235 argenti,
416 177 542 220 eboris
561 177 749 220 sacrandi
767 177 906 219 modus
930 185 1026 218 esto.
1086 176 1211 218 Sacra
1228 179 1409 231 privata,
1425 189 1522 234 per-

90 242 218 289 petua
239 242 440 276 maneum.
500 235 680 276 Deorum
700 234 882 276 manium
891 234 1010 289 jura,
1026 240 1167 274 sancta
1188 241 1319 273 sunto.
1379 242 1418 269 ⁶9
1436 235 1523 276 Hos

98 289 175 331 leto
208 291 338 343 datos,
372 291 484 331 divos
515 291 714 332 habento:
755 298 933 332 sumtum
968 289 1010 330 in
1048 288 1146 330 ollos
1182 287 1414 345 luctumque
1444 292 1523 332 mi-

96 355 263 389 nuunto.

154 404 246 445 Att.
269 402 480 444 Conclusa
501 402 669 459 quidem
692 411 756 444 est
774 417 800 443 a
819 410 861 443 te
879 410 966 443 tam
1000 416 1155 457 magna
1175 402 1257 453 lex,
1278 417 1376 443 sane
1397 417 1523 459 quam
1543 397 1609 445 lO

96 456 235 501 brevi:
265 469 323 510 et,
351 469 400 500 ut
429 459 532 500 mihi
563 460 733 515 quidem
764 459 941 508 videtur,
973 473 1056 498 non
1094 459 1277 500 multum
1316 458 1585 515 discrepat23

96 514 177 555 ista
200 516 446 557 constitutio
476 515 727 572 religionum
749 530 773 556 a
792 515 958 571 legibus
979 516 1151 565 Numae,
1174 515 1409 571 nostrisque
1430 531 1525 556 mo-

97 569 228 613 ribus.
289 573 354 612 M.
375 572 446 613 An
476 586 635 623 censes,
666 587 763 613 cum
794 572 836 612 in
866 571 948 612 illis
979 571 1030 612 de
1060 572 1276 626 republica
1295 572 1411 612 libris
1432 587 1527 628 per-

98 628 272 669 suadere
300 628 489 670 videatur
517 629 756 678 Africanus,
787 629 978 669 omnium
1015 628 1420 683 rerumpublicarum
1451 643 1528 670 no-

98 693 244 734 stram,
273 693 452 726 veterem
485 685 615 736 illam,
647 685 774 726 fuisse
804 685 1024 740 optimam,
1044 699 1128 725 non
1154 699 1322 725 necesse
1342 699 1432 726 esse
1452 700 1531 741 op-

94 740 214 785 Vtimae
235 741 475 797 reipublicae
501 741 618 797 leges
646 743 743 782 dare
764 749 1062 783 consentaneas
1083 742 1095 781 ?
1129 741 1222 782 Att.
1251 742 1389 782 Immo
1411 756 1531 797 pror-

100 811 170 838 sus
200 797 256 838 ita
284 812 448 839 censeo.
507 799 573 839 M.
598 806 637 835 70
653 800 768 853 Ergo
800 797 907 839 adeo
932 806 1170 853 exspectate
1191 797 1321 853 leges,
1342 813 1436 853 quae
1457 812 1533 854 ge·

102 867 179 894 nus
209 853 316 894 illud
345 855 554 910 optimum
586 855 827 910 reipublicae
858 852 1126 895 contineant:
1158 864 1215 905 et,
1238 855 1272 907 si
1301 869 1394 910 quae
1422 855 1532 896 forte

99 923 125 950 a
154 924 222 950 me
253 909 379 952 hodie
408 912 683 967 rogabuntur,
714 926 807 967 quae
839 925 922 951 non
953 910 1035 951 sint
1064 910 1106 951 in
1136 920 1278 952 nostra
1302 911 1532 967 republica,

101 980 179 1007 nec
200 966 370 1017 fuerint,
401 975 437 1004 71
457 977 597 1009 tamen
619 980 739 1009 erunt
759 969 845 1008 fere
866 967 908 1008 in
929 981 1046 1007 more
1067 967 1275 1024 majorum
1293 984 1302 1008 :
1329 968 1401 1023 qui
1422 977 1530 1019 tum,

104 1031 149 1064 ut
169 1022 249 1074 leX,
270 1023 449 1065 valebat..
508 1024 602 1066 Att.
622 1024 760 1065 Suade
785 1025 928 1080 igitur,
948 1023 981 1063 si
1001 1023 1152 1078 placet,
1171 1024 1294 1064 istam
1314 1024 1448 1080 ipsam
1469 1025 1530 1065 le-
1543 1025 1596 1058 24

102 1092 218 1134 gem,
238 1089 287 1120 ut
307 1094 404 1135 ego,
426 1088 464 1117 72
484 1094 606 1122 UTEI
630 1094 694 1122 'ru
722 1094 901 1131 ROGAS,
924 1087 961 1116 73
981 1080 1139 1135 possim
1161 1080 1312 1121 dicere.
1364 1081 1428 1121 M.
1447 1081 1534 1122 Ain

103 1135 289 1185 tandem,
319 1138 476 1188 Attice,
499 1152 582 1178 non
614 1152 658 1178 es
686 1137 873 1178 dicturus
906 1136 1056 1177 aliter?
1089 1136 1182 1177 Att.
1206 1137 1377 1177 Prorsus
1400 1137 1535 1193 majo-

103 1205 193 1232 rem
229 1191 400 1247 quidem
433 1207 521 1234 rem
556 1193 713 1234 nullam
749 1193 925 1234 sciscam
961 1192 1094 1232 aliter.
1131 1193 1172 1233 in
1210 1193 1460 1243 minoribus,
1501 1193 1535 1234 si

103 1247 230 1298 voles,
248 1249 457 1290 remittam
479 1248 561 1290 hoc
581 1249 672 1290 tibi.
727 1250 782 1306 Q.
807 1257 845 1286 74
860 1249 1005 1304 Atque
1025 1248 1116 1289 haec
1138 1263 1232 1289 mea
1251 1249 1421 1305 quidem
1442 1264 1536 1290 sen·
1547 1251 1579 1282 b.

103 1303 236 1344 tentia
269 1313 348 1345 est.
406 1306 472 1346 M.
511 1305 572 1346 At
607 1320 658 1346 ne
690 1306 868 1361 longum
901 1305 987 1355 fiat,
1021 1304 1170 1346 videte.
1231 1306 1326 1347 Att.
1360 1306 1536 1348 Utinam

106 1359 277 1416 quidem
299 1361 307 1402 !
340 1361 442 1418 quid
461 1362 573 1403 enim
595 1377 719 1418 agere
750 1369 788 1398 7⁵
803 1361 1046 1402 malumus?

162 1417 228 1457 M.
252 1416 380 1458 Caste
399 1418 526 1475 jubet
550 1419 616 1459 lex
641 1418 754 1460 adire
774 1418 828 1459 ad
858 1418 975 1469 deos,
1004 1417 1145 1459 animo
1165 1416 1372 1470 videlicet,
1392 1419 1434 1460 in
1454 1433 1541 1475 quo

105 1482 204 1514 sunt
223 1474 367 1515 omnia
386 1492 395 1516 ε
428 1489 504 1516 nec
525 1475 637 1516 tollit
656 1475 946 1516 castimoniam
969 1475 1156 1530 corporis
1176 1491 1184 1515 ε
1218 1474 1290 1515 sed
1311 1475 1391 1516 hoc
1413 1490 1541 1531 opor-

107 1538 170 1570 tet
197 1530 392 1587 intelligi,
413 1546 512 1572 cum
542 1531 725 1573 multum
746 1532 911 1573 animus
930 1532 1096 1588 corpori
1121 1540 1292 1586 praestet
1305 1548 1316 1581 ;
1348 1532 1541 1574 observe-

106 1594 274 1643 turque,
302 1597 350 1628 ut
375 1598 490 1629 casta
511 1603 689 1645 corpora
714 1588 1006 1639 adhibeantur,
1036 1587 1174 1630 multo
1202 1602 1291 1629 esse
1321 1588 1364 1629 in
1393 1590 1542 1630 animis

107 1638 150 1683 id
180 1644 424 1686 servandum
457 1645 608 1700 magis.
641 1651 679 1682 76
696 1660 793 1686 nam
823 1645 1032 1686 incestum
1061 1644 1126 1686 vel
1150 1644 1388 1700 aspersione
1406 1661 1541 1702 aquae,

108 1698 172 1740 vel
209 1699 372 1742 dierum
409 1716 586 1743 numero
618 1701 808 1743 tollitur:
841 1701 968 1742 animi
1007 1701 1121 1742 labes
1155 1716 1231 1742 nec
1270 1701 1542 1744 diuturnitate

110 1762 147 1792 ⁷7
167 1770 425 1808 evanescere,
455 1773 531 1799 nec
560 1759 754 1799 amnibus
783 1758 880 1799 ullis
909 1758 994 1799 elui
1028 1767 1181 1814 potest.
1241 1758 1371 1815 Quod
1399 1768 1540 1800 autem
1552 1761 1601 1792 25

111 1811 312 1868 pietatem
331 1813 534 1866 adhiberi,
556 1829 658 1871 opes
678 1816 860 1856 amoveri
875 1814 1015 1870 jubet,
1035 1814 1256 1870 significat,
1289 1822 1302 1850 7
1310 1823 1325 1846 8
1343 1815 1543 1872 pietatem

157 1997 197 2025 69
221 1992 281 2022 Ηοι
302 1991 358 2022 leto
378 1991 475 2033 datos]
504 1994 560 2024 Hos
580 1995 747 2025 manifeste
761 1995 807 2024 vi-

114 2036 232 2066 tiosum
255 2043 318 2066 est:
344 2045 403 2066 nec
426 2037 511 2069 enim
537 2037 644 2074 habet,
667 2048 732 2077 quo
763 2048 808 2067 re-

113 2079 241 2116 feratur,
279 2079 441 2119 proboque
477 2081 705 2111 correctionem
736 2091 807 2110 suos.

114 2120 201 2152 Nam
225 2122 363 2152 Romani
390 2132 500 2153 manes
523 2131 693 2163 parentum
714 2133 808 2154 voca-

116 2164 194 2195 bant
209 2164 305 2195 Deos.
780 2164 783 2167 ⁴

159 2213 201 2243 70
225 2208 304 2248 Ergo
326 2219 356 2238 a.
378 2207 549 2248 exspectate]
576 2209 637 2239 Alii
661 2209 731 2239 libri
755 2210 811 2239 ha-

116 2249 194 2280 bent
215 2257 389 2290 exspectare,
414 2252 505 2291 quasi
518 2262 536 2282 a
551 2263 656 2282 necesse
678 2259 720 2282 est
734 2262 812 2291 pen-

116 2293 199 2330 deat,
223 2294 317 2333 idque
332 2295 469 2334 praetulit
488 2295 647 2326 Davisius.
692 2296 812 2334 Vulga-

116 2341 188 2366 tum
203 2336 283 2367 illud
300 2337 415 2368 meiius
427 2345 483 2368 est.

124 2385 128 2389 ”
161 2384 198 2414 71
224 2386 320 2409 tamen
349 2380 446 2420 erant]
480 2381 544 2412 MS.
575 2381 682 2413 Guelf.
716 2382 812 2412 habet

118 2428 213 2457 crunt,
229 2424 315 2462 quod
328 2423 428 2462 magis
444 2424 557 2463 placet.

163 2471 202 2500 72
226 2465 285 2495 utei
308 2472 339 2494 tu
362 2467 456 2506 rogas]
476 2467 591 2506 Recepi
609 2474 641 2496 tu
655 2477 732 2498 curn
747 2467 811 2498 Da-

116 2507 210 2544 visio,
234 2509 310 2547 quia
336 2509 368 2538 in
391 2511 543 2540 omnibus
567 2512 705 2549 antiquis
729 2511 815 2541 libris

118 2557 187 2581 est:
211 2551 287 2581 alias
301 2560 377 2581 sane
394 2553 426 2582 in
443 2554 503 2583 hac
519 2554 658 2583 formula
680 2563 746 2584 non
761 2554 810 2584 ad-

120 2593 216 2624 ditur.

165 2642 203 2671 73
222 2636 328 2676 possim
343 2636 620 2676 dicere—dicturus]
645 2638 697 2669 Sic
720 2639 816 2669 habet

122 2678 186 2709 Ms.
205 2679 312 2709 Guelf.
336 2687 429 2710 recte.
472 2681 577 2720 Vulgo
601 2682 685 2711 male
708 2682 815 2711 edicere

122 2721 318 2752 —edicturus.
342 2724 476 2753 correxit
495 2724 563 2761 jam
580 2724 738 2762 Davisius,
757 2727 814 2755 eti-

122 2773 176 2796 um
192 2774 232 2794 ex
246 2765 314 2795 edd.
331 2772 406 2795 vett.
421 2766 623 2806 quibusdam.

168 2813 208 2843 74
229 2808 328 2849 Atque
341 2808 404 2838 Izaec
418 2820 481 2838 mea
497 2807 572 2851 &c.]
593 2810 707 2840 Addidi
722 2810 783 2840 haee
798 2820 815 2840 e

852 1993 917 2025 Ms.
933 1994 1028 2025 Palat.
1045 2002 1075 2025 4.
1093 2002 1129 2025 ut
1143 1995 1300 2025 Davisius.

895 2044 934 2072 75
958 2037 1115 2077 malumus]
1142 2039 1218 2068 Edd.
1236 2048 1280 2077 pr.
1299 2037 1417 2068 habent
1439 2037 1545 2068 malui·

851 2091 932 2109 mus:
955 2090 995 2110 ex
1019 2091 1084 2120 quo
1109 2081 1181 2111 fecit
1207 2081 1364 2111 Victorius
1391 2080 1545 2119 malumus,

851 2124 937 2162 quod
960 2131 991 2153 et
1015 2125 1078 2154 Ms.
1107 2125 1170 2154 Gu.
1198 2124 1303 2154 habet.
1348 2124 1414 2164 Ego
1440 2125 1548 2165 legen-

853 2167 933 2196 dum
949 2173 1026 2206 puto
1041 2166 1185 2198 malimus.

898 2214 937 2244 76
961 2221 1029 2239 nam
1052 2208 1204 2249 incestum]
1229 2209 1280 2240 Sic
1303 2210 1398 2240 habet
1421 2210 1469 2240 ed.
1493 2210 1551 2241 Vi-

855 2253 956 2288 ctorii,
981 2260 1011 2282 et
1034 2254 1067 2283 in
1091 2254 1153 2284 Ms.
1177 2259 1278 2283 vetere
1301 2260 1453 2292 repererat
1475 2254 1546 2284 Car.

855 2296 1046 2334 Stephanus.
1076 2297 1168 2326 bene.
1198 2297 1291 2336 idque
1321 2298 1462 2327 revocavi
1492 2307 1548 2337 pro

853 2339 982 2378 vulgato
998 2350 1063 2368 nam
1080 2339 1164 2376 illud,
1181 2340 1266 2378 quod
1282 2349 1345 2369 non
1364 2340 1471 2377 habet,
1483 2350 1550 2379 quo

855 2382 1013 2412 referatur.

899 2430 936 2459 77
962 2423 1140 2462 evanescere]
1157 2425 1208 2454 Sic
1223 2426 1359 2454 correxit
1375 2426 1549 2456 Lambinus

856 2468 930 2498 etin
948 2468 1011 2498 Ms.
1027 2476 1122 2506 atque
1138 2469 1186 2498 ed.
1203 2476 1306 2498 vetere
1329 2471 1439 2507 reperit
1454 2469 1551 2499 Davi-

857 2511 933 2540 sius.
949 2511 1046 2550 vulgo
1060 2518 1105 2540 est
1120 2521 1284 2541 vanescere.
1300 2512 1485 2551 absorptum
1505 2518 1551 2542 est

858 2565 872 2582 e
887 2553 974 2583 finali
991 2554 1193 2593 praecedentis
1209 2554 1305 2583 verbi.

902 2603 940 2631 78
959 2597 1100 2636 pietatem
1120 2604 1239 2635 gratam
1268 2608 1323 2626 esse
1351 2595 1414 2633 deo]
1444 2596 1551 2635 Vulgo

857 2640 1095 2678 estprobitatem.
1111 2649 1176 2669 non
1193 2640 1283 2669 bene.
1300 2641 1374 2678 quia
1389 2647 1434 2669 est
1446 2648 1551 2669 sermo

856 2683 894 2712 de
909 2683 1020 2713 officiis
1037 2692 1108 2722 erga
1124 2683 1245 2719 Deum,
1257 2683 1396 2721 pietatem
1410 2682 1552 2712 revocavi

857 2734 935 2756 cum
957 2726 1085 2756 Davisio
1108 2735 1148 2755 ex
1170 2727 1218 2756 ed.
1242 2726 1322 2755 Ven.
1349 2731 1440 2759 1471.
1463 2725 1553 2755 Med.

857 2769 930 2798 Asc.
960 2776 992 2799 et
1021 2769 1222 2800 Victoriana:
1246 2768 1288 2797 ita
1324 2774 1354 2797 et
1390 2768 1440 2798 ed.
1470 2767 1555 2799 Veri.-

860 2817 954 2843 1494.
