1844 3202
292 112 373 160 918
673 110 733 149 M.
768 110 982 149 TULLII
1020 110 1340 150 CICERONIS

293 217 450 260 saecula
486 217 706 260 hominum
741 226 972 260 teneantur.
1010 234 1206 276 namque,
1237 228 1285 261 ut
1314 219 1415 261 olim
1446 219 1620 262 deficere
1653 222 1717 265 sol

294 274 551 328 hominibus,
572 275 867 331 exstinguique
888 277 997 317 visus
1018 285 1096 326 est,
1116 291 1214 317 cum
1241 276 1410 317 Romuli
1439 278 1602 318 animus
1626 277 1717 319 haec

292 333 384 387 ipsa
408 332 450 372 in
479 332 636 387 templa
663 333 918 387 penetravit:
951 332 1010 372 ita
1039 333 1309 396 quandoque
1322 333 1468 374 eadem
1495 343 1612 388 parte
1641 334 1720 384 sol,

292 387 527 454 eodemque
548 397 738 452 tempore
759 388 911 428 iterum
934 388 1147 439 defecerit,
1168 398 1258 429 tum
1280 389 1410 444 signis
1438 389 1634 431 omnibus
1664 390 1719 432 ad

293 444 405 486 idem
434 444 701 509 principium,
729 444 944 508 stellisque
974 446 1190 509 revocatis,
1210 445 1423 508 expletum
1454 461 1610 487 annum
1641 445 1717 486 ha-

292 501 409 544 beto.
452 500 578 556 hujus
607 500 776 556 quidem
809 500 906 541 anni
937 500 1124 541 nondum
1154 501 1390 542 vicesimam
1421 511 1581 558 partem
1612 502 1719 543 scito

291 570 385 599 esse
416 569 672 598 conversam.
731 554 945 621 Quocirca
975 557 1007 597 si
1044 557 1226 598 reditum
1256 558 1296 598 in
1327 558 1440 599 hunc
1471 558 1611 600 locum
1643 559 1718 600 de·

293 613 534 669 speraveris,
555 614 597 654 in
616 625 701 668 quo
721 613 862 653 omnia
887 622 984 654 sunt
1011 614 1189 668 magniS,
1211 623 1253 654 et
1282 615 1574 668 praestantibus
1595 615 1718 656 viris:

293 670 440 726 quanti
460 669 628 710 tandem
649 676 711 709 est
732 668 811 710 ista
829 669 1046 710 hominum
1068 669 1219 724 gloria,
1239 684 1333 725 quae
1357 672 1563 725 pertinere
1583 671 1646 711 vix
1666 671 1720 713 ad

293 727 418 768 unius
444 726 539 767 anni
564 734 727 781 partem
756 725 952 781 exiguam
985 727 1155 781 potest?
1191 726 1328 781 Igitur
1358 726 1441 768 alte
1471 737 1655 781 spectare
1686 728 1721 769 si

291 783 422 833 voles,
443 791 569 838 atque
590 781 698 823 hanc
719 782 876 832 sedem,
896 791 938 823 et
966 791 1161 823 aeternam
1195 783 1370 824 domum
1402 784 1613 825 contueri·
1646 799 1719 825 ne-

293 853 377 894 que
406 848 448 880 te
483 839 747 880 sermonibus
776 838 889 894 vulgi
928 839 1106 888 dederis,
1137 854 1213 880 nec
1243 840 1286 880 in
1315 840 1497 895 praemiis
1526 840 1721 882 humanis

291 907 412 959 spem
441 893 631 950 posueris
655 909 793 936 ierum
816 902 1013 936 tuarum.
1045 895 1128 936 suis
1151 905 1193 936 te
1213 905 1381 951 oportet
1401 896 1638 937 illecebris
1628 911 1719 962 ipsa

292 952 423 993 virtus
444 951 582 995 trahat
602 950 656 991 ad
675 965 815 991 verum
840 951 983 992 decus.
1004 951 1106 1007 quid
1137 951 1189 993 de
1216 962 1258 993 te
1284 952 1354 993 alii
1380 952 1652 1016 loquantur,
1642 954 1721 1008 1psi

289 1007 482 1049 xideant:
516 1006 587 1047 sed
614 1007 839 1062 loquentur
868 1016 1022 1048 tamen.
1082 1008 1230 1049 Sermo
1257 1017 1398 1049 autern
1418 1008 1555 1049 onmis
1575 1009 1658 1059 ille,
1678 1017 1721 1050 et

292 1064 499 1119 angustiis
528 1064 714 1119 cingitur
742 1064 792 1104 iis
823 1064 1061 1119 regionum,
1092 1079 1195 1121 quas
1225 1064 1365 1106 vides·
1354 1096 1366 1115 ,
1410 1079 1486 1105 nec
1516 1080 1719 1121 umquam

294 1120 348 1161 de
385 1120 473 1162 ullo
508 1120 700 1175 perennis
734 1119 838 1168 fuit3
886 1128 930 1161 et
964 1120 1157 1162 obruitur
1190 1121 1411 1162 hominum
1441 1121 1635 1172 interitu3
1677 1130 1722 1163 et

257 1176 502 1218 Boblivione
524 1176 778 1231 posteritatis
798 1176 1092 1240 exstinguitur.
1150 1178 1258 1220 Ouae
1283 1193 1381 1219 cum
1411 1178 1594 1227 dixisset,
1624 1180 1722 1234 Ego

292 1247 409 1297 vero,
426 1234 612 1289 inquam,
638 1246 666 1273 o
690 1232 904 1283 Africane,
926 1249 960 1274 ει
985 1221 1189 1288 quidem
1183 1235 1288 1275 bene
1318 1235 1476 1275 meritis
1507 1234 1558 1274 de
1589 1235 1721 1299 patria

290 1291 413 1353 quasi
443 1290 563 1330 limes
592 1290 645 1330 ad
671 1289 768 1330 coeli
795 1289 954 1331 aditum
985 1299 1115 1345 patet,
1136 1305 1392 1347 quamquam
1412 1306 1436 1332 a
1453 1291 1632 1346 pueritia
1651 1307 1718 1332 ve-

291 1345 427 1402 stigiis
463 1347 676 1401 ingressus
712 1346 870 1400 patriis,
904 1356 948 1387 et
978 1347 1074 1398 tuis,
1110 1347 1251 1388 decori
1285 1357 1420 1388 vestro
1456 1362 1540 1388 non
1578 1347 1720 1390 defui·

291 1416 404 1444 nunc
435 1411 589 1452 tamen,
618 1409 736 1443 tanto
764 1402 940 1458 praemio
973 1404 1182 1458 exposito,
1211 1404 1343 1445 enitar
1373 1404 1510 1445 multo
1541 1404 1719 1460 vigilan-

290 1459 389 1501 tius.
410 1467 454 1500 et
472 1458 556 1509 ille,
577 1460 644 1500 Tu
665 1472 761 1499 vero
783 1459 954 1510 enitere,
976 1471 1018 1501 et
1035 1460 1094 1500 sic
1119 1460 1291 1511 habeto,
1311 1475 1395 1501 non
1424 1475 1514 1501 esse
1539 1437 1610 1501 tec>
1604 1475 1720 1502 mor-

290 1515 434 1566 talem,
458 1515 530 1556 sed
559 1529 712 1570 corpus
743 1515 839 1556 hoc.
870 1531 953 1556 non
982 1517 1093 1556 enim
1123 1525 1170 1557 tu
1200 1517 1234 1557 is
1260 1531 1318 1568 es,
1341 1532 1466 1572 quem
1488 1517 1623 1558 forma
1641 1517 1723 1558 ista

288 1570 503 1613 declarat:
533 1571 606 1612 sed
630 1585 748 1612 mens
768 1571 989 1628 cujusque,
1009 1572 1043 1613 is
1063 1581 1127 1613 est
1147 1573 1351 1637 quisque3
1381 1588 1462 1614 non
1489 1588 1539 1613 ea
1571 1574 1722 1629 figura,

289 1642 387 1683 quae
406 1627 542 1683 digito
563 1627 839 1668 demonstrari
861 1637 1013 1683 potest.
1072 1630 1215 1670 Deum
1237 1639 1278 1669 te
1308 1629 1437 1684 igitur
1463 1630 1569 1670 scito
1601 1644 1720 1671 esse:

289 1683 502 1740 siquidem
529 1685 649 1726 Deus
679 1692 756 1734 est,
786 1684 859 1748 qui
880 1684 1009 1740 viget,
1039 1684 1111 1739 qui
1142 1685 1281 1736 sentit,
1311 1686 1382 1741 qui
1412 1686 1617 1736 meminit,
1647 1688 1722 1742 qui

290 1741 495 1805 providet,
525 1740 599 1796 qui
628 1749 714 1781 tam
746 1741 868 1796 regit,
889 1750 932 1782 et
959 1741 1217 1792 moderatur,
1238 1750 1280 1782 et
1310 1751 1449 1784 movet
1477 1742 1522 1783 id
1551 1756 1723 1799 corpus,

291 1797 359 1840 cui
379 1798 629 1853 praepositus
651 1805 728 1847 est,
749 1811 876 1853 quam
896 1797 1008 1838 hunc
1027 1797 1232 1839 mundum
1254 1798 1323 1839 ille
1350 1799 1541 1854 princeps
1571 1799 1720 1840 Deus.

290 1864 336 1895 et
352 1863 400 1895 ut
420 1853 627 1894 mundum
648 1867 698 1893 ex
727 1853 908 1909 quadam
937 1863 1055 1918 parte
1083 1855 1344 1895 mortalem
1334 1870 1422 1910 ipse
1449 1856 1568 1897 Deus
1597 1864 1719 1896 aeter-

290 1925 385 1961 nus,
417 1911 477 1952 sic
510 1909 662 1965 fragile
693 1924 847 1967 colpus
881 1911 1046 1952 animus
1079 1911 1357 1966 sempiternus
1392 1920 1545 1953 movet.
1603 1913 1720 1953 Nam

289 1967 408 2023 quod
438 1981 603 2022 semper
631 1976 838 2016 movetur,
868 1975 1070 2008 aeternum
1101 1976 1189 2008 est:
1236 1968 1352 2023 quod
1381 1977 1522 2009 autem
1553 1977 1720 2010 motum

289 2024 411 2065 affert
429 2024 568 2073 alicui,
589 2023 817 2079 quodque'
808 2038 946 2078 ipsum
966 2024 1150 2079 agitatur
1170 2023 1337 2066 aliunde
1354 2040 1366 2075 3
1397 2025 1565 2080 quando
1594 2025 1719 2066 finem

290 2081 421 2121 habet
440 2089 597 2130 motus,
616 2095 677 2120 viv
669 2080 776 2120 endi
796 2080 919 2121 finem
939 2080 1092 2122 habeat
1116 2094 1283 2121 necesse
1302 2090 1378 2122 est.
1407 2081 1546 2122 solum
1574 2081 1720 2136 igitur,

290 2136 406 2192 quod
434 2151 524 2177 sese
551 2145 706 2187 movet,
732 2136 832 2201 quia
855 2152 1084 2193 numquam
1109 2137 1313 2178 deseritu1
1337 2152 1362 2178 a
1387 2152 1457 2189 se3
1489 2151 1719 2192 numquam

286 2206 344 2234 ne
370 2193 527 2233 moveri
548 2193 719 2248 quidem
748 2192 928 2234 desinit.
957 2194 1058 2250 quin
1081 2193 1208 2235 etiam
1234 2194 1396 2244 ceteris,
1418 2209 1517 2258 quae
1545 2208 1718 2234 moven-

289 2259 374 2299 tur,
401 2249 470 2291 hic
495 2250 603 2299 fons,
624 2249 707 2290 hoc
731 2250 984 2305 principium
1014 2258 1078 2291 est
1109 2250 1317 2292 movendi.
1344 2250 1547 2313 principio
1576 2259 1718 2291 autem

291 2306 407 2348 nulla
437 2315 501 2347 est
535 2306 673 2361 origo.
704 2321 799 2346 nam
835 2321 886 2348 ex
899 2306 1123 2371 principio
1157 2308 1347 2348 oriuntur
1377 2321 1547 2347 omma:
1579 2306 1718 2371 ipsum

291 2371 434 2404 autem
456 2362 570 2403 nulla
588 2377 639 2403 ex
659 2377 701 2403 re
721 2362 802 2403 alia
823 2365 936 2404 nasci
954 2371 1122 2418 potest:
1155 2378 1230 2404 nec
1257 2364 1367 2404 enim
1396 2363 1438 2403 id
1465 2371 1575 2404 esset
1604 2363 1718 2418 prin-

290 2419 463 2475 cipium,
485 2418 599 2474 quod
618 2419 866 2474 gigneretur
886 2419 1077 2460 aliunde.
1110 2419 1227 2483 quod
1254 2419 1286 2460 si
1313 2433 1542 2474 numquam
1571 2419 1719 2470 oritur,

292 2489 346 2516 ne
381 2475 539 2517 occidit
571 2475 742 2530 quidem
780 2490 998 2530 umquam.
1038 2490 1134 2516 nam
1166 2475 1418 2530 principium
1449 2475 1720 2539 exstinctum,

292 2546 369 2573 nec
389 2532 528 2588 ipsum
548 2531 601 2573 ab
622 2531 703 2572 alio
723 2541 976 2582 renascetur,
999 2546 1074 2573 nec
1095 2547 1145 2573 ex
1163 2546 1206 2572 se
1229 2532 1341 2573 aliud
1369 2532 1557 2573 creabit.
1589 2531 1720 2587 siqui-

290 2589 389 2630 dem
418 2602 585 2630 necesse
605 2596 669 2629 est
696 2602 718 2628 a
743 2588 947 2652 principio
974 2589 1073 2630 oriri
1101 2589 1255 2629 omnia.
1316 2590 1382 2629 Ita
1408 2589 1466 2639 fit,
1496 2596 1546 2629 ut
1572 2597 1716 2629 motus

292 2645 547 2709 principium
576 2659 627 2686 ex
653 2658 705 2685 eo
727 2645 794 2696 sit,
815 2644 930 2700 quod
960 2645 1097 2700 ipsum
1127 2659 1150 2685 a
1181 2660 1223 2685 se
1253 2654 1471 2687 mov-:etur
1500 2644 1546 2686 id
1574 2652 1716 2686 autem

292 2715 370 2743 nec
400 2701 514 2743 nasci
541 2711 697 2757 potest,
725 2715 802 2742 nec
835 2701 972 2742 mori:
1004 2701 1066 2742 vel
1095 2701 1291 2743 concidat
1320 2715 1444 2743 omne
1472 2701 1643 2751 coelum,
1669 2715 1717 2741 o-

292 2757 488 2823 uinisque
507 2766 668 2808 natura,
688 2767 731 2799 et
750 2758 952 2799 consistat
967 2772 1134 2799 necesse
1158 2767 1235 2810 est,
1256 2773 1333 2800 nec
1352 2759 1434 2799 vim
1457 2757 1586 2798 ullam
1615 2771 1718 2797 nan-

259 2815 487 2867 9ciscatur‚
507 2829 590 2872 qua
613 2829 639 2857 a
663 2814 802 2872 primo
825 2814 1008 2873 impulsa
1037 2823 1266 2859 moveatur.
1326 2815 1438 2858 Cum
1466 2821 1609 2871 pateat
1636 2813 1719 2871 igi-
