1844 3202
0 3098 10 3202 ffl-.

547 122 726 159 LIBER
759 119 1031 158 TERTIUS.
1420 118 1494 156 683

134 230 227 270 Att.
255 230 299 270 Si
332 243 406 271 nos
433 238 634 279 tacemuS,
657 228 828 269 62Ιοοιιε»
860 227 948 282 ipse
978 226 1191 275 admonet,
1217 224 1317 280 quid
1345 224 1420 264 tibi
1447 223 1500 265 sit

81 283 231 326 deinde
261 285 512 327 dicendum?
553 286 618 326 M.
650 284 843 325 Mihine?
878 283 929 323 de
951 282 1123 338 judiciis
1152 281 1344 329 arbitror,
1378 282 1500 320 Pom-

80 341 208 394 poni:
239 341 283 382 id
309 351 373 382 est
398 341 508 381 enim
532 341 728 396 junctum
759 339 1085 395 magistratibus.
1144 338 1237 377 Att.
1267 335 1412 377 Ouid?
1446 336 1498 376 de
1510 348 1561 380 43

73 397 170 451 jure
205 397 349 452 populi
388 396 580 447 Romani,
616 395 973 452 quemadmodum
1011 393 1242 441 instituisti,
1271 378 1500 432 ‘dicendum

81 452 182 492 nihil
213 454 365 507 putas?
399 453 463 494 M.
485 453 599 509 Quid
633 452 800 493 tandem
827 452 908 492 hoc
935 451 1031 492 loco
1052 459 1130 500 est,
1151 448 1266 504 quod
1288 447 1498 502 requiras?

79 508 170 548 Att.
189 509 364 563 Egone?
390 509 505 564 quod
527 509 711 564 ignorari
730 509 782 550 ab
805 509 867 559 iis,
888 508 960 564 qui
980 508 1023 548 in
1044 505 1257 561 republica
1276 512 1504 553 versantur,

81 563 368 618 turpissimum
390 575 509 620 puto.
567 567 696 615 Nam,
718 574 766 606 ut
795 564 924 606 modo
945 579 969 604 a
990 572 1030 604 te
1051 562 1211 604 dictum
1232 569 1309 610 est,
1332 565 1370 591 ⁶³³
1388 559 1503 613 leges

79 633 104 659 a
128 618 304 661 librariis
334 621 457 676 lego:
488 621 545 663 sic
576 621 870 671 animadverto,
901 633 1089 676 quosque
1119 620 1161 659 in
1191 616 1504 672 magistratibus

79 675 342 730 ignoratione
356 678 463 733 juris
482 678 545 719 sui
573 686 736 719 tantum
758 691 914 733 sapere,
935 686 1138 731 quantum
1159 673 1414 729 apparitores
1435 685 1502 711 ve-

80 731 172 773 lint.
230 734 533 789 Quamobrem,
555 734 587 774 si
608 734 659 775 de
679 748 890 774 sacrorum
912 733 1161 773 alienatione
1183 728 1405 771 dicendum
1427 742 1506 783 pu-

81 789 192 839 tasti,
225 789 423 844 quoniam
459 790 512 830 de
546 791 748 846 religione
783 791 900 845 leges
932 801 1236 844 proposueras:
1267 784 1504 826 faciendum

81 844 157 884 tibi
185 854 264 896 est,
288 854 350 897 ut,
369 846 682 901 magistratibus
709 847 803 902 lege
827 845 1080 894 constitutis,
1101 843 1151 884 de
1170 851 1392 898 potestate,
1413 850 1504 881 tum
1516 850 1568 893 49

79 900 133 941 de
145 900 243 956 jure
263 901 464 957 disputes.
524 904 590 943 M.
611 904 773 944 Faciam
797 902 985 953 breviter,
1015 901 1047 941 si
1078 900 1276 954 consequi
1298 907 1475 954 potuero
1495 913 1505 937 :

83 970 180 998 nam
201 957 388 1013 pluribus
409 959 542 1000 verbis
570 960 734 1015 scripsit
761 958 813 1000 ad
839 968 1000 1014 patrem
1029 968 1149 998 tuum
1182 957 1247 996 M.
1268 954 1418 996 Junius
1439 967 1507 994 so-

83 1012 202 1064 dalis,
223 1013 369 1069 perite,
388 1029 484 1056 meo
504 1016 671 1071 quidem
687 1015 863 1071 judicio,
882 1023 924 1055 et
954 1014 1191 1069 diligenter.
1249 1012 1311 1052 At
1340 1010 1392 1051 de
1412 1009 1509 1065 jure

85 1077 243 1110 naturae
264 1070 450 1125 cogitare
471 1086 544 1127 per
573 1087 664 1122 nos,
686 1082 811 1128 atque
831 1072 967 1112 dicere
988 1070 1187 1112 debemus
1204 1084 1216 1119 ;
1247 1067 1299 1108 de
1312 1068 1410 1123 jure
1432 1080 1510 1120 po-

84 1124 174 1179 puli
194 1126 385 1177 Romani,
407 1142 501 1183 quae
528 1128 672 1169 relicta
693 1139 803 1179 sunt,
825 1138 867 1168 et
894 1127 1057 1168 tradita.
1114 1126 1208 1166 Att.
1230 1124 1298 1164 Sic
1318 1123 1511 1178 profecto

84 1194 236 1223 censeo
256 1198 266 1222 ε
297 1191 339 1223 et
358 1182 401 1223 id
420 1184 572 1239 ipsum,
594 1184 706 1240 quod
727 1184 845 1235 dicis,
866 1191 1075 1238 exspecto.

356 1448 433 1502 M.
473 1449 755 1501 TULLII
795 1446 1242 1500 CICERONIS

785 1592 837 1616 DE

561 1687 1049 1773 OFFICIIS

783 1854 837 1878 AD

431 1946 804 1996 MARCUM
861 1945 1181 1993 FILIUM

514 2065 744 2109 'LIBER
787 2066 1066 2107 PRIMUS.

672 2224 935 2244 --.-.-,.,...-

607 2336 1022 2376 ARGUMENTUM.

102 2428 188 2468 Cum
211 2427 335 2472 Cicero,
354 2424 545 2476 reipublicae
564 2423 719 2462 libertate
735 2423 886 2467 sublata,
906 2436 939 2459 se
963 2422 1014 2459 ad
1030 2420 1241 2472 philosophice
1267 2420 1414 2457 studium
1433 2427 1524 2457 retu-

151 2481 254 2524 lisset,
286 2478 464 2530 multosque
490 2479 633 2516 illustres
664 2478 731 2525 ejus
759 2477 840 2513 locos
859 2477 973 2513 latinis
992 2476 1111 2512 litteris
1136 2475 1360 2515 illustrasset3
1389 2475 1528 2524 suscepit

153 2533 203 2572 ad
207 2532 340 2580 filium,
363 2532 503 2569 Athenis
529 2531 649 2568 studiis
669 2532 858 2568 litterarum
876 2541 1006 2580 operam
1022 2528 1170 2571 dantem,
1187 2527 1227 2564 de
1244 2526 1358 2576 qfficiis
1377 2526 1527 2569 scribere,

152 2600 217 2625 non
243 2585 345 2629 modo,
373 2593 413 2622 ut
439 2584 492 2623 hic
517 2597 644 2637 quoque
669 2584 767 2627 Iocus,
795 2583 854 2634 qui
878 2582 1036 2620 latissime
1048 2588 1158 2633 patet,
1178 2581 1293 2617 latinis
1311 2581 1430 2617 litteris
1448 2580 1526 2616 illu-

146 2711 186 2737 62
210 2705 285 2735 Iocus
300 2705 359 2745 ipse
374 2701 518 2743 admonet]
535 2703 663 2743 Vulgati
675 2703 795 2732 addunt
881 2706 920 2731 63
945 2699 1018 2740 Ieges
1034 2712 1052 2729 a
1067 2698 1196 2729 librariis
1214 2697 1287 2737 lego]
1305 2697 1365 2736 lego
1380 2697 1529 2725 vitiosum

105 2760 169 2780 non.
185 2749 239 2778 sed
252 2755 284 2778 et
296 2757 317 2777 a
333 2747 419 2778 libris
441 2752 516 2777 vett.
532 2746 636 2776 abest:
659 2746 713 2785 qui
733 2746 796 2774 fere
838 2750 895 2773 est.
918 2742 1031 2773 saltem
1054 2743 1110 2782 legi
1133 2751 1198 2771 esse
1214 2741 1356 2775 debebat,
1374 2746 1409 2768 ut
1424 2745 1455 2767 et
1469 2737 1531 2767 Pu-

105 2791 227 2822 habent
249 2791 339 2820 Locus
357 2797 452 2820 tamen
476 2789 534 2827 ipse
555 2798 581 2816 a.
614 2788 677 2818 ΜΒ.
694 2790 726 2818 in
750 2797 795 2819 m.
840 2793 933 2816 teano
947 2787 1064 2816 visum.
1109 2784 1254 2815 Davisius
1270 2783 1352 2812 dedit
1365 2781 1441 2819 peti,
1457 2781 1530 2819 quia

107 2835 157 2865 ed.
173 2835 208 2865 L.
223 2834 309 2864 addit
322 2839 359 2863 tt.
841 2837 934 2867 supra
948 2835 994 2858 est
1010 2827 1083 2868 leges
1097 2828 1133 2857 ab
1149 2825 1359 2865 apparitoribus
1371 2824 1503 2862 pttimus.
