1844 3202
634 128 1051 168 CONsoLA‘rro.
1479 130 1556 178 967

131 252 227 280 cum
248 238 417 279 adversa
437 237 606 280 fortuna
631 244 894 292 premuntur,
914 236 1124 300 permulta
1144 243 1284 276 tamen
1315 244 1557 292 suppetunt,

131 309 155 335 e
175 294 328 350 quibus
348 293 694 357 consolationem,
713 292 955 348 dolorisque
977 293 1225 333 levationem
1246 300 1409 354 petunt.
1429 302 1471 333 at
1492 293 1556 334 in-

131 350 272 390 fimam
294 351 461 406 plebem
483 357 630 390 natura
652 349 740 404 ipsa
758 348 875 389 fatali
897 347 1075 404 quadam
1107 347 1355 388 necessitate
1374 357 1460 389 tam
1481 349 1556 390 ab·

124 405 259 462 jecto,
299 417 470 461 tamque
508 405 594 446 imo
632 405 728 446 loco
768 404 1004 468 collocaxit,
1040 412 1086 445 ut
1132 403 1327 444 omnibus
1363 405 1558 446 aerumnis

131 463 334 526 subjecta,
357 462 471 502 nulla
490 461 798 516 propemodum
821 461 982 501 ratione
1005 460 1125 516 erigi,
1143 468 1215 500 aut
1236 459 1439 500 sublevari
1460 474 1558 514 pos-

130 518 196 558 sit.
256 519 325 558 Ne
357 517 579 558 mediocris
611 517 781 573 quidem
818 516 1037 557 hominum
1072 516 1258 557 conditio
1298 515 1558 557 miseriarum

130 587 277 637 expers
298 587 386 614 esse
406 574 691 629 cognoscitur.
712 587 806 613 nam
834 572 941 614 inter
971 587 1201 637 summurn,
1221 580 1262 612 et
1284 571 1504 613 infimum
1494 587 1558 613 1n-

130 629 320 686 terjecta,
343 629 460 670 alteri
481 639 612 686 paret,
632 629 808 670 alterum
832 629 1000 684 patitur.
1021 629 1089 670 cui
1116 629 1149 669 si
1177 629 1382 683 imperare
1403 637 1559 682 posset,

131 695 244 726 certe
273 685 442 741 longius
473 701 497 726 a
526 685 692 727 miseria
721 685 906 726 distaret.
965 685 1047 725 Sed
1078 685 1176 741 quia
1196 698 1332 740 neque
1351 684 1559 740 dignitate

129 750 316 797 praestat,
345 756 420 782 nec
454 756 642 783 summos
673 741 826 781 viribus
859 740 1068 805 adaequat,
1104 755 1182 781 suo
1218 749 1331 781 statu
1361 749 1560 781 contenta

130 811 221 839 esse
241 799 422 852 cogitur.
484 799 632 854 Itaque
652 797 796 838 multis
828 797 869 837 in
902 797 1066 837 civitate
1102 796 1404 851 perfungitur
1394 811 1557 838 incom-

131 853 285 904 modis,
319 868 401 895 non
436 854 516 894 illis
548 854 715 917 quidem
754 867 901 908 parum
938 853 1178 908 reipublicae
1213 853 1451 903 fructuosis,
1486 862 1559 895 aut

129 910 249 950 valde
277 910 331 950 ad
363 909 581 951 ferendum
602 909 813 965 gravibus,
834 919 960 965 atque
989 910 1172 964 asperis:
1205 909 1277 949 sed
1300 925 1393 964 quae
1416 920 1558 952 tamen

130 966 316 1007 animum
340 965 581 1029 sollicitent,
602 975 645 1007 et
664 965 867 1006 humanas
888 965 1073 1006 miserias
1093 974 1290 1030 augeant.
1336 967 1443 1006 Haec
1462 965 1557 1007 lon-

129 1022 240 1078 giori
277 1022 466 1063 oratione
503 1022 710 1078 persequi,
745 1037 829 1062 non
858 1031 922 1062 est
957 1022 1174 1087 praesentis
1215 1021 1419 1062 instituti:
1460 1032 1557 1064 ante

130 1078 276 1119 oculos
294 1078 435 1119 omnia
453 1089 562 1129 sunt,
580 1087 622 1119 et
642 1078 762 1119 nobis
783 1078 993 1133 praecipue
1015 1092 1057 1119 re
1078 1079 1165 1134 ipsa
1181 1088 1400 1141 perspecta
1419 1088 1462 1120 et
1482 1093 1556 1119 co-

128 1134 261 1189 gnita.
320 1135 414 1174 Nec
448 1149 544 1175 vero
580 1134 660 1174 alia
695 1144 756 1174 est
799 1135 1062 1174 faeminarum
1097 1133 1300 1174 conditio.
1335 1146 1407 1175 aut
1444 1136 1558 1177 enim

128 1190 293 1239 iisdem,
324 1200 397 1231 aut
427 1205 574 1245 parum
605 1200 717 1231 certe
747 1190 813 1230 dn
817 1205 917 1230 ersis
946 1199 988 1230 et
1019 1190 1234 1240 molestiis,
1257 1200 1298 1230 et
1329 1191 1557 1245 angoribus

129 1258 341 1286 vexantur.
365 1261 459 1286 nam
482 1256 523 1287 et
546 1247 692 1287 iisdem
724 1247 898 1296 morbis,
918 1247 1069 1302 quibus
1089 1246 1178 1296 viri,
1199 1255 1242 1287 et
1261 1246 1406 1291 iisdem
1430 1247 1559 1288 animi

128 1303 526 1357 perturbationibus,
545 1303 780 1358 mentisque
801 1303 1010 1343 erroribus
1032 1303 1302 1358 objiciuntur.
1322 1317 1457 1358 eoque
1478 1304 1556 1344 mi-

130 1358 260 1398 serior
288 1359 451 1399 illarum
485 1367 616 1399 status
637 1368 714 1408 est,
736 1373 820 1413 quo
851 1359 1020 1400 mollior
1051 1369 1211 1408 natura,
1230 1368 1272 1400 et
1302 1358 1354 1399 ad
1382 1359 1558 1414 propul-

131 1414 260 1455 sanda
279 1414 562 1465 incommoda,
582 1414 922 1470 calamitatesque
944 1414 1209 1470 perferendas
1228 1414 1443 1455 infirmior.
1466 1429 1558 1455 eas-

129 1469 243 1534 dem,
263 1485 366 1526 quas
394 1471 482 1519 viri,
503 1485 553 1511 ex
586 1480 818 1526 parentum,
839 1471 1031 1521 fratrum,
1051 1485 1257 1520 sororum,
1277 1471 1462 1511 affinium
1492 1471 1558 1512 in-

130 1527 258 1568 teritu
286 1526 516 1575 molestias,
546 1535 588 1567 et
618 1526 785 1567 dolores
817 1526 1037 1567 hauriunt:
1070 1526 1242 1567 maritos
1273 1541 1383 1582 saepe
1401 1527 1556 1580 fatuos,

128 1595 279 1646 parum
316 1582 368 1624 de
402 1597 445 1623 re
479 1583 712 1623 domestica
748 1582 967 1633 sollicitos,
1001 1583 1221 1637 pecuniam
1256 1583 1559 1637 profundentes

128 1639 439 1680 nanciscuntur.
470 1653 520 1680 ex
550 1653 636 1694 quo
665 1646 901 1694 paupertas,
932 1648 973 1680 et
1002 1639 1156 1680 luctus.
1177 1638 1329 1694 quibus
1358 1640 1478 1680 malis
1506 1654 1560 1681 eo

130 1703 378 1749 premuntur
396 1695 576 1758 graviuS,
598 1695 712 1750 quod
733 1709 832 1745 non,
849 1704 897 1735 ut
915 1695 1122 1745 homines,
1142 1695 1342 1750 indagare
1364 1705 1559 1750 possunt,

130 1763 214 1804 qua
243 1751 424 1791 maxime
453 1752 612 1792 ratione
643 1751 890 1792 medeantur
919 1751 1215 1801 incommodis,
1237 1751 1443 1807 rebusque
1473 1752 1558 1794 suis

131 1807 366 1848 consulant.
424 1808 644 1849 Ouantum
673 1807 812 1848 Tullia
841 1821 935 1848 mea
964 1821 1015 1848 ex
1043 1808 1171 1862 patris
1201 1807 1348 1848 exsilio
1385 1808 1558 1861 doloris,

131 1872 335 1917 quantum
373 1878 424 1904 ex
456 1864 703 1905 maritorum
739 1863 950 1927 aerumnis,
982 1873 1025 1904 et
1057 1863 1372 1905 difficultatibus
1403 1864 1559 1916 luctus,

131 1918 422 1984 molestiaeque
455 1920 670 1975 percepit?
703 1927 745 1960 et
782 1920 970 1974 quamvis
1009 1919 1194 1975 optanda
1226 1920 1351 1960 etiam
1386 1921 1561 1962 minime

131 1988 265 2029 pauca
285 1975 326 2016 in
348 1977 430 2016 vita
458 1976 631 2017 viderit:
662 1975 871 2016 malorum
901 1984 1042 2016 tamen
1064 1990 1295 2031 paucorum
1318 1990 1476 2027 sensus,
1497 1977 1561 2018 vel

132 2029 385 2073 doctissimis
413 2032 654 2073 hominibus
679 2031 981 2087 judicantibus,
1002 2032 1059 2072 ita
1078 2033 1252 2073 acerbus
1272 2040 1349 2082 est,
1372 2042 1419 2073 ut
1438 2034 1560 2074 bonis

131 2087 194 2127 vel
224 2087 429 2142 plurimis,
451 2097 494 2129 et
522 2089 714 2129 maximis
744 2097 949 2144 aequetur,
971 2088 1179 2129 interdum
1210 2088 1337 2128 etiam
1366 2090 1562 2143 praefera-

132 2150 214 2184 tur.
274 2145 484 2185 Permulta
516 2155 718 2199 praeterea
750 2160 791 2185 1n
824 2144 905 2184 hoc
935 2158 1090 2199 genere
1122 2153 1233 2194 sunt,
1263 2159 1357 2200 quae
1387 2146 1562 2186 reticere

133 2208 316 2254 praestat,
339 2215 464 2255 quam
486 2201 623 2241 edere.
646 2201 719 2241 sed
747 2214 903 2255 magna
923 2209 1050 2250 certe,
1071 2200 1134 2241 vel
1161 2201 1244 2241 hoc
1270 2215 1356 2241 uno
1376 2202 1561 2253 nomine,

134 2255 398 2297 faeminarum
419 2256 584 2297 miseria
611 2266 689 2320 est,
701 2257 839 2320 quod,
865 2256 1067 2312 quamdiu
1097 2256 1250 2307 vivunt,
1277 2271 1421 2311 parere
1450 2272 1562 2298 sem-

134 2325 209 2366 per
227 2322 450 2367 coguntur.
473 2322 545 2354 aut
567 2312 676 2353 enim
699 2312 885 2376 innuptae
907 2312 1165 2368 parentibus,
1186 2321 1229 2353 et
1248 2313 1469 2354 affinibus.
1490 2322 1564 2356 aut

135 2377 295 2423 nuptae,
313 2369 472 2432 maritis
502 2379 660 2424 parent,
682 2378 724 2409 et
754 2369 948 2410 serviunt.
970 2369 1044 2418 sic,
1065 2383 1151 2423 quo
1175 2369 1314 2410 minus
1333 2369 1489 2420 liberae,
1509 2384 1562 2411 eo

137 2424 274 2478 magis
292 2424 470 2475 miserae,
490 2440 565 2466 nee
587 2439 790 2480 umquam
809 2425 968 2476 liberae,
988 2425 1065 2465 nisi
1082 2439 1105 2465 e
1122 2425 1206 2466 vita
1220 2425 1438 2480 profectae.
1457 2440 1562 2481 ergo

137 2488 316 2521 mortuae
336 2480 470 2522 beatae
491 2481 711 2522 censendae
732 2490 868 2522 erunt.
916 2483 1011 2522 Nec
1032 2494 1128 2521 sane
1147 2481 1282 2532 video,
1303 2481 1404 2537 quid
1424 2483 1563 2546 aptius

136 2535 220 2577 dici
237 2536 387 2600 possit
409 2537 496 2588 sed,
515 2548 561 2578 ut
581 2538 634 2578 ad
663 2552 740 2578 nos
764 2538 877 2592 ipsos
897 2537 1142 2578 redeamus.
1173 2538 1242 2579 cui
1272 2552 1376 2578 uxor
1395 2538 1563 2579 contin-

136 2592 216 2647 git,
237 2593 270 2633 is
291 2603 443 2648 praeter
458 2607 702 2635 communes
719 2594 907 2634 omnium
930 2594 1187 2634 calamitates
1205 2593 1419 2649 praecipuo
1436 2593 1563 2635 etiam

137 2648 316 2689 miseriae
344 2663 498 2704 genere
526 2651 743 2705 premitur,
775 2649 890 2704 quod
920 2664 1003 2690 non
1034 2651 1172 2690 solum
1203 2650 1302 2701 suis,
1333 2649 1406 2690 sed
1436 2650 1563 2690 etiam

138 2705 379 2746 domesticis
399 2705 555 2756 uxoris,
575 2715 618 2747 et
636 2706 808 2748 familiae
832 2706 1052 2756 molestiis,
1072 2707 1267 2760 curisque
1285 2714 1467 2746 vexatur.
1489 2714 1568 2746 ne·

140 2775 222 2816 que
241 2761 354 2802 enim
371 2763 424 2802 ab
446 2776 509 2812 ea,
530 2762 623 2817 qui·
627 2776 725 2803 cum
745 2762 979 2803 arctissimo
1000 2762 1257 2803 matrimonii
1275 2761 1441 2802 vinculo
1461 2776 1564 2803 con-

140 2816 374 2872 glutinatus
394 2826 472 2869 est,
493 2826 565 2860 aut
585 2826 742 2869 mente,
759 2827 831 2859 aut
851 2818 1111 2873 cogitatione
1130 2818 1346 2875 sejunctus
1364 2831 1454 2860 esse
1469 2825 1568 2875 pot·
1586 2842 1601 2848 ἢ
