<?xml version="1.0" encoding="UTF-8"?>
<!DOCTYPE html PUBLIC "-//W3C//DTD XHTML 1.0 Transitional//EN"
    "http://www.w3.org/TR/xhtml1/DTD/xhtml1-transitional.dtd">
<html xmlns="http://www.w3.org/1999/xhtml" xml:lang="en" lang="en">
 <head>
  <title>
</title>
<meta http-equiv="Content-Type" content="text/html;charset=utf-8" />
  <meta name='ocr-system' content='tesseract 3.04.00' />
  <meta name='ocr-capabilities' content='ocr_page ocr_carea ocr_par ocr_line ocrx_word'/>
</head>
<body>
  <div class='ocr_page' id='page_1' title='image "./p2operaomnia04ciceuoft_0300.png"; bbox 0 0 1844 3202; ppageno 0'>
   <div class='ocr_carea' id='block_1_1' title="bbox 291 101 1357 148">
    <p class='ocr_par' dir='ltr' id='par_1_1' title="bbox 291 101 1357 148">
     <span class='ocr_line' id='line_1_1' title="bbox 291 101 1357 148; baseline 0.003 -9"><span class='ocrx_word' id='word_1_1' title='bbox 291 103 370 148; x_wconf 83' lang='lat'>906</span> <span class='ocrx_word' id='word_1_2' title='bbox 664 101 723 141; x_wconf 88' lang='lat' dir='ltr'>M.</span> <span class='ocrx_word' id='word_1_3' title='bbox 761 101 981 140; x_wconf 81' lang='lat' dir='ltr'>TULL11</span> <span class='ocrx_word' id='word_1_4' title='bbox 1021 102 1357 142; x_wconf 78' lang='lat' dir='ltr'>CICERoNrs</span> 
     </span>
    </p>
   </div>
   <div class='ocr_carea' id='block_1_2' title="bbox 277 209 1733 2870">
    <p class='ocr_par' dir='ltr' id='par_1_2' title="bbox 287 209 1732 380">
     <span class='ocr_line' id='line_1_2' title="bbox 345 209 1730 268; baseline 0.003 -18"><span class='ocrx_word' id='word_1_5' title='bbox 345 210 478 250; x_wconf 85' lang='lat' dir='ltr'>NON.</span> <span class='ocrx_word' id='word_1_6' title='bbox 500 209 702 265; x_wconf 67' lang='lat' dir='ltr'>Irffestum</span> <span class='ocrx_word' id='word_1_7' title='bbox 731 226 857 252; x_wconf 80' lang='lat' dir='ltr'>mare.</span> <span class='ocrx_word' id='word_1_8' title='bbox 887 212 1124 267; x_wconf 62' lang='lat' dir='ltr'>Ivlyoparo.)</span> <span class='ocrx_word' id='word_1_9' title='bbox 1149 213 1261 253; x_wconf 88' lang='lat' dir='ltr'>Nam</span> <span class='ocrx_word' id='word_1_10' title='bbox 1283 227 1380 253; x_wconf 88' lang='lat' dir='ltr'>cum</span> <span class='ocrx_word' id='word_1_11' title='bbox 1403 220 1659 268; x_wconf 87' lang='lat' dir='ltr'>quaereretur</span> <span class='ocrx_word' id='word_1_12' title='bbox 1679 227 1730 255; x_wconf 88' lang='lat' dir='ltr'>ex</span> 
     </span>
     <span class='ocr_line' id='line_1_3' title="bbox 288 266 1732 326; baseline 0.003 -20"><span class='ocrx_word' id='word_1_13' title='bbox 288 279 355 316; x_wconf 87' lang='lat' dir='ltr'>eo,</span> <span class='ocrx_word' id='word_1_14' title='bbox 376 280 462 321; x_wconf 94' lang='lat' dir='ltr'>quo</span> <span class='ocrx_word' id='word_1_15' title='bbox 493 266 649 308; x_wconf 86' lang='lat' dir='ltr'>scelere</span> <span class='ocrx_word' id='word_1_16' title='bbox 679 268 925 323; x_wconf 86' lang='lat' dir='ltr'>compulsus</span> <span class='ocrx_word' id='word_1_17' title='bbox 949 283 1063 309; x_wconf 89' lang='lat' dir='ltr'>mare</span> <span class='ocrx_word' id='word_1_18' title='bbox 1086 269 1259 311; x_wconf 88' lang='lat' dir='ltr'>haberet</span> <span class='ocrx_word' id='word_1_19' title='bbox 1278 270 1477 310; x_wconf 86' lang='lat' dir='ltr'>infestum</span> <span class='ocrx_word' id='word_1_20' title='bbox 1500 284 1586 310; x_wconf 89' lang='lat' dir='ltr'>uno</span> <span class='ocrx_word' id='word_1_21' title='bbox 1607 284 1732 326; x_wconf 89' lang='lat' dir='ltr'>myo-</span> 
     </span>
     <span class='ocr_line' id='line_1_4' title="bbox 287 323 1357 380; baseline 0.005 -18"><span class='ocrx_word' id='word_1_22' title='bbox 287 337 446 379; x_wconf 86' lang='lat' dir='ltr'>parone</span> <span class='ocrx_word' id='word_1_23' title='bbox 466 339 476 364; x_wconf 91' lang='lat'><strong>:</strong></span> <span class='ocrx_word' id='word_1_24' title='bbox 509 323 687 374; x_wconf 87' lang='lat' dir='ltr'>Eodem,</span> <span class='ocrx_word' id='word_1_25' title='bbox 710 324 860 380; x_wconf 90' lang='lat' dir='ltr'>inquit,</span> <span class='ocrx_word' id='word_1_26' title='bbox 881 340 967 380; x_wconf 91' lang='lat' dir='ltr'>quo</span> <span class='ocrx_word' id='word_1_27' title='bbox 988 334 1034 365; x_wconf 88' lang='lat' dir='ltr'>tu</span> <span class='ocrx_word' id='word_1_28' title='bbox 1055 325 1200 365; x_wconf 90' lang='lat' dir='ltr'>orbem</span> <span class='ocrx_word' id='word_1_29' title='bbox 1222 337 1357 367; x_wconf 79' lang='lat' dir='ltr'>terrae.</span> 
     </span>
    </p>

    <p class='ocr_par' dir='ltr' id='par_1_3' title="bbox 288 379 1730 663">
     <span class='ocr_line' id='line_1_5' title="bbox 346 379 1730 436; baseline 0.002 -16"><span class='ocrx_word' id='word_1_30' title='bbox 346 379 503 420; x_wconf 85' lang='lat' dir='ltr'>GELL.</span> <span class='ocrx_word' id='word_1_31' title='bbox 537 379 608 421; x_wconf 76' lang='lat' dir='ltr'>lib.</span> <span class='ocrx_word' id='word_1_32' title='bbox 642 392 673 421; x_wconf 87' lang='grc'>1.</span> <span class='ocrx_word' id='word_1_33' title='bbox 703 391 790 436; x_wconf 76' lang='lat' dir='ltr'>cap.</span> <span class='ocrx_word' id='word_1_34' title='bbox 822 387 903 433; x_wconf 84' lang='lat'>22.)</span> <span class='ocrx_word' id='word_1_35' title='bbox 943 383 1045 422; x_wconf 91' lang='lat' dir='ltr'>Non</span> <span class='ocrx_word' id='word_1_36' title='bbox 1080 395 1288 436; x_wconf 83' lang='lat' dir='ltr'>gravarer,</span> <span class='ocrx_word' id='word_1_37' title='bbox 1318 382 1438 433; x_wconf 80' lang='lat' dir='ltr'>Laeli,</span> <span class='ocrx_word' id='word_1_38' title='bbox 1471 381 1549 423; x_wconf 88' lang='lat' dir='ltr'>nisi</span> <span class='ocrx_word' id='word_1_39' title='bbox 1579 391 1621 423; x_wconf 87' lang='lat' dir='ltr'>et</span> <span class='ocrx_word' id='word_1_40' title='bbox 1652 381 1730 423; x_wconf 91' lang='lat' dir='ltr'>hos</span> 
     </span>
     <span class='ocr_line' id='line_1_6' title="bbox 288 435 1730 495; baseline 0.002 -18"><span class='ocrx_word' id='word_1_41' title='bbox 288 435 394 477; x_wconf 89' lang='lat' dir='ltr'>velle</span> <span class='ocrx_word' id='word_1_42' title='bbox 424 446 631 492; x_wconf 87' lang='lat' dir='ltr'>putarem,</span> <span class='ocrx_word' id='word_1_43' title='bbox 654 445 696 477; x_wconf 90' lang='lat' dir='ltr'>et</span> <span class='ocrx_word' id='word_1_44' title='bbox 724 438 812 492; x_wconf 87' lang='lat' dir='ltr'>ipse</span> <span class='ocrx_word' id='word_1_45' title='bbox 841 452 1042 493; x_wconf 89' lang='lat' dir='ltr'>cuperem</span> <span class='ocrx_word' id='word_1_46' title='bbox 1076 448 1117 478; x_wconf 90' lang='lat' dir='ltr'>te</span> <span class='ocrx_word' id='word_1_47' title='bbox 1150 453 1320 493; x_wconf 91' lang='lat' dir='ltr'>quoque</span> <span class='ocrx_word' id='word_1_48' title='bbox 1351 439 1533 495; x_wconf 80' lang='lat' dir='ltr'>aliquam</span> <span class='ocrx_word' id='word_1_49' title='bbox 1566 449 1730 494; x_wconf 84' lang='lat' dir='ltr'>partem</span> 
     </span>
     <span class='ocr_line' id='line_1_7' title="bbox 289 491 1730 549; baseline 0.003 -16"><span class='ocrx_word' id='word_1_50' title='bbox 289 491 418 549; x_wconf 89' lang='lat' dir='ltr'>hujus</span> <span class='ocrx_word' id='word_1_51' title='bbox 439 494 567 534; x_wconf 79' lang='lat' dir='ltr'>nostri</span> <span class='ocrx_word' id='word_1_52' title='bbox 590 494 795 534; x_wconf 86' lang='lat' dir='ltr'>sermonis</span> <span class='ocrx_word' id='word_1_53' title='bbox 817 495 1050 548; x_wconf 85' lang='lat' dir='ltr'>attingere:</span> <span class='ocrx_word' id='word_1_54' title='bbox 1082 496 1310 549; x_wconf 75' lang='lat' dir='ltr'>praesertim</span> <span class='ocrx_word' id='word_1_55' title='bbox 1334 511 1431 536; x_wconf 91' lang='lat' dir='ltr'>curn</span> <span class='ocrx_word' id='word_1_56' title='bbox 1454 496 1542 536; x_wconf 91' lang='lat' dir='ltr'>heri</span> <span class='ocrx_word' id='word_1_57' title='bbox 1564 495 1730 547; x_wconf 82' lang='lat' dir='ltr'>dixeris,</span> 
     </span>
     <span class='ocr_line' id='line_1_8' title="bbox 290 549 1730 608; baseline 0.002 -18"><span class='ocrx_word' id='word_1_58' title='bbox 290 556 330 590; x_wconf 89' lang='lat' dir='ltr'>te</span> <span class='ocrx_word' id='word_1_59' title='bbox 354 549 474 591; x_wconf 88' lang='lat' dir='ltr'>nobis</span> <span class='ocrx_word' id='word_1_60' title='bbox 495 551 623 590; x_wconf 88' lang='lat' dir='ltr'>etiam</span> <span class='ocrx_word' id='word_1_61' title='bbox 645 551 980 605; x_wconf 80' lang='lat' dir='ltr'>superfuturum.</span> <span class='ocrx_word' id='word_1_62' title='bbox 1002 565 1162 601; x_wconf 87' lang='lat' dir='ltr'>verum,</span> <span class='ocrx_word' id='word_1_63' title='bbox 1185 551 1219 592; x_wconf 86' lang='lat' dir='ltr'>si</span> <span class='ocrx_word' id='word_1_64' title='bbox 1251 552 1294 593; x_wconf 90' lang='lat' dir='ltr'>id</span> <span class='ocrx_word' id='word_1_65' title='bbox 1324 551 1496 608; x_wconf 69' lang='lat' dir='ltr'>quidem&#39;</span> <span class='ocrx_word' id='word_1_66' title='bbox 1529 553 1613 594; x_wconf 83' lang='lat' dir='ltr'>fieri</span> <span class='ocrx_word' id='word_1_67' title='bbox 1647 568 1730 593; x_wconf 92' lang='lat' dir='ltr'>non</span> 
     </span>
     <span class='ocr_line' id='line_1_9' title="bbox 288 605 1147 663; baseline 0.001 -17"><span class='ocrx_word' id='word_1_68' title='bbox 288 613 430 661; x_wconf 88' lang='lat' dir='ltr'>potest</span> <span class='ocrx_word' id='word_1_69' title='bbox 449 622 458 646; x_wconf 89' lang='lat'><strong>:</strong></span> <span class='ocrx_word' id='word_1_70' title='bbox 488 621 540 646; x_wconf 88' lang='lat' dir='ltr'>ne</span> <span class='ocrx_word' id='word_1_71' title='bbox 561 605 684 657; x_wconf 83' lang='lat' dir='ltr'>desis,</span> <span class='ocrx_word' id='word_1_72' title='bbox 704 621 850 648; x_wconf 89' lang='lat' dir='ltr'>omnes</span> <span class='ocrx_word' id='word_1_73' title='bbox 871 617 911 648; x_wconf 84' lang='lat' dir='ltr'>te</span> <span class='ocrx_word' id='word_1_74' title='bbox 931 621 1147 663; x_wconf 84' lang='lat' dir='ltr'>rogamus.</span> 
     </span>
    </p>

    <p class='ocr_par' dir='ltr' id='par_1_4' title="bbox 280 662 1733 1570">
     <span class='ocr_line' id='line_1_10' title="bbox 346 662 1732 719; baseline 0.003 -17"><span class='ocrx_word' id='word_1_75' title='bbox 346 663 498 703; x_wconf 74' lang='lat' dir='ltr'>LACT.</span> <span class='ocrx_word' id='word_1_76' title='bbox 520 662 590 703; x_wconf 71' lang='lat' dir='ltr'>lib.</span> <span class='ocrx_word' id='word_1_77' title='bbox 611 667 650 703; x_wconf 83' lang='lat'>6.</span> <span class='ocrx_word' id='word_1_78' title='bbox 670 678 703 703; x_wconf 85' lang='lat' dir='ltr'>c.</span> <span class='ocrx_word' id='word_1_79' title='bbox 725 666 778 716; x_wconf 86' lang='lat'>8.)</span> <span class='ocrx_word' id='word_1_80' title='bbox 805 674 842 704; x_wconf 82' lang='grc'>2.</span> <span class='ocrx_word' id='word_1_81' title='bbox 864 666 939 705; x_wconf 87' lang='lat' dir='ltr'>Est</span> <span class='ocrx_word' id='word_1_82' title='bbox 959 663 1128 719; x_wconf 89' lang='lat' dir='ltr'>quidem</span> <span class='ocrx_word' id='word_1_83' title='bbox 1157 678 1252 706; x_wconf 86' lang='lat' dir='ltr'>vera</span> <span class='ocrx_word' id='word_1_84' title='bbox 1279 663 1360 715; x_wconf 82' lang='lat' dir='ltr'>lex,</span> <span class='ocrx_word' id='word_1_85' title='bbox 1381 674 1494 705; x_wconf 87' lang='lat' dir='ltr'>recta</span> <span class='ocrx_word' id='word_1_86' title='bbox 1515 665 1635 716; x_wconf 83' lang='lat' dir='ltr'>ratio,</span> <span class='ocrx_word' id='word_1_87' title='bbox 1658 679 1732 706; x_wconf 83' lang='lat' dir='ltr'>na·</span> 
     </span>
     <span class='ocr_line' id='line_1_11' title="bbox 290 719 1730 777; baseline 0.003 -18"><span class='ocrx_word' id='word_1_88' title='bbox 290 726 395 759; x_wconf 82' lang='lat' dir='ltr'>turae</span> <span class='ocrx_word' id='word_1_89' title='bbox 418 734 672 775; x_wconf 84' lang='lat' dir='ltr'>congruens,</span> <span class='ocrx_word' id='word_1_90' title='bbox 693 719 844 762; x_wconf 82' lang='lat' dir='ltr'>diffusa</span> <span class='ocrx_word' id='word_1_91' title='bbox 865 722 907 762; x_wconf 94' lang='lat' dir='ltr'>in</span> <span class='ocrx_word' id='word_1_92' title='bbox 926 735 1087 771; x_wconf 86' lang='lat' dir='ltr'>omnes,</span> <span class='ocrx_word' id='word_1_93' title='bbox 1108 730 1319 771; x_wconf 83' lang='lat' dir='ltr'>constans,</span> <span class='ocrx_word' id='word_1_94' title='bbox 1346 721 1613 776; x_wconf 80' lang='lat' dir='ltr'>sempiterna,</span> <span class='ocrx_word' id='word_1_95' title='bbox 1635 737 1730 777; x_wconf 87' lang='lat' dir='ltr'>quae</span> 
     </span>
     <span class='ocr_line' id='line_1_12' title="bbox 287 776 1731 834; baseline 0.003 -19"><span class='ocrx_word' id='word_1_96' title='bbox 287 785 411 816; x_wconf 86' lang='lat' dir='ltr'>vocet</span> <span class='ocrx_word' id='word_1_97' title='bbox 440 776 493 816; x_wconf 84' lang='lat' dir='ltr'>ad</span> <span class='ocrx_word' id='word_1_98' title='bbox 523 776 707 818; x_wconf 87' lang='lat' dir='ltr'>officium</span> <span class='ocrx_word' id='word_1_99' title='bbox 733 777 941 834; x_wconf 85' lang='lat' dir='ltr'>jubendo,</span> <span class='ocrx_word' id='word_1_100' title='bbox 972 778 1149 819; x_wconf 84' lang='lat' dir='ltr'>vetando</span> <span class='ocrx_word' id='word_1_101' title='bbox 1170 793 1194 819; x_wconf 88' lang='lat' dir='ltr'>a</span> <span class='ocrx_word' id='word_1_102' title='bbox 1216 778 1361 819; x_wconf 77' lang='lat' dir='ltr'>fraude</span> <span class='ocrx_word' id='word_1_103' title='bbox 1392 778 1613 829; x_wconf 86' lang='lat' dir='ltr'>deterreat,</span> <span class='ocrx_word' id='word_1_104' title='bbox 1636 794 1731 834; x_wconf 85' lang='lat' dir='ltr'>quae</span> 
     </span>
     <span class='ocr_line' id='line_1_13' title="bbox 287 833 1731 891; baseline 0.003 -20"><span class='ocrx_word' id='word_1_105' title='bbox 287 838 430 872; x_wconf 88' lang='lat' dir='ltr'>tamen</span> <span class='ocrx_word' id='word_1_106' title='bbox 462 847 600 888; x_wconf 88' lang='lat' dir='ltr'>neque</span> <span class='ocrx_word' id='word_1_107' title='bbox 630 834 786 889; x_wconf 87' lang='lat' dir='ltr'>probos</span> <span class='ocrx_word' id='word_1_108' title='bbox 817 835 972 876; x_wconf 79' lang='lat' dir='ltr'>frustra</span> <span class='ocrx_word' id='word_1_109' title='bbox 994 833 1134 891; x_wconf 88' lang='lat' dir='ltr'>jubet,</span> <span class='ocrx_word' id='word_1_110' title='bbox 1165 845 1238 876; x_wconf 86' lang='lat' dir='ltr'>aut</span> <span class='ocrx_word' id='word_1_111' title='bbox 1267 844 1391 885; x_wconf 81' lang='lat' dir='ltr'>vetat,</span> <span class='ocrx_word' id='word_1_112' title='bbox 1413 848 1489 875; x_wconf 85' lang='lat' dir='ltr'>nec</span> <span class='ocrx_word' id='word_1_113' title='bbox 1517 835 1731 890; x_wconf 86' lang='lat' dir='ltr'>improbos</span> 
     </span>
     <span class='ocr_line' id='line_1_14' title="bbox 280 886 1730 947; baseline 0.003 -19"><span class='ocrx_word' id='word_1_114' title='bbox 280 886 490 943; x_wconf 88' lang='lat' dir='ltr'>jubendo,</span> <span class='ocrx_word' id='word_1_115' title='bbox 507 899 581 930; x_wconf 83' lang='lat' dir='ltr'>aut</span> <span class='ocrx_word' id='word_1_116' title='bbox 600 891 779 932; x_wconf 86' lang='lat' dir='ltr'>vetando</span> <span class='ocrx_word' id='word_1_117' title='bbox 800 901 953 932; x_wconf 83' lang='lat' dir='ltr'>movet.</span> <span class='ocrx_word' id='word_1_118' title='bbox 1014 891 1129 932; x_wconf 87' lang='lat' dir='ltr'>Huic</span> <span class='ocrx_word' id='word_1_119' title='bbox 1149 892 1233 947; x_wconf 85' lang='lat' dir='ltr'>legi</span> <span class='ocrx_word' id='word_1_120' title='bbox 1254 907 1329 933; x_wconf 87' lang='lat' dir='ltr'>nec</span> <span class='ocrx_word' id='word_1_121' title='bbox 1351 892 1550 946; x_wconf 84' lang='lat' dir='ltr'>obrogari</span> <span class='ocrx_word' id='word_1_122' title='bbox 1571 892 1632 933; x_wconf 84' lang='lat' dir='ltr'>fas</span> <span class='ocrx_word' id='word_1_123' title='bbox 1652 901 1730 943; x_wconf 89' lang='lat' dir='ltr'>est,</span> 
     </span>
     <span class='ocr_line' id='line_1_15' title="bbox 288 945 1730 1004; baseline 0.003 -19"><span class='ocrx_word' id='word_1_124' title='bbox 288 958 426 1000; x_wconf 89' lang='lat' dir='ltr'>neque</span> <span class='ocrx_word' id='word_1_125' title='bbox 447 945 641 1002; x_wconf 80' lang='lat' dir='ltr'>derogari</span> <span class='ocrx_word' id='word_1_126' title='bbox 661 962 711 988; x_wconf 84' lang='lat' dir='ltr'>ex</span> <span class='ocrx_word' id='word_1_127' title='bbox 733 947 811 989; x_wconf 89' lang='lat' dir='ltr'>hac</span> <span class='ocrx_word' id='word_1_128' title='bbox 832 948 991 1004; x_wconf 86' lang='lat' dir='ltr'>aliquid</span> <span class='ocrx_word' id='word_1_129' title='bbox 1011 948 1125 998; x_wconf 88' lang='lat' dir='ltr'>licet,</span> <span class='ocrx_word' id='word_1_130' title='bbox 1147 963 1284 1004; x_wconf 89' lang='lat' dir='ltr'>neque</span> <span class='ocrx_word' id='word_1_131' title='bbox 1308 958 1398 989; x_wconf 85' lang='lat' dir='ltr'>tota</span> <span class='ocrx_word' id='word_1_132' title='bbox 1418 949 1613 1004; x_wconf 85' lang='lat' dir='ltr'>abrogari</span> <span class='ocrx_word' id='word_1_133' title='bbox 1634 958 1730 1003; x_wconf 89' lang='lat' dir='ltr'>pot-</span> 
     </span>
     <span class='ocr_line' id='line_1_16' title="bbox 287 1003 1731 1060; baseline 0.003 -19"><span class='ocrx_word' id='word_1_134' title='bbox 287 1010 366 1043; x_wconf 91' lang='lat' dir='ltr'>est.</span> <span class='ocrx_word' id='word_1_135' title='bbox 426 1003 522 1043; x_wconf 86' lang='lat' dir='ltr'>Nec</span> <span class='ocrx_word' id='word_1_136' title='bbox 543 1018 639 1044; x_wconf 88' lang='lat' dir='ltr'>vero</span> <span class='ocrx_word' id='word_1_137' title='bbox 672 1013 747 1046; x_wconf 86' lang='lat' dir='ltr'>aut</span> <span class='ocrx_word' id='word_1_138' title='bbox 766 1019 840 1060; x_wconf 88' lang='lat' dir='ltr'>per</span> <span class='ocrx_word' id='word_1_139' title='bbox 871 1014 1078 1055; x_wconf 87' lang='lat' dir='ltr'>senatum,</span> <span class='ocrx_word' id='word_1_140' title='bbox 1100 1014 1173 1046; x_wconf 85' lang='lat' dir='ltr'>aut</span> <span class='ocrx_word' id='word_1_141' title='bbox 1204 1019 1276 1060; x_wconf 85' lang='lat' dir='ltr'>per</span> <span class='ocrx_word' id='word_1_142' title='bbox 1301 1004 1507 1060; x_wconf 87' lang='lat' dir='ltr'>populum</span> <span class='ocrx_word' id='word_1_143' title='bbox 1529 1005 1632 1045; x_wconf 90' lang='lat' dir='ltr'>solvi</span> <span class='ocrx_word' id='word_1_144' title='bbox 1653 1005 1731 1046; x_wconf 87' lang='lat' dir='ltr'>hac</span> 
     </span>
     <span class='ocr_line' id='line_1_17' title="bbox 286 1057 1730 1118; baseline 0.003 -20"><span class='ocrx_word' id='word_1_145' title='bbox 286 1057 384 1113; x_wconf 89' lang='lat' dir='ltr'>lege</span> <span class='ocrx_word' id='word_1_146' title='bbox 404 1073 646 1114; x_wconf 89' lang='lat' dir='ltr'>possumus.</span> <span class='ocrx_word' id='word_1_147' title='bbox 697 1062 849 1118; x_wconf 84' lang='lat' dir='ltr'>Neque</span> <span class='ocrx_word' id='word_1_148' title='bbox 869 1071 933 1102; x_wconf 89' lang='lat' dir='ltr'>est</span> <span class='ocrx_word' id='word_1_149' title='bbox 953 1062 1203 1118; x_wconf 82' lang='lat' dir='ltr'>quaerendus</span> <span class='ocrx_word' id='word_1_150' title='bbox 1224 1061 1482 1118; x_wconf 77' lang='lat' dir='ltr'>explanator,</span> <span class='ocrx_word' id='word_1_151' title='bbox 1505 1071 1579 1102; x_wconf 79' lang='lat' dir='ltr'>ant</span> <span class='ocrx_word' id='word_1_152' title='bbox 1600 1061 1730 1102; x_wconf 87' lang='lat' dir='ltr'>inter-</span> 
     </span>
     <span class='ocr_line' id='line_1_18' title="bbox 286 1115 1733 1172; baseline 0.002 -17"><span class='ocrx_word' id='word_1_153' title='bbox 286 1129 381 1170; x_wconf 89' lang='lat' dir='ltr'>pres</span> <span class='ocrx_word' id='word_1_154' title='bbox 414 1115 504 1172; x_wconf 84' lang='lat' dir='ltr'>ejus</span> <span class='ocrx_word' id='word_1_155' title='bbox 535 1116 669 1158; x_wconf 88' lang='lat' dir='ltr'>alius:</span> <span class='ocrx_word' id='word_1_156' title='bbox 702 1132 778 1159; x_wconf 90' lang='lat' dir='ltr'>nec</span> <span class='ocrx_word' id='word_1_157' title='bbox 809 1119 888 1160; x_wconf 90' lang='lat' dir='ltr'>erit</span> <span class='ocrx_word' id='word_1_158' title='bbox 915 1118 995 1159; x_wconf 86' lang='lat' dir='ltr'>alia</span> <span class='ocrx_word' id='word_1_159' title='bbox 1027 1118 1092 1159; x_wconf 86' lang='lat' dir='ltr'>lex</span> <span class='ocrx_word' id='word_1_160' title='bbox 1126 1120 1287 1169; x_wconf 85' lang='lat' dir='ltr'>Romae,</span> <span class='ocrx_word' id='word_1_161' title='bbox 1315 1118 1397 1159; x_wconf 83' lang='lat' dir='ltr'>alia</span> <span class='ocrx_word' id='word_1_162' title='bbox 1420 1118 1617 1169; x_wconf 83' lang='lat' dir='ltr'>Athenis,</span> <span class='ocrx_word' id='word_1_163' title='bbox 1651 1118 1733 1159; x_wconf 85' lang='lat' dir='ltr'>alia</span> 
     </span>
     <span class='ocr_line' id='line_1_19' title="bbox 288 1172 1731 1231; baseline 0.003 -20"><span class='ocrx_word' id='word_1_164' title='bbox 288 1185 415 1222; x_wconf 88' lang='lat' dir='ltr'>nunc,</span> <span class='ocrx_word' id='word_1_165' title='bbox 446 1172 528 1214; x_wconf 82' lang='lat' dir='ltr'>alia</span> <span class='ocrx_word' id='word_1_166' title='bbox 556 1173 761 1229; x_wconf 80' lang='lat' dir='ltr'>posthac3</span> <span class='ocrx_word' id='word_1_167' title='bbox 793 1175 867 1216; x_wconf 85' lang='lat' dir='ltr'>sed</span> <span class='ocrx_word' id='word_1_168' title='bbox 898 1186 940 1217; x_wconf 90' lang='lat' dir='ltr'>et</span> <span class='ocrx_word' id='word_1_169' title='bbox 969 1190 1117 1216; x_wconf 84' lang='lat' dir='ltr'>omnes</span> <span class='ocrx_word' id='word_1_170' title='bbox 1147 1184 1312 1231; x_wconf 83' lang='lat' dir='ltr'>gentes,</span> <span class='ocrx_word' id='word_1_171' title='bbox 1331 1183 1373 1216; x_wconf 92' lang='lat' dir='ltr'>et</span> <span class='ocrx_word' id='word_1_172' title='bbox 1403 1175 1520 1216; x_wconf 91' lang='lat' dir='ltr'>omni</span> <span class='ocrx_word' id='word_1_173' title='bbox 1540 1185 1731 1230; x_wconf 82' lang='lat' dir='ltr'>tempore</span> 
     </span>
     <span class='ocr_line' id='line_1_20' title="bbox 286 1229 1731 1287; baseline 0.003 -19"><span class='ocrx_word' id='word_1_174' title='bbox 286 1242 371 1269; x_wconf 86' lang='lat' dir='ltr'>una</span> <span class='ocrx_word' id='word_1_175' title='bbox 401 1229 482 1280; x_wconf 84' lang='lat' dir='ltr'>lex,</span> <span class='ocrx_word' id='word_1_176' title='bbox 516 1241 559 1271; x_wconf 89' lang='lat' dir='ltr'>et</span> <span class='ocrx_word' id='word_1_177' title='bbox 591 1231 859 1286; x_wconf 83' lang='lat' dir='ltr'>sempiterna,</span> <span class='ocrx_word' id='word_1_178' title='bbox 893 1242 935 1273; x_wconf 89' lang='lat' dir='ltr'>et</span> <span class='ocrx_word' id='word_1_179' title='bbox 966 1232 1216 1273; x_wconf 86' lang='lat' dir='ltr'>immortalis</span> <span class='ocrx_word' id='word_1_180' title='bbox 1248 1231 1505 1282; x_wconf 79' lang='lat' dir='ltr'>continebit3</span> <span class='ocrx_word' id='word_1_181' title='bbox 1538 1246 1731 1287; x_wconf 85' lang='lat' dir='ltr'>unusque</span> 
     </span>
     <span class='ocr_line' id='line_1_21' title="bbox 286 1285 1730 1345; baseline 0.003 -20"><span class='ocrx_word' id='word_1_182' title='bbox 286 1285 366 1325; x_wconf 89' lang='lat' dir='ltr'>erit</span> <span class='ocrx_word' id='word_1_183' title='bbox 396 1287 635 1328; x_wconf 89' lang='lat' dir='ltr'>communis</span> <span class='ocrx_word' id='word_1_184' title='bbox 667 1289 786 1343; x_wconf 81' lang='lat' dir='ltr'>quasi</span> <span class='ocrx_word' id='word_1_185' title='bbox 817 1290 1034 1345; x_wconf 87' lang='lat' dir='ltr'>magister,</span> <span class='ocrx_word' id='word_1_186' title='bbox 1066 1298 1108 1330; x_wconf 81' lang='lat' dir='ltr'>et</span> <span class='ocrx_word' id='word_1_187' title='bbox 1138 1290 1367 1344; x_wconf 86' lang='lat' dir='ltr'>imperator</span> <span class='ocrx_word' id='word_1_188' title='bbox 1397 1289 1589 1330; x_wconf 87' lang='lat' dir='ltr'>omnium</span> <span class='ocrx_word' id='word_1_189' title='bbox 1610 1289 1730 1330; x_wconf 89' lang='lat' dir='ltr'>Deus</span> 
     </span>
     <span class='ocr_line' id='line_1_22' title="bbox 284 1340 1729 1401; baseline 0.003 -20"><span class='ocrx_word' id='word_1_190' title='bbox 284 1340 370 1392; x_wconf 86' lang='lat' dir='ltr'>ille,</span> <span class='ocrx_word' id='word_1_191' title='bbox 392 1342 499 1398; x_wconf 87' lang='lat' dir='ltr'>legis</span> <span class='ocrx_word' id='word_1_192' title='bbox 525 1343 653 1401; x_wconf 87' lang='lat' dir='ltr'>hujus</span> <span class='ocrx_word' id='word_1_193' title='bbox 674 1344 879 1396; x_wconf 82' lang='lat' dir='ltr'>inventor,</span> <span class='ocrx_word' id='word_1_194' title='bbox 901 1346 1173 1401; x_wconf 80' lang='lat' dir='ltr'>disceptator,</span> <span class='ocrx_word' id='word_1_195' title='bbox 1196 1347 1329 1386; x_wconf 84' lang='lat' dir='ltr'>lator:</span> <span class='ocrx_word' id='word_1_196' title='bbox 1362 1345 1430 1386; x_wconf 88' lang='lat' dir='ltr'>cui</span> <span class='ocrx_word' id='word_1_197' title='bbox 1451 1346 1523 1400; x_wconf 90' lang='lat' dir='ltr'>qui</span> <span class='ocrx_word' id='word_1_198' title='bbox 1550 1360 1632 1386; x_wconf 90' lang='lat' dir='ltr'>non</span> <span class='ocrx_word' id='word_1_199' title='bbox 1655 1359 1729 1400; x_wconf 85' lang='lat' dir='ltr'>pa-</span> 
     </span>
     <span class='ocr_line' id='line_1_23' title="bbox 283 1398 1730 1458; baseline 0.002 -19"><span class='ocrx_word' id='word_1_200' title='bbox 283 1398 408 1450; x_wconf 90' lang='lat' dir='ltr'>rebit,</span> <span class='ocrx_word' id='word_1_201' title='bbox 429 1400 518 1455; x_wconf 89' lang='lat' dir='ltr'>ipse</span> <span class='ocrx_word' id='word_1_202' title='bbox 539 1415 582 1441; x_wconf 92' lang='lat' dir='ltr'>se</span> <span class='ocrx_word' id='word_1_203' title='bbox 604 1401 756 1457; x_wconf 88' lang='lat' dir='ltr'>fugiet,</span> <span class='ocrx_word' id='word_1_204' title='bbox 777 1419 824 1445; x_wconf 85' lang='lat' dir='ltr'>ac</span> <span class='ocrx_word' id='word_1_205' title='bbox 856 1412 1049 1444; x_wconf 89' lang='lat' dir='ltr'>naturam</span> <span class='ocrx_word' id='word_1_206' title='bbox 1073 1403 1257 1444; x_wconf 85' lang='lat' dir='ltr'>hominis</span> <span class='ocrx_word' id='word_1_207' title='bbox 1277 1403 1584 1458; x_wconf 82' lang='lat' dir='ltr'>aspernabitur,</span> <span class='ocrx_word' id='word_1_208' title='bbox 1604 1413 1730 1457; x_wconf 81' lang='lat' dir='ltr'>atque</span> 
     </span>
     <span class='ocr_line' id='line_1_24' title="bbox 284 1454 1729 1516; baseline 0.002 -20"><span class='ocrx_word' id='word_1_209' title='bbox 284 1454 367 1496; x_wconf 90' lang='lat' dir='ltr'>hoc</span> <span class='ocrx_word' id='word_1_210' title='bbox 388 1456 480 1512; x_wconf 89' lang='lat' dir='ltr'>ipso</span> <span class='ocrx_word' id='word_1_211' title='bbox 500 1457 590 1498; x_wconf 89' lang='lat' dir='ltr'>luet</span> <span class='ocrx_word' id='word_1_212' title='bbox 611 1459 815 1502; x_wconf 78' lang='lat' dir='ltr'>maximas</span> <span class='ocrx_word' id='word_1_213' title='bbox 850 1475 1011 1516; x_wconf 79' lang='lat' dir='ltr'>poenaS,</span> <span class='ocrx_word' id='word_1_214' title='bbox 1032 1460 1198 1501; x_wconf 79' lang='lat' dir='ltr'>etiamsi</span> <span class='ocrx_word' id='word_1_215' title='bbox 1233 1471 1373 1501; x_wconf 89' lang='lat' dir='ltr'>cetera</span> <span class='ocrx_word' id='word_1_216' title='bbox 1395 1458 1613 1515; x_wconf 89' lang='lat' dir='ltr'>supplicia,</span> <span class='ocrx_word' id='word_1_217' title='bbox 1634 1474 1729 1516; x_wconf 83' lang='lat' dir='ltr'>quae</span> 
     </span>
     <span class='ocr_line' id='line_1_25' title="bbox 285 1514 728 1570; baseline 0.009 -18"><span class='ocrx_word' id='word_1_218' title='bbox 285 1522 501 1568; x_wconf 88' lang='lat' dir='ltr'>putantur,</span> <span class='ocrx_word' id='word_1_219' title='bbox 517 1514 728 1570; x_wconf 83' lang='lat' dir='ltr'>effugerit.</span> 
     </span>
    </p>

    <p class='ocr_par' dir='ltr' id='par_1_5' title="bbox 285 1569 1730 1742">
     <span class='ocr_line' id='line_1_26' title="bbox 342 1569 1727 1628; baseline 0.001 -19"><span class='ocrx_word' id='word_1_220' title='bbox 342 1570 494 1611; x_wconf 72' lang='lat' dir='ltr'>LACT.</span> <span class='ocrx_word' id='word_1_221' title='bbox 517 1569 587 1611; x_wconf 71' lang='lat' dir='ltr'>lib.</span> <span class='ocrx_word' id='word_1_222' title='bbox 609 1582 646 1612; x_wconf 88' lang='lat'>5.</span> <span class='ocrx_word' id='word_1_223' title='bbox 669 1586 702 1612; x_wconf 86' lang='lat' dir='ltr'>c.</span> <span class='ocrx_word' id='word_1_224' title='bbox 741 1572 815 1624; x_wconf 85' lang='lat'>19.)</span> <span class='ocrx_word' id='word_1_225' title='bbox 852 1573 965 1614; x_wconf 88' lang='lat' dir='ltr'>Huic</span> <span class='ocrx_word' id='word_1_226' title='bbox 999 1583 1044 1614; x_wconf 91' lang='lat' dir='ltr'>tu</span> <span class='ocrx_word' id='word_1_227' title='bbox 1075 1572 1161 1614; x_wconf 88' lang='lat' dir='ltr'>viro</span> <span class='ocrx_word' id='word_1_228' title='bbox 1192 1587 1294 1628; x_wconf 88' lang='lat' dir='ltr'>quas</span> <span class='ocrx_word' id='word_1_229' title='bbox 1326 1572 1489 1614; x_wconf 87' lang='lat' dir='ltr'>divitias</span> <span class='ocrx_word' id='word_1_230' title='bbox 1520 1570 1727 1627; x_wconf 87' lang='lat' dir='ltr'>objicies?</span> 
     </span>
     <span class='ocr_line' id='line_1_27' title="bbox 285 1627 1730 1686; baseline 0.001 -20"><span class='ocrx_word' id='word_1_231' title='bbox 285 1639 380 1681; x_wconf 85' lang='lat' dir='ltr'>quae</span> <span class='ocrx_word' id='word_1_232' title='bbox 423 1627 627 1682; x_wconf 86' lang='lat' dir='ltr'>imperia?</span> <span class='ocrx_word' id='word_1_233' title='bbox 663 1643 756 1683; x_wconf 84' lang='lat' dir='ltr'>quae</span> <span class='ocrx_word' id='word_1_234' title='bbox 788 1631 951 1685; x_wconf 82' lang='lat' dir='ltr'>regna?</span> <span class='ocrx_word' id='word_1_235' title='bbox 995 1631 1067 1686; x_wconf 86' lang='lat' dir='ltr'>qui</span> <span class='ocrx_word' id='word_1_236' title='bbox 1098 1630 1177 1670; x_wconf 86' lang='lat' dir='ltr'>ista</span> <span class='ocrx_word' id='word_1_237' title='bbox 1207 1631 1349 1670; x_wconf 83' lang='lat' dir='ltr'>omnia</span> <span class='ocrx_word' id='word_1_238' title='bbox 1379 1638 1499 1685; x_wconf 80' lang='lat' dir='ltr'>putat</span> <span class='ocrx_word' id='word_1_239' title='bbox 1529 1628 1730 1678; x_wconf 81' lang='lat' dir='ltr'>humana,</span> 
     </span>
     <span class='ocr_line' id='line_1_28' title="bbox 287 1683 850 1742; baseline 0.005 -19"><span class='ocrx_word' id='word_1_240' title='bbox 287 1696 364 1723; x_wconf 88' lang='lat' dir='ltr'>sua</span> <span class='ocrx_word' id='word_1_241' title='bbox 384 1683 496 1724; x_wconf 87' lang='lat' dir='ltr'>bona</span> <span class='ocrx_word' id='word_1_242' title='bbox 517 1683 655 1725; x_wconf 90' lang='lat' dir='ltr'>divina</span> <span class='ocrx_word' id='word_1_243' title='bbox 668 1685 850 1742; x_wconf 88' lang='lat' dir='ltr'>judicat.</span> 
     </span>
    </p>

    <p class='ocr_par' dir='ltr' id='par_1_6' title="bbox 277 1739 1728 1855">
     <span class='ocr_line' id='line_1_29' title="bbox 344 1739 1728 1798; baseline 0.001 -19"><span class='ocrx_word' id='word_1_244' title='bbox 344 1739 507 1782; x_wconf 71' lang='lat' dir='ltr'>Pmsc.</span> <span class='ocrx_word' id='word_1_245' title='bbox 531 1740 559 1780; x_wconf 89' lang='lat' dir='ltr'>l.</span> <span class='ocrx_word' id='word_1_246' title='bbox 583 1743 637 1794; x_wconf 84' lang='lat'>8.)</span> <span class='ocrx_word' id='word_1_247' title='bbox 673 1745 698 1769; x_wconf 39' lang='lat' dir='ltr'><em>Q</em></span> <span class='ocrx_word' id='word_1_248' title='bbox 716 1742 869 1797; x_wconf 84' lang='lat' dir='ltr'>quibus</span> <span class='ocrx_word' id='word_1_249' title='bbox 898 1743 1117 1793; x_wconf 86' lang='lat' dir='ltr'>assentior,</span> <span class='ocrx_word' id='word_1_250' title='bbox 1141 1743 1364 1784; x_wconf 82' lang='lat' dir='ltr'>sollicitam</span> <span class='ocrx_word' id='word_1_251' title='bbox 1385 1751 1426 1783; x_wconf 90' lang='lat' dir='ltr'>et</span> <span class='ocrx_word' id='word_1_252' title='bbox 1448 1741 1728 1798; x_wconf 73' lang='lat' dir='ltr'>periculosam</span> 
     </span>
     <span class='ocr_line' id='line_1_30' title="bbox 277 1795 944 1855; baseline 0.006 -19"><span class='ocrx_word' id='word_1_253' title='bbox 277 1795 490 1853; x_wconf 84' lang='lat' dir='ltr'>justitiam</span> <span class='ocrx_word' id='word_1_254' title='bbox 512 1812 597 1838; x_wconf 87' lang='lat' dir='ltr'>non</span> <span class='ocrx_word' id='word_1_255' title='bbox 618 1813 709 1840; x_wconf 86' lang='lat' dir='ltr'>esse</span> <span class='ocrx_word' id='word_1_256' title='bbox 730 1799 944 1855; x_wconf 82' lang='lat' dir='ltr'>sapientis.</span> 
     </span>
    </p>

    <p class='ocr_par' dir='ltr' id='par_1_7' title="bbox 284 1853 1729 1970">
     <span class='ocr_line' id='line_1_31' title="bbox 342 1853 1729 1912; baseline 0.001 -18"><span class='ocrx_word' id='word_1_257' title='bbox 342 1856 474 1894; x_wconf 85' lang='lat' dir='ltr'>NON.</span> <span class='ocrx_word' id='word_1_258' title='bbox 502 1853 579 1895; x_wconf 71' lang='lat' dir='ltr'>Ubi</span> <span class='ocrx_word' id='word_1_259' title='bbox 596 1855 727 1911; x_wconf 66' lang='lat' dir='ltr'>gemit.</span> <span class='ocrx_word' id='word_1_260' title='bbox 742 1866 819 1911; x_wconf 73' lang='lat' dir='ltr'>pro</span> <span class='ocrx_word' id='word_1_261' title='bbox 841 1856 1052 1910; x_wconf 57' lang='lat' dir='ltr'>ablativa)</span> <span class='ocrx_word' id='word_1_262' title='bbox 1085 1858 1245 1898; x_wconf 85' lang='lat' dir='ltr'>Noster</span> <span class='ocrx_word' id='word_1_263' title='bbox 1270 1867 1412 1898; x_wconf 83' lang='lat' dir='ltr'>autem</span> <span class='ocrx_word' id='word_1_264' title='bbox 1438 1856 1635 1912; x_wconf 76' lang='lat' dir='ltr'>populUS,</span> <span class='ocrx_word' id='word_1_265' title='bbox 1659 1871 1729 1896; x_wconf 84' lang='lat' dir='ltr'>so-</span> 
     </span>
     <span class='ocr_line' id='line_1_32' title="bbox 284 1909 1502 1970; baseline 0.002 -20"><span class='ocrx_word' id='word_1_266' title='bbox 284 1909 361 1951; x_wconf 90' lang='lat' dir='ltr'>ciis</span> <span class='ocrx_word' id='word_1_267' title='bbox 382 1910 670 1962; x_wconf 84' lang='lat' dir='ltr'>defendendis,</span> <span class='ocrx_word' id='word_1_268' title='bbox 692 1922 897 1954; x_wconf 86' lang='lat' dir='ltr'>terrarum</span> <span class='ocrx_word' id='word_1_269' title='bbox 916 1914 1005 1970; x_wconf 85' lang='lat' dir='ltr'>jam</span> <span class='ocrx_word' id='word_1_270' title='bbox 1029 1914 1219 1954; x_wconf 86' lang='lat' dir='ltr'>omnium</span> <span class='ocrx_word' id='word_1_271' title='bbox 1243 1914 1405 1969; x_wconf 87' lang='lat' dir='ltr'>potitus</span> <span class='ocrx_word' id='word_1_272' title='bbox 1427 1923 1502 1955; x_wconf 86' lang='lat' dir='ltr'>est.</span> 
     </span>
    </p>

    <p class='ocr_par' dir='ltr' id='par_1_8' title="bbox 285 1969 1730 2081">
     <span class='ocr_line' id='line_1_33' title="bbox 341 1969 1730 2027; baseline 0.001 -19"><span class='ocrx_word' id='word_1_273' title='bbox 341 1969 474 2009; x_wconf 82' lang='lat' dir='ltr'>NON.</span> <span class='ocrx_word' id='word_1_274' title='bbox 495 1969 726 2026; x_wconf 78' lang='lat' dir='ltr'>Largitas.)</span> <span class='ocrx_word' id='word_1_275' title='bbox 756 1972 781 1997; x_wconf 44' lang='grc' dir='ltr'>Σ*</span> <span class='ocrx_word' id='word_1_276' title='bbox 798 1980 837 2011; x_wconf 86' lang='grc'>3.</span> <span class='ocrx_word' id='word_1_277' title='bbox 861 1971 1011 2027; x_wconf 90' lang='lat' dir='ltr'>Pyrrhi</span> <span class='ocrx_word' id='word_1_278' title='bbox 1031 1970 1192 2011; x_wconf 85' lang='lat' dir='ltr'>ridetur</span> <span class='ocrx_word' id='word_1_279' title='bbox 1213 1971 1383 2026; x_wconf 87' lang='lat' dir='ltr'>largitas</span> <span class='ocrx_word' id='word_1_280' title='bbox 1405 1985 1429 2011; x_wconf 89' lang='lat' dir='ltr'>a</span> <span class='ocrx_word' id='word_1_281' title='bbox 1447 1969 1635 2020; x_wconf 88' lang='lat' dir='ltr'>consule,</span> <span class='ocrx_word' id='word_1_282' title='bbox 1657 1978 1730 2011; x_wconf 86' lang='lat' dir='ltr'>aut</span> 
     </span>
     <span class='ocr_line' id='line_1_34' title="bbox 285 2024 1112 2081; baseline 0.005 -17"><span class='ocrx_word' id='word_1_283' title='bbox 285 2024 540 2066; x_wconf 83' lang='lat' dir='ltr'>Samnitium</span> <span class='ocrx_word' id='word_1_284' title='bbox 562 2026 699 2081; x_wconf 87' lang='lat' dir='ltr'>copiae</span> <span class='ocrx_word' id='word_1_285' title='bbox 721 2026 854 2068; x_wconf 90' lang='lat' dir='ltr'>Curio</span> <span class='ocrx_word' id='word_1_286' title='bbox 875 2028 1112 2068; x_wconf 83' lang='lat' dir='ltr'>defuerunt.</span> 
     </span>
    </p>

    <p class='ocr_par' dir='ltr' id='par_1_9' title="bbox 282 2082 1730 2310">
     <span class='ocr_line' id='line_1_35' title="bbox 342 2082 1727 2139; baseline 0.001 -17"><span class='ocrx_word' id='word_1_287' title='bbox 342 2082 475 2122; x_wconf 83' lang='lat' dir='ltr'>NON.</span> <span class='ocrx_word' id='word_1_288' title='bbox 503 2082 660 2137; x_wconf 71' lang='lat' dir='ltr'>Apud.)</span> <span class='ocrx_word' id='word_1_289' title='bbox 698 2082 833 2139; x_wconf 88' lang='lat' dir='ltr'>Cujus</span> <span class='ocrx_word' id='word_1_290' title='bbox 864 2085 989 2125; x_wconf 85' lang='lat' dir='ltr'>etiam</span> <span class='ocrx_word' id='word_1_291' title='bbox 1023 2085 1168 2125; x_wconf 87' lang='lat' dir='ltr'>focum</span> <span class='ocrx_word' id='word_1_292' title='bbox 1202 2083 1312 2125; x_wconf 87' lang='lat' dir='ltr'>Cato</span> <span class='ocrx_word' id='word_1_293' title='bbox 1343 2084 1412 2125; x_wconf 89' lang='lat' dir='ltr'>ille</span> <span class='ocrx_word' id='word_1_294' title='bbox 1443 2094 1599 2134; x_wconf 88' lang='lat' dir='ltr'>noster,</span> <span class='ocrx_word' id='word_1_295' title='bbox 1629 2097 1727 2124; x_wconf 88' lang='lat' dir='ltr'>cum</span> 
     </span>
     <span class='ocr_line' id='line_1_36' title="bbox 284 2138 1730 2196; baseline 0.001 -18"><span class='ocrx_word' id='word_1_296' title='bbox 284 2149 454 2180; x_wconf 80' lang='lat' dir='ltr'>venerat</span> <span class='ocrx_word' id='word_1_297' title='bbox 473 2138 526 2180; x_wconf 90' lang='lat' dir='ltr'>ad</span> <span class='ocrx_word' id='word_1_298' title='bbox 555 2154 599 2180; x_wconf 88' lang='lat' dir='ltr'>se</span> <span class='ocrx_word' id='word_1_299' title='bbox 626 2140 668 2180; x_wconf 87' lang='lat' dir='ltr'>in</span> <span class='ocrx_word' id='word_1_300' title='bbox 691 2140 884 2191; x_wconf 85' lang='lat' dir='ltr'>Sabinos,</span> <span class='ocrx_word' id='word_1_301' title='bbox 906 2150 954 2182; x_wconf 92' lang='lat' dir='ltr'>ut</span> <span class='ocrx_word' id='word_1_302' title='bbox 974 2154 1023 2181; x_wconf 89' lang='lat' dir='ltr'>ex</span> <span class='ocrx_word' id='word_1_303' title='bbox 1045 2141 1137 2196; x_wconf 91' lang='lat' dir='ltr'>ipso</span> <span class='ocrx_word' id='word_1_304' title='bbox 1158 2141 1448 2190; x_wconf 87' lang='lat' dir='ltr'>audiebamus,</span> <span class='ocrx_word' id='word_1_305' title='bbox 1470 2140 1600 2181; x_wconf 83' lang='lat' dir='ltr'>visere</span> <span class='ocrx_word' id='word_1_306' title='bbox 1620 2138 1730 2180; x_wconf 89' lang='lat' dir='ltr'>sole-</span> 
     </span>
     <span class='ocr_line' id='line_1_37' title="bbox 284 2195 1729 2253; baseline 0.001 -18"><span class='ocrx_word' id='word_1_307' title='bbox 284 2195 374 2245; x_wconf 85' lang='lat' dir='ltr'>bat,</span> <span class='ocrx_word' id='word_1_308' title='bbox 404 2195 518 2250; x_wconf 87' lang='lat' dir='ltr'>apud</span> <span class='ocrx_word' id='word_1_309' title='bbox 548 2210 675 2251; x_wconf 90' lang='lat' dir='ltr'>quem</span> <span class='ocrx_word' id='word_1_310' title='bbox 706 2197 853 2238; x_wconf 88' lang='lat' dir='ltr'>sedens</span> <span class='ocrx_word' id='word_1_311' title='bbox 885 2198 1137 2239; x_wconf 88' lang='lat' dir='ltr'>Samnitium</span> <span class='ocrx_word' id='word_1_312' title='bbox 1160 2197 1373 2253; x_wconf 85' lang='lat' dir='ltr'>quondam</span> <span class='ocrx_word' id='word_1_313' title='bbox 1407 2197 1609 2247; x_wconf 87' lang='lat' dir='ltr'>hostium,</span> <span class='ocrx_word' id='word_1_314' title='bbox 1636 2204 1729 2237; x_wconf 88' lang='lat' dir='ltr'>tum</span> 
     </span>
     <span class='ocr_line' id='line_1_38' title="bbox 282 2250 1272 2310; baseline 0.003 -18"><span class='ocrx_word' id='word_1_315' title='bbox 282 2250 375 2308; x_wconf 84' lang='lat' dir='ltr'>jam</span> <span class='ocrx_word' id='word_1_316' title='bbox 396 2252 614 2293; x_wconf 87' lang='lat' dir='ltr'>clientium</span> <span class='ocrx_word' id='word_1_317' title='bbox 637 2268 811 2295; x_wconf 88' lang='lat' dir='ltr'>suorum</span> <span class='ocrx_word' id='word_1_318' title='bbox 836 2254 948 2296; x_wconf 84' lang='lat' dir='ltr'>dona</span> <span class='ocrx_word' id='word_1_319' title='bbox 967 2254 1272 2310; x_wconf 85' lang='lat' dir='ltr'>repudiaverat.</span> 
     </span>
    </p>

    <p class='ocr_par' dir='ltr' id='par_1_10' title="bbox 288 2308 1730 2423">
     <span class='ocr_line' id='line_1_39' title="bbox 345 2308 1730 2366; baseline 0 -16"><span class='ocrx_word' id='word_1_320' title='bbox 345 2308 403 2350; x_wconf 89' lang='lat' dir='ltr'>D.</span> <span class='ocrx_word' id='word_1_321' title='bbox 425 2310 557 2351; x_wconf 84' lang='lat' dir='ltr'>AUG.</span> <span class='ocrx_word' id='word_1_322' title='bbox 579 2309 650 2352; x_wconf 78' lang='lat' dir='ltr'>lib.</span> <span class='ocrx_word' id='word_1_323' title='bbox 672 2320 737 2352; x_wconf 89' lang='lat'>22.</span> <span class='ocrx_word' id='word_1_324' title='bbox 756 2321 844 2366; x_wconf 80' lang='lat' dir='ltr'>cap.</span> <span class='ocrx_word' id='word_1_325' title='bbox 863 2313 918 2364; x_wconf 89' lang='lat'>6.)</span> <span class='ocrx_word' id='word_1_326' title='bbox 954 2311 1133 2353; x_wconf 89' lang='lat' dir='ltr'>Nullum</span> <span class='ocrx_word' id='word_1_327' title='bbox 1158 2311 1316 2352; x_wconf 85' lang='lat' dir='ltr'>bellum</span> <span class='ocrx_word' id='word_1_328' title='bbox 1339 2309 1567 2366; x_wconf 86' lang='lat' dir='ltr'>suscipitur</span> <span class='ocrx_word' id='word_1_329' title='bbox 1586 2324 1610 2350; x_wconf 88' lang='lat' dir='ltr'>a</span> <span class='ocrx_word' id='word_1_330' title='bbox 1629 2309 1730 2351; x_wconf 88' lang='lat' dir='ltr'>civi-</span> 
     </span>
     <span class='ocr_line' id='line_1_40' title="bbox 288 2366 1332 2423; baseline 0.002 -18"><span class='ocrx_word' id='word_1_331' title='bbox 288 2373 373 2406; x_wconf 89' lang='lat' dir='ltr'>tate</span> <span class='ocrx_word' id='word_1_332' title='bbox 395 2366 573 2421; x_wconf 73' lang='lat' dir='ltr'>optima,</span> <span class='ocrx_word' id='word_1_333' title='bbox 594 2367 671 2408; x_wconf 89' lang='lat' dir='ltr'>nisi</span> <span class='ocrx_word' id='word_1_334' title='bbox 694 2377 767 2409; x_wconf 88' lang='lat' dir='ltr'>aut</span> <span class='ocrx_word' id='word_1_335' title='bbox 788 2382 863 2423; x_wconf 86' lang='lat' dir='ltr'>pro</span> <span class='ocrx_word' id='word_1_336' title='bbox 886 2368 982 2417; x_wconf 83' lang='lat' dir='ltr'>fide,</span> <span class='ocrx_word' id='word_1_337' title='bbox 1002 2378 1075 2409; x_wconf 87' lang='lat' dir='ltr'>aut</span> <span class='ocrx_word' id='word_1_338' title='bbox 1088 2382 1164 2422; x_wconf 88' lang='lat' dir='ltr'>pro</span> <span class='ocrx_word' id='word_1_339' title='bbox 1184 2367 1332 2409; x_wconf 86' lang='lat' dir='ltr'>salute.</span> 
     </span>
    </p>

    <p class='ocr_par' dir='ltr' id='par_1_11' title="bbox 285 2422 1729 2587">
     <span class='ocr_line' id='line_1_41' title="bbox 342 2422 1729 2479; baseline 0 -16"><span class='ocrx_word' id='word_1_340' title='bbox 342 2422 400 2464; x_wconf 89' lang='lat' dir='ltr'>D.</span> <span class='ocrx_word' id='word_1_341' title='bbox 423 2423 554 2464; x_wconf 83' lang='lat' dir='ltr'>AUG.</span> <span class='ocrx_word' id='word_1_342' title='bbox 573 2423 643 2464; x_wconf 76' lang='lat' dir='ltr'>lib.</span> <span class='ocrx_word' id='word_1_343' title='bbox 666 2430 841 2479; x_wconf 67' lang='lat' dir='ltr'>22.&#39;cc1p.</span> <span class='ocrx_word' id='word_1_344' title='bbox 857 2433 896 2465; x_wconf 88' lang='lat'>4.</span> <span class='ocrx_word' id='word_1_345' title='bbox 921 2425 1062 2477; x_wconf 74' lang='lat' dir='ltr'>Civit.)</span> <span class='ocrx_word' id='word_1_346' title='bbox 1091 2427 1115 2451; x_wconf 39' lang='grc' dir='ltr'>ῆς</span> <span class='ocrx_word' id='word_1_347' title='bbox 1133 2439 1312 2478; x_wconf 87' lang='lat' dir='ltr'>quorum</span> <span class='ocrx_word' id='word_1_348' title='bbox 1335 2437 1418 2463; x_wconf 90' lang='lat' dir='ltr'>non</span> <span class='ocrx_word' id='word_1_349' title='bbox 1436 2437 1615 2478; x_wconf 87' lang='lat' dir='ltr'>corpora</span> <span class='ocrx_word' id='word_1_350' title='bbox 1631 2430 1729 2464; x_wconf 90' lang='lat' dir='ltr'>sunt</span> 
     </span>
     <span class='ocr_line' id='line_1_42' title="bbox 285 2478 1728 2537; baseline 0.001 -18"><span class='ocrx_word' id='word_1_351' title='bbox 285 2478 328 2520; x_wconf 91' lang='lat' dir='ltr'>in</span> <span class='ocrx_word' id='word_1_352' title='bbox 358 2479 517 2521; x_wconf 87' lang='lat' dir='ltr'>coelum</span> <span class='ocrx_word' id='word_1_353' title='bbox 547 2480 682 2521; x_wconf 83' lang='lat' dir='ltr'>elata:</span> <span class='ocrx_word' id='word_1_354' title='bbox 714 2496 851 2537; x_wconf 88' lang='lat' dir='ltr'>neque</span> <span class='ocrx_word' id='word_1_355' title='bbox 881 2482 991 2522; x_wconf 89' lang='lat' dir='ltr'>enim</span> <span class='ocrx_word' id='word_1_356' title='bbox 1024 2491 1174 2521; x_wconf 85' lang='lat' dir='ltr'>natura</span> <span class='ocrx_word' id='word_1_357' title='bbox 1202 2488 1429 2536; x_wconf 86' lang='lat' dir='ltr'>pateretur,</span> <span class='ocrx_word' id='word_1_358' title='bbox 1452 2489 1501 2521; x_wconf 88' lang='lat' dir='ltr'>ut</span> <span class='ocrx_word' id='word_1_359' title='bbox 1531 2479 1589 2530; x_wconf 91' lang='lat' dir='ltr'>id,</span> <span class='ocrx_word' id='word_1_360' title='bbox 1612 2478 1728 2535; x_wconf 92' lang='lat' dir='ltr'>quod</span> 
     </span>
     <span class='ocr_line' id='line_1_43' title="bbox 286 2535 1130 2587; baseline 0.001 -11"><span class='ocrx_word' id='word_1_361' title='bbox 286 2545 397 2577; x_wconf 89' lang='lat' dir='ltr'>esset</span> <span class='ocrx_word' id='word_1_362' title='bbox 415 2535 467 2577; x_wconf 90' lang='lat' dir='ltr'>de</span> <span class='ocrx_word' id='word_1_363' title='bbox 490 2546 614 2587; x_wconf 88' lang='lat' dir='ltr'>terra,</span> <span class='ocrx_word' id='word_1_364' title='bbox 635 2537 712 2578; x_wconf 91' lang='lat' dir='ltr'>nisi</span> <span class='ocrx_word' id='word_1_365' title='bbox 735 2537 776 2578; x_wconf 90' lang='lat' dir='ltr'>in</span> <span class='ocrx_word' id='word_1_366' title='bbox 799 2548 908 2579; x_wconf 82' lang='lat' dir='ltr'>terra</span> <span class='ocrx_word' id='word_1_367' title='bbox 928 2545 1130 2578; x_wconf 86' lang='lat' dir='ltr'>maneret.</span> 
     </span>
    </p>

    <p class='ocr_par' dir='ltr' id='par_1_12' title="bbox 283 2591 1728 2870">
     <span class='ocr_line' id='line_1_44' title="bbox 342 2591 1728 2648; baseline -0.002 -13"><span class='ocrx_word' id='word_1_368' title='bbox 342 2593 401 2635; x_wconf 88' lang='lat' dir='ltr'>D.</span> <span class='ocrx_word' id='word_1_369' title='bbox 423 2594 556 2634; x_wconf 85' lang='lat' dir='ltr'>AUG.</span> <span class='ocrx_word' id='word_1_370' title='bbox 580 2593 650 2635; x_wconf 68' lang='lat' dir='ltr'>lib.</span> <span class='ocrx_word' id='word_1_371' title='bbox 671 2604 736 2635; x_wconf 80' lang='lat'>22.</span> <span class='ocrx_word' id='word_1_372' title='bbox 759 2609 792 2635; x_wconf 85' lang='lat' dir='ltr'>c.</span> <span class='ocrx_word' id='word_1_373' title='bbox 813 2598 851 2634; x_wconf 86' lang='lat'>6.</span> <span class='ocrx_word' id='word_1_374' title='bbox 888 2594 1029 2647; x_wconf 63' lang='lat' dir='ltr'>(livit.)</span> <span class='ocrx_word' id='word_1_375' title='bbox 1062 2593 1206 2648; x_wconf 83' lang='lat' dir='ltr'>Magis</span> <span class='ocrx_word' id='word_1_376' title='bbox 1236 2601 1298 2633; x_wconf 89' lang='lat' dir='ltr'>est</span> <span class='ocrx_word' id='word_1_377' title='bbox 1320 2593 1359 2633; x_wconf 90' lang='lat' dir='ltr'>in</span> <span class='ocrx_word' id='word_1_378' title='bbox 1385 2592 1570 2634; x_wconf 88' lang='lat' dir='ltr'>Romulo</span> <span class='ocrx_word' id='word_1_379' title='bbox 1590 2591 1728 2633; x_wconf 85' lang='lat' dir='ltr'>admi-</span> 
     </span>
     <span class='ocr_line' id='line_1_45' title="bbox 284 2648 1728 2706; baseline -0.001 -15"><span class='ocrx_word' id='word_1_380' title='bbox 284 2650 481 2701; x_wconf 86' lang='lat' dir='ltr'>randum,</span> <span class='ocrx_word' id='word_1_381' title='bbox 502 2650 618 2706; x_wconf 89' lang='lat' dir='ltr'>quod</span> <span class='ocrx_word' id='word_1_382' title='bbox 647 2651 791 2701; x_wconf 87' lang='lat' dir='ltr'>ceteri,</span> <span class='ocrx_word' id='word_1_383' title='bbox 813 2650 886 2706; x_wconf 88' lang='lat' dir='ltr'>qui</span> <span class='ocrx_word' id='word_1_384' title='bbox 913 2650 970 2691; x_wconf 89' lang='lat' dir='ltr'>dii</span> <span class='ocrx_word' id='word_1_385' title='bbox 999 2665 1050 2692; x_wconf 89' lang='lat' dir='ltr'>ex</span> <span class='ocrx_word' id='word_1_386' title='bbox 1077 2649 1320 2691; x_wconf 88' lang='lat' dir='ltr'>hominibus</span> <span class='ocrx_word' id='word_1_387' title='bbox 1348 2650 1448 2691; x_wconf 82' lang='lat' dir='ltr'>facti</span> <span class='ocrx_word' id='word_1_388' title='bbox 1467 2664 1558 2690; x_wconf 90' lang='lat' dir='ltr'>esse</span> <span class='ocrx_word' id='word_1_389' title='bbox 1578 2648 1728 2690; x_wconf 89' lang='lat' dir='ltr'>dicun-</span> 
     </span>
     <span class='ocr_line' id='line_1_46' title="bbox 284 2705 1728 2761; baseline -0.001 -14"><span class='ocrx_word' id='word_1_390' title='bbox 284 2715 369 2757; x_wconf 88' lang='lat' dir='ltr'>tur,</span> <span class='ocrx_word' id='word_1_391' title='bbox 388 2707 528 2748; x_wconf 91' lang='lat' dir='ltr'>minus</span> <span class='ocrx_word' id='word_1_392' title='bbox 548 2707 723 2749; x_wconf 89' lang='lat' dir='ltr'>eruditis</span> <span class='ocrx_word' id='word_1_393' title='bbox 740 2707 960 2749; x_wconf 87' lang='lat' dir='ltr'>hominum</span> <span class='ocrx_word' id='word_1_394' title='bbox 985 2707 1149 2748; x_wconf 87' lang='lat' dir='ltr'>saeculis</span> <span class='ocrx_word' id='word_1_395' title='bbox 1166 2708 1351 2757; x_wconf 85' lang='lat' dir='ltr'>fuerunt,</span> <span class='ocrx_word' id='word_1_396' title='bbox 1366 2716 1413 2747; x_wconf 92' lang='lat' dir='ltr'>ut</span> <span class='ocrx_word' id='word_1_397' title='bbox 1431 2705 1612 2761; x_wconf 86' lang='lat' dir='ltr'>fingendi</span> <span class='ocrx_word' id='word_1_398' title='bbox 1629 2720 1728 2761; x_wconf 90' lang='lat' dir='ltr'>pro-</span> 
     </span>
     <span class='ocr_line' id='line_1_47' title="bbox 283 2761 1727 2820; baseline -0.002 -15"><span class='ocrx_word' id='word_1_399' title='bbox 283 2763 430 2805; x_wconf 88' lang='lat' dir='ltr'>clivior</span> <span class='ocrx_word' id='word_1_400' title='bbox 449 2773 559 2806; x_wconf 88' lang='lat' dir='ltr'>esset</span> <span class='ocrx_word' id='word_1_401' title='bbox 579 2764 701 2816; x_wconf 83' lang='lat' dir='ltr'>ratio,</span> <span class='ocrx_word' id='word_1_402' title='bbox 720 2779 817 2806; x_wconf 90' lang='lat' dir='ltr'>cum</span> <span class='ocrx_word' id='word_1_403' title='bbox 840 2764 1024 2820; x_wconf 85' lang='lat' dir='ltr'>imperiti</span> <span class='ocrx_word' id='word_1_404' title='bbox 1044 2763 1166 2805; x_wconf 84' lang='lat' dir='ltr'>facile</span> <span class='ocrx_word' id='word_1_405' title='bbox 1183 2763 1236 2804; x_wconf 85' lang='lat' dir='ltr'>ad</span> <span class='ocrx_word' id='word_1_406' title='bbox 1255 2763 1515 2804; x_wconf 85' lang='lat' dir='ltr'>eredendum</span> <span class='ocrx_word' id='word_1_407' title='bbox 1537 2761 1727 2817; x_wconf 87' lang='lat' dir='ltr'>impelle-</span> 
     </span>
     <span class='ocr_line' id='line_1_48' title="bbox 284 2818 1726 2870; baseline -0.002 -9"><span class='ocrx_word' id='word_1_408' title='bbox 284 2828 442 2862; x_wconf 88' lang='lat' dir='ltr'>rentur.</span> <span class='ocrx_word' id='word_1_409' title='bbox 504 2821 676 2863; x_wconf 89' lang='lat' dir='ltr'>Romuli</span> <span class='ocrx_word' id='word_1_410' title='bbox 706 2830 850 2864; x_wconf 85' lang='lat' dir='ltr'>autem</span> <span class='ocrx_word' id='word_1_411' title='bbox 882 2829 1050 2864; x_wconf 85' lang='lat' dir='ltr'>aetatem</span> <span class='ocrx_word' id='word_1_412' title='bbox 1082 2820 1221 2862; x_wconf 89' lang='lat' dir='ltr'>minus</span> <span class='ocrx_word' id='word_1_413' title='bbox 1251 2819 1316 2861; x_wconf 87' lang='lat' dir='ltr'>his</span> <span class='ocrx_word' id='word_1_414' title='bbox 1347 2819 1552 2862; x_wconf 85' lang='lat' dir='ltr'>sexcentis</span> <span class='ocrx_word' id='word_1_415' title='bbox 1592 2818 1726 2870; x_wconf 86' lang='lat' dir='ltr'>aunis,</span> 
     </span>
    </p>
   </div>
  </div>
 </body>
</html>
