1844 3202
566 95 748 134 LIBER
784 93 1028 134 PRIMUS.
1428 102 1504 141 635

76 206 241 261 gendos
269 204 487 246 homines:
519 203 634 260 quod
669 202 990 245 fundamentum
1015 202 1124 260 juris
1153 211 1243 246 est:
1275 220 1408 262 neque
1437 223 1506 250 so—

76 263 166 303 lum
196 262 238 302 in
269 261 458 304 homines
487 259 702 316 obsequia,
735 268 774 293 59
789 258 862 300 sed
889 259 1014 300 etiam
1046 260 1089 300 in
1117 259 1233 311 deos,
1254 263 1507 306 caerimoniae

76 318 384 374 religionesque
420 317 647 358 tollentur:
689 329 791 372 quas
831 330 916 356 non
953 324 1083 366 metu,
1128 315 1201 357 sed
1242 331 1290 358 ea
1328 320 1507 374 conjun-

74 374 231 425 ctione,
253 389 347 430 quae
367 383 430 415 est
451 373 613 414 homini
638 387 736 414 cum
763 371 858 422 deo,
878 372 1179 413 conservandas
1200 385 1319 428 puto.
1377 377 1508 438 Quod
1527 379 1592 429 16

75 430 111 471 si
133 430 389 487 populorum
403 430 547 486 jussis,
569 430 603 471 si
624 429 859 485 principum
881 428 1073 480 decretis,
1095 429 1130 469 si
1152 431 1367 472 sententiis
1392 432 1509 487 Judi-

73 501 189 538 cum,
213 487 314 543 jura
340 487 722 536 constituerentur-3
747 486 820 542 jus
849 494 956 526 esset
985 485 1249 528 latrocinari:
1274 486 1360 542 jus,
1388 487 1509 529 adul-

73 552 234 585 terare:
259 543 347 600 jus,
372 552 624 584 testamenta
643 542 747 583 falsa
769 556 1018 597 supponere,
1039 542 1072 583 si
1095 542 1185 583 haec
1207 544 1417 599 suffragiis
1438 555 1510 586 aut

74 599 190 641 scitis
209 599 488 641 multitudinis
517 599 805 655 probarentur.
865 605 905 631 ⁶0
920 599 1029 655 Quae
1049 599 1084 640 si
1104 608 1221 640 tanta
1240 609 1426 654 potestas
1447 606 1571 642 est—44

72 655 301 697 stultorum
323 656 538 697 sententiis
557 665 683 711 atque
705 655 850 711 jussis,
879 664 927 696 ut
956 669 1103 697 eorum
1133 656 1342 711 suffragiis
1369 672 1510 699 rerum

74 721 224 754 natura
252 722 462 755 vertatur:
495 727 570 754 cur
599 726 685 753 non
715 713 920 762 sanciunt,
950 720 1012 763 ut,
1037 727 1131 767 quae
1161 712 1274 753 mala
1302 714 1510 769 pernicio-

72 782 202 825 saque
238 778 348 820 sunt,
380 768 614 810 habeantur
646 782 724 824 pro
757 768 880 808 bonis
912 782 960 809 ac
996 768 1280 810 salutaribus?
1314 780 1386 811 aut
1419 785 1510 822 cur,

72 839 170 866 eum
195 824 268 882 jus
298 839 349 866 ex
377 826 529 882 injuria
557 825 624 866 lex
653 825 790 866 facere
821 825 968 880 possit,
999 824 1160 866 bonum
1190 825 1337 867 eadem
1372 827 1509 868 facere

71 896 157 922 non
178 882 312 937 possit
333 895 386 922 ‘ex
410 882 524 923 malo
543 883 556 923 ?
588 881 723 936 Atqui
753 895 829 921 nos
861 881 998 936 legem
1027 881 1184 923 bonam
1203 897 1228 922 a
1246 883 1371 934 mala,
1394 883 1509 925 nulla
1521 898 1549 928 p·
1567 894 1637 921 1⁶5.

70 937 153 979 alia
172 938 251 980 nisi
271 947 429 979 naturae
451 953 599 979 norma
619 937 798 979 dividere
818 951 1059 993 possumus,
1111 939 1206 980 Nee
1228 939 1364 981 solum
1389 946 1425 972 61
1434 942 1508 997 jus
1520 941 1549 963 ³·

71 1003 114 1036 et
135 994 285 1050 injuria
306 1009 330 1036 a
349 1004 496 1036 natura
516 994 815 1051 dijudicantur,
846 993 920 1035 sed
951 995 1124 1036 omnino
1152 996 1296 1037 omnia
1316 995 1509 1048 honesta,

72 1060 121 1092 ac
142 1052 293 1107 turpia.
315 1065 412 1093 nam
433 1061 475 1092 et
496 1051 736 1093 communis
757 1050 1037 1106 intelligentia
1055 1052 1176 1093 nobis
1196 1061 1317 1094 notas
1338 1067 1400 1094 res
1419 1054 1509 1095 effi-

70 1107 144 1158 cit,
164 1121 318 1164 easque
347 1115 386 1140 62
402 1109 444 1149 in
469 1108 617 1149 animis
637 1106 791 1148 nostris
812 1107 998 1158 inchoat,
1019 1117 1068 1149 ut
1096 1108 1275 1150 honesta
1294 1109 1335 1150 in
1357 1110 1509 1152 virtute

68 1174 296 1220 ponantur,
331 1164 374 1205 in
406 1165 514 1205 vitiis
547 1163 698 1218 turpia.
739 1164 846 1204 Haec
879 1171 1020 1204 autem
1056 1164 1098 1205 in
1132 1165 1331 1220 opinione
1363 1167 1506 1208 existi·
1519 1181 1569 1215 45

68 1233 200 1271 mare,
221 1234 307 1261 non
326 1220 367 1261 in
390 1229 537 1262 natura
557 1220 709 1275 posita,
731 1219 939 1260 dementis
962 1228 1040 1261 est.
1098 1221 1213 1261 Nam
1236 1236 1312 1263 nec
1332 1223 1509 1275 arboris,

71 1290 148 1317 nec
178 1276 277 1332 equi
305 1276 449 1327 virtus,
477 1291 573 1332 quae
604 1275 770 1326 dicitur,
806 1275 864 1329 (in
895 1290 980 1331 quo
1010 1276 1225 1319 abutimur
1255 1278 1440 1334 nomine)
1465 1280 1508 1320 in

69 1333 269 1388 opinione
287 1333 367 1374 sita
387 1342 465 1384 est,
486 1333 558 1374 sed
579 1333 622 1374 in
643 1341 803 1374 natura.
825 1331 942 1387 quod
961 1332 995 1373 si
1013 1332 1074 1374 ita
1093 1342 1182 1385 est3
1204 1334 1382 1377 honesta
1400 1350 1507 1392 quo·

67 1403 152 1445 que
187 1400 231 1432 et
261 1390 400 1446 turpia
432 1399 581 1431 natura
613 1388 883 1444 dijudicanda
916 1398 1027 1431 sunt.
1085 1390 1201 1432 Nam
1238 1391 1273 1432 si
1307 1392 1532 1448 opinione

67 1445 259 1487 universa
277 1447 421 1498 virtus,
440 1446 587 1487 eadem
616 1445 707 1501 ejus
729 1445 855 1486 etiam
881 1454 1019 1500 partes
1046 1447 1338 1501 probarentur.
1398 1449 1508 1492 Quis

66 1501 199 1558 igitur
218 1503 486 1558 prudentem,
507 1511 563 1554 et,
583 1512 632 1544 ut
656 1502 715 1543 ita
737 1502 896 1553 dicam,
923 1511 1082 1554 catum,
1103 1518 1188 1544 non
1208 1518 1259 1545 ex
1278 1504 1408 1560 ipsius
1431 1505 1508 1546 ha-

66 1558 175 1611 bitu,
197 1559 270 1601 sed
299 1573 351 1601 ex
379 1560 520 1616 aliqua
547 1573 591 1600 re
622 1567 791 1600 externa
814 1559 1008 1614 judicet?
1041 1568 1105 1601 est
1131 1560 1243 1602 enim
1261 1562 1391 1603 virtus
1411 1576 1506 1618 per-

67 1615 181 1657 fecta
196 1615 321 1658 ratio.
346 1622 390 1649 '63
406 1615 522 1674 quod
540 1624 652 1658 certe
671 1615 715 1656 in
734 1624 882 1656 natura
903 1623 980 1657 est.
1001 1615 1132 1671 igitur
1151 1617 1288 1659 omnis
1309 1618 1506 1661 honestas

67 1671 219 1714 eodem
252 1672 397 1714 modo.
456 1674 570 1715 Nam
605 1681 654 1713 ut
684 1686 793 1722 vera,
826 1681 869 1713 et
898 1672 1017 1723 falsa,
1046 1682 1095 1714 ut
1121 1675 1435 1730 consequentia,
1462 1685 1506 1718 et
1524 1673 1587 1727 17

66 1729 291 1781 contraria,
311 1744 388 1771 sua
408 1738 574 1786 sponte,
594 1743 679 1770 non
699 1729 834 1770 aliena
858 1728 1105 1785 judicantur
1122 1747 1131 1771 ε
1164 1730 1223 1772 sic
1244 1740 1440 1773 constans
1462 1741 1506 1774 et

67 1794 272 1840 perpetua
303 1788 410 1828 ratio
439 1786 550 1838 vitae,
586 1800 681 1841 quae
715 1794 780 1826 est
811 1786 954 1837 virtus,
986 1786 1174 1842 itemque
1208 1787 1504 1840 inconstantia,

68 1841 184 1897 quod
203 1851 268 1884 est
287 1842 449 1894 vitium,
470 1857 546 1884 sua
575 1851 723 1883 natura
749 1841 965 1896 probatur.
1026 1848 1065 1874 ⁶4
1083 1844 1178 1885 Nos
1198 1844 1369 1899 ingenia
1382 1846 1504 1902 juve·
1515 1854 1570 1891 46

68 1907 170 1939 num
192 1912 276 1939 non
306 1899 408 1940 item
436 1899 490 1940 ad
515 1898 686 1955 ingenia
704 1914 714 1939 τ
751 1907 910 1939 naturae
927 1898 1102 1940 virtutes
1121 1909 1165 1941 et
1183 1900 1296 1951 vitia,
1318 1916 1413 1957 quae
1432 1917 1504 1943 ex·
1557 1904 1562 1907 '

67 1954 220 1996 sistunt
237 1955 291 1996 ab
309 1955 505 2011 ingeniis,
520 1955 853 2012 judicabuntur?
887 1969 938 1996 an
956 1969 1004 1995 ea
1024 1970 1110 1997 non
1131 1956 1277 1998 aliter?
1310 1957 1503 2009 honesta,

66 2019 111 2052 et
129 2011 282 2067 turpia,
302 2026 387 2053 non
418 2012 471 2054 ad
498 2022 693 2063 naturam
713 2010 857 2052 referri
885 2026 1054 2053 necesse
1082 2012 1189 2054 erit?
1222 2013 1335 2070 quod
1356 2014 1505 2056 lauda—

66 2066 153 2110 bile
179 2067 337 2110 bonum
367 2078 446 2120 est,
478 2068 520 2110 in
550 2083 594 2110 se
619 2068 772 2109 habeat
799 2068 915 2123 quod
935 2068 1130 2110 laudetur
1149 2083 1320 2111 necesse
1341 2080 1418 2113 est.
1439 2071 1504 2127 ip-

66 2137 161 2168 sum
193 2125 306 2166 enim
334 2125 513 2177 bonum,
541 2140 628 2167 non
656 2134 721 2165 est
751 2124 1036 2179 opinionibus,
1054 2124 1128 2167 sed
1157 2134 1321 2168 natura.
1342 2142 1437 2169 nam
1462 2129 1508 2170 ni

66 2179 126 2223 ita
137 2190 267 2236 esset,
287 2182 402 2224 beati
421 2196 592 2239 quoque
621 2181 819 2237 opinione
847 2191 1000 2223 essent.
1025 2197 1110 2238 quo
1138 2183 1242 2239 quid
1260 2182 1344 2225 dici
1363 2194 1506 2240 potest

67 2236 270 2280 stultius?
301 2249 431 2295 quare
459 2252 559 2282 cum
590 2247 634 2281 et
662 2239 824 2279 bonum
853 2247 896 2280 et
922 2238 1084 2280 malum
1106 2248 1255 2282 natura
1272 2240 1505 2296 judicetur,

111 2357 152 2383 ⁵9
173 2351 322 2382 sedetiam
337 2351 762 2393 indeos,cerim.]>1nterpun-
804 2353 910 2392 scripti
940 2354 1072 2392 quidam
1100 2355 1185 2394 apud
1215 2354 1396 2391 Davisium,
1425 2356 1501 2386 item

63 2394 99 2424 xi
115 2400 185 2433 post
201 2395 287 2432 Deos,
305 2405 382 2427 nam
398 2397 428 2426 in
442 2397 518 2426 Deos
533 2406 610 2427 cum
625 2405 761 2435 sequen·
806 2396 913 2427 Guelf.
937 2406 1015 2428 nam
1042 2404 1073 2428 et
1093 2397 1235 2437 sequitur
1251 2404 1411 2437 ponantur,
1437 2409 1503 2429 non

66 2436 152 2468 tibus
179 2437 262 2468 coire
287 2448 354 2470 non
367 2438 488 2480 wtest,
519 2440 698 2480 pendetque
722 2449 763 2469 ex
801 2445 984 2478 ponerentur.

66 2478 208 2521 obsequia.
849 2486 888 2513 63
905 2482 981 2522 quod
994 2486 1067 2512 cerie
1082 2481 1234 2513 inmatura
1246 2481 1302 2523 est]
1317 2483 1502 2523 Legendum

108 2526 150 2553 60
174 2522 248 2554 Q
271 2522 296 2553 n·
317 2522 414 2563 tanta]
443 2524 585 2555 Quidam
606 2523 677 2555 libri
704 2525 761 2554 ha-
805 2531 852 2555 est
868 2535 946 2565 que.

64 2563 142 2596 bem
164 2565 260 2602 Quod,
284 2566 378 2605 idque
400 2569 516 2608 recepit
530 2568 690 2599 Davisius.
706 2568 760 2599 sed
849 2571 889 2598 64
913 2568 973 2598 Nos
987 2566 1103 2606 ingenia
1119 2566 1193 2606 &c.]
1214 2568 1251 2598 ln
1271 2567 1421 2599 hocloco
1439 2568 1503 2599 val-

65 2607 188 2639 etone
202 2608 228 2638 ,τί
243 2615 366 2639 rectum
382 2616 437 2640 est.
804 2610 843 2640 de
858 2611 980 2643 variant
996 2610 1078 2648 libri,
1095 2620 1155 2641 nec
1171 2618 1254 2641 certa
1271 2612 1324 2641 hic
1346 2621 1411 2642 esse
1432 2618 1498 2650 pot-

110 2655 148 2680 61
162 2651 216 2690 jus
238 2658 267 2682 et
288 2651 342 2694 1'23'1'·
357 2658 462 2683 natura
477 2650 691 2693 dijudicantur]
708 2653 759 2684 Sic
804 2657 850 2684 e'st
873 2653 1048 2693 corrigendi
1073 2655 1161 2684 ratio.
1217 2654 1347 2693 Conjeci
1370 2655 1416 2684 sic
1443 2654 1500 2687 Nos,

65 2699 149 2726 tecte
171 2693 234 2724 Ms.
260 2694 367 2726 Guelf.
391 2696 450 2725 nisi
472 2697 557 2735 quod
580 2705 635 2735 pro
651 2696 760 2736 injuria
803 2696 920 2736 ingenia
926 2696 1073 2736 juvenum
1098 2696 1139 2726 ad
1158 2697 1287 2736 ingenia,
1311 2706 1355 2727 sc.
1372 2705 1501 2736 compa-

66 2735 260 2775 habetjura:
283 2737 336 2768 sed
353 2737 462 2779 injuria
476 2748 587 2770 verum
609 2746 669 2777 est,
683 2739 761 2778 quia
803 2745 906 2769 rantes
923 2740 1048 2779 ingenia
1064 2740 1212 2778 ingeniis,
1226 2739 1430 2778 judicamus3
1452 2748 1498 2769 se.

67 2785 100 2809 et
116 2788 193 2810 mox
205 2779 318 2811 honesta
332 2792 367 2810 ac
382 2781 491 2820 turpi-a.
803 2791 844 2814 ex
859 2789 973 2812 natura
984 2782 1054 2812 -reiz
1078 2793 1132 2812 non
1154 2782 1224 2811 item
1247 2782 1353 2816 natura,
1375 2782 1499 2812 virtutes

112 2825 153 2861 ⁶2.
175 2820 206 2851 in
231 2834 259 2852 a.
288 2834 317 2852 n.
345 2822 470 2865 inchoat]
504 2823 555 2854 Sic
584 2824 665 2854 bene
690 2824 761 2855 libri
804 2831 832 2853 et
847 2823 1186 2866 ‘uitia—Judicabtmtur.
