<?xml version="1.0" encoding="UTF-8"?>
<!DOCTYPE html PUBLIC "-//W3C//DTD XHTML 1.0 Transitional//EN"
    "http://www.w3.org/TR/xhtml1/DTD/xhtml1-transitional.dtd">
<html xmlns="http://www.w3.org/1999/xhtml" xml:lang="en" lang="en">
 <head>
  <title>
</title>
<meta http-equiv="Content-Type" content="text/html;charset=utf-8" />
  <meta name='ocr-system' content='tesseract 3.04.00' />
  <meta name='ocr-capabilities' content='ocr_page ocr_carea ocr_par ocr_line ocrx_word'/>
</head>
<body>
  <div class='ocr_page' id='page_1' title='image "./p2operaomnia04ciceuoft_0322.png"; bbox 0 0 1844 3202; ppageno 0'>
   <div class='ocr_carea' id='block_1_1' title="bbox 287 92 1341 148">
    <p class='ocr_par' dir='ltr' id='par_1_1' title="bbox 287 92 1341 148">
     <span class='ocr_line' id='line_1_1' title="bbox 287 92 1341 148; baseline 0.002 -18"><span class='ocrx_word' id='word_1_1' title='bbox 287 93 366 139; x_wconf 85' lang='lat'>926</span> <span class='ocrx_word' id='word_1_2' title='bbox 655 92 716 130; x_wconf 92' lang='lat' dir='ltr'>M.</span> <span class='ocrx_word' id='word_1_3' title='bbox 754 93 971 148; x_wconf 79' lang='lat' dir='ltr'>TULLII</span> <span class='ocrx_word' id='word_1_4' title='bbox 1008 93 1341 132; x_wconf 86' lang='lat' dir='ltr'>CICERONIS</span> 
     </span>
    </p>
   </div>
   <div class='ocr_carea' id='block_1_2' title="bbox 275 198 1712 1949">
    <p class='ocr_par' dir='ltr' id='par_1_2' title="bbox 278 198 1712 821">
     <span class='ocr_line' id='line_1_2' title="bbox 286 198 1711 258; baseline 0.004 -20"><span class='ocrx_word' id='word_1_5' title='bbox 286 198 368 239; x_wconf 80' lang='lat' dir='ltr'>vim</span> <span class='ocrx_word' id='word_1_6' title='bbox 403 199 634 252; x_wconf 64' lang='lat' dir='ltr'>memoriae,</span> <span class='ocrx_word' id='word_1_7' title='bbox 667 201 834 252; x_wconf 88' lang='lat' dir='ltr'>mentis,</span> <span class='ocrx_word' id='word_1_8' title='bbox 865 201 1134 258; x_wconf 79' lang='lat' dir='ltr'>cogitationis</span> <span class='ocrx_word' id='word_1_9' title='bbox 1163 201 1345 243; x_wconf 86' lang='lat' dir='ltr'>habeat:</span> <span class='ocrx_word' id='word_1_10' title='bbox 1386 200 1501 257; x_wconf 90' lang='lat' dir='ltr'>quod</span> <span class='ocrx_word' id='word_1_11' title='bbox 1530 209 1574 244; x_wconf 90' lang='lat' dir='ltr'>et</span> <span class='ocrx_word' id='word_1_12' title='bbox 1603 216 1711 258; x_wconf 78' lang='lat' dir='ltr'>prae-</span> 
     </span>
     <span class='ocr_line' id='line_1_3' title="bbox 286 255 1710 314; baseline 0.003 -20"><span class='ocrx_word' id='word_1_13' title='bbox 286 255 409 295; x_wconf 87' lang='lat' dir='ltr'>terita</span> <span class='ocrx_word' id='word_1_14' title='bbox 439 264 592 308; x_wconf 88' lang='lat' dir='ltr'>teneat,</span> <span class='ocrx_word' id='word_1_15' title='bbox 622 267 664 298; x_wconf 92' lang='lat' dir='ltr'>et</span> <span class='ocrx_word' id='word_1_16' title='bbox 692 257 836 299; x_wconf 75' lang='lat' dir='ltr'>&#39;futura</span> <span class='ocrx_word' id='word_1_17' title='bbox 863 258 1092 314; x_wconf 89' lang='lat' dir='ltr'>provideat,</span> <span class='ocrx_word' id='word_1_18' title='bbox 1121 267 1163 300; x_wconf 91' lang='lat' dir='ltr'>et</span> <span class='ocrx_word' id='word_1_19' title='bbox 1192 258 1416 313; x_wconf 84' lang='lat' dir='ltr'>complecti</span> <span class='ocrx_word' id='word_1_20' title='bbox 1443 258 1576 312; x_wconf 87' lang='lat' dir='ltr'>possit</span> <span class='ocrx_word' id='word_1_21' title='bbox 1601 273 1710 314; x_wconf 83' lang='lat' dir='ltr'>prae-</span> 
     </span>
     <span class='ocr_line' id='line_1_4' title="bbox 287 311 1710 369; baseline 0.003 -18"><span class='ocrx_word' id='word_1_22' title='bbox 287 311 419 352; x_wconf 90' lang='lat' dir='ltr'>sentia</span> <span class='ocrx_word' id='word_1_23' title='bbox 435 327 446 362; x_wconf 83' lang='lat'>3</span> <span class='ocrx_word' id='word_1_24' title='bbox 468 327 562 367; x_wconf 87' lang='lat' dir='ltr'>quae</span> <span class='ocrx_word' id='word_1_25' title='bbox 582 314 672 354; x_wconf 89' lang='lat' dir='ltr'>sola</span> <span class='ocrx_word' id='word_1_26' title='bbox 689 314 826 355; x_wconf 87' lang='lat' dir='ltr'>divina</span> <span class='ocrx_word' id='word_1_27' title='bbox 845 323 955 355; x_wconf 88' lang='lat' dir='ltr'>sunt.</span> <span class='ocrx_word' id='word_1_28' title='bbox 997 315 1090 355; x_wconf 84' lang='lat' dir='ltr'>Nec</span> <span class='ocrx_word' id='word_1_29' title='bbox 1112 315 1342 356; x_wconf 88' lang='lat' dir='ltr'>invenietur</span> <span class='ocrx_word' id='word_1_30' title='bbox 1361 328 1577 369; x_wconf 89' lang='lat' dir='ltr'>umquam,</span> <span class='ocrx_word' id='word_1_31' title='bbox 1599 314 1710 355; x_wconf 85' lang='lat' dir='ltr'>unde</span> 
     </span>
     <span class='ocr_line' id='line_1_5' title="bbox 285 367 1712 426; baseline 0.003 -19"><span class='ocrx_word' id='word_1_32' title='bbox 285 367 338 408; x_wconf 85' lang='lat' dir='ltr'>ad</span> <span class='ocrx_word' id='word_1_33' title='bbox 361 367 574 409; x_wconf 90' lang='lat' dir='ltr'>hominem</span> <span class='ocrx_word' id='word_1_34' title='bbox 594 370 731 411; x_wconf 87' lang='lat' dir='ltr'>venire</span> <span class='ocrx_word' id='word_1_35' title='bbox 752 370 928 426; x_wconf 86' lang='lat' dir='ltr'>possint,</span> <span class='ocrx_word' id='word_1_36' title='bbox 949 370 1026 411; x_wconf 90' lang='lat' dir='ltr'>nisi</span> <span class='ocrx_word' id='word_1_37' title='bbox 1046 386 1070 410; x_wconf 89' lang='lat' dir='ltr'>a</span> <span class='ocrx_word' id='word_1_38' title='bbox 1090 371 1199 411; x_wconf 91' lang='lat' dir='ltr'>Deo.</span> <span class='ocrx_word' id='word_1_39' title='bbox 1248 370 1479 426; x_wconf 84' lang='lat' dir='ltr'>Singularis</span> <span class='ocrx_word' id='word_1_40' title='bbox 1500 378 1562 411; x_wconf 87' lang='lat' dir='ltr'>est</span> <span class='ocrx_word' id='word_1_41' title='bbox 1581 369 1712 424; x_wconf 84' lang='lat' dir='ltr'>igitur</span> 
     </span>
     <span class='ocr_line' id='line_1_6' title="bbox 285 424 1709 482; baseline 0.002 -18"><span class='ocrx_word' id='word_1_42' title='bbox 285 424 480 479; x_wconf 82' lang='lat' dir='ltr'>quaedam</span> <span class='ocrx_word' id='word_1_43' title='bbox 512 434 672 477; x_wconf 86' lang='lat' dir='ltr'>natura,</span> <span class='ocrx_word' id='word_1_44' title='bbox 704 436 830 482; x_wconf 90' lang='lat' dir='ltr'>atque</span> <span class='ocrx_word' id='word_1_45' title='bbox 862 426 920 467; x_wconf 91' lang='lat' dir='ltr'>vis</span> <span class='ocrx_word' id='word_1_46' title='bbox 955 426 1098 478; x_wconf 89' lang='lat' dir='ltr'>animi,</span> <span class='ocrx_word' id='word_1_47' title='bbox 1128 427 1315 482; x_wconf 88' lang='lat' dir='ltr'>sejuncta</span> <span class='ocrx_word' id='word_1_48' title='bbox 1346 428 1400 468; x_wconf 90' lang='lat' dir='ltr'>ab</span> <span class='ocrx_word' id='word_1_49' title='bbox 1429 426 1494 467; x_wconf 88' lang='lat' dir='ltr'>his</span> <span class='ocrx_word' id='word_1_50' title='bbox 1530 426 1709 474; x_wconf 84' lang='lat' dir='ltr'>usitatis,</span> 
     </span>
     <span class='ocr_line' id='line_1_7' title="bbox 285 481 1711 539; baseline 0.001 -18"><span class='ocrx_word' id='word_1_51' title='bbox 285 481 480 536; x_wconf 86' lang='lat' dir='ltr'>notisque</span> <span class='ocrx_word' id='word_1_52' title='bbox 512 482 682 524; x_wconf 83' lang='lat' dir='ltr'>naturis.</span> <span class='ocrx_word' id='word_1_53' title='bbox 742 484 809 524; x_wconf 85' lang='lat' dir='ltr'>Ita</span> <span class='ocrx_word' id='word_1_54' title='bbox 837 482 1043 539; x_wconf 86' lang='lat' dir='ltr'>quidquid</span> <span class='ocrx_word' id='word_1_55' title='bbox 1073 491 1135 523; x_wconf 90' lang='lat' dir='ltr'>est</span> <span class='ocrx_word' id='word_1_56' title='bbox 1162 481 1281 533; x_wconf 90' lang='lat' dir='ltr'>illud,</span> <span class='ocrx_word' id='word_1_57' title='bbox 1305 483 1420 539; x_wconf 91' lang='lat' dir='ltr'>quod</span> <span class='ocrx_word' id='word_1_58' title='bbox 1449 482 1571 538; x_wconf 87' lang='lat' dir='ltr'>sapit,</span> <span class='ocrx_word' id='word_1_59' title='bbox 1593 482 1711 538; x_wconf 83' lang='lat' dir='ltr'>quod</span> 
     </span>
     <span class='ocr_line' id='line_1_8' title="bbox 284 537 1708 595; baseline 0.002 -19"><span class='ocrx_word' id='word_1_60' title='bbox 284 537 385 588; x_wconf 87' lang='lat' dir='ltr'>vult,</span> <span class='ocrx_word' id='word_1_61' title='bbox 408 538 521 593; x_wconf 88' lang='lat' dir='ltr'>quod</span> <span class='ocrx_word' id='word_1_62' title='bbox 552 539 680 593; x_wconf 86' lang='lat' dir='ltr'>viget,</span> <span class='ocrx_word' id='word_1_63' title='bbox 712 539 882 579; x_wconf 84' lang='lat' dir='ltr'>coeleste</span> <span class='ocrx_word' id='word_1_64' title='bbox 910 548 952 580; x_wconf 93' lang='lat' dir='ltr'>et</span> <span class='ocrx_word' id='word_1_65' title='bbox 981 539 1167 580; x_wconf 91' lang='lat' dir='ltr'>divinum</span> <span class='ocrx_word' id='word_1_66' title='bbox 1197 548 1288 580; x_wconf 88' lang='lat' dir='ltr'>est:</span> <span class='ocrx_word' id='word_1_67' title='bbox 1323 541 1378 580; x_wconf 91' lang='lat' dir='ltr'>ob</span> <span class='ocrx_word' id='word_1_68' title='bbox 1408 554 1587 595; x_wconf 90' lang='lat' dir='ltr'>eamque</span> <span class='ocrx_word' id='word_1_69' title='bbox 1617 552 1708 579; x_wconf 86' lang='lat' dir='ltr'>rem</span> 
     </span>
     <span class='ocr_line' id='line_1_9' title="bbox 283 594 1710 651; baseline 0.001 -18"><span class='ocrx_word' id='word_1_70' title='bbox 283 602 488 634; x_wconf 83' lang='lat' dir='ltr'>aeternum</span> <span class='ocrx_word' id='word_1_71' title='bbox 510 594 562 635; x_wconf 91' lang='lat' dir='ltr'>sit</span> <span class='ocrx_word' id='word_1_72' title='bbox 583 608 749 635; x_wconf 87' lang='lat' dir='ltr'>necesse</span> <span class='ocrx_word' id='word_1_73' title='bbox 768 603 844 636; x_wconf 91' lang='lat' dir='ltr'>est.</span> <span class='ocrx_word' id='word_1_74' title='bbox 876 609 952 636; x_wconf 86' lang='lat' dir='ltr'>nec</span> <span class='ocrx_word' id='word_1_75' title='bbox 971 610 1067 636; x_wconf 82' lang='lat' dir='ltr'>vero</span> <span class='ocrx_word' id='word_1_76' title='bbox 1096 596 1215 636; x_wconf 90' lang='lat' dir='ltr'>Deus</span> <span class='ocrx_word' id='word_1_77' title='bbox 1242 594 1344 650; x_wconf 88' lang='lat' dir='ltr'>ipse,</span> <span class='ocrx_word' id='word_1_78' title='bbox 1367 596 1438 651; x_wconf 88' lang='lat' dir='ltr'>qui</span> <span class='ocrx_word' id='word_1_79' title='bbox 1458 595 1710 650; x_wconf 85' lang='lat' dir='ltr'>intelligitur</span> 
     </span>
     <span class='ocr_line' id='line_1_10' title="bbox 282 650 1710 707; baseline 0.001 -18"><span class='ocrx_word' id='word_1_80' title='bbox 282 664 308 690; x_wconf 87' lang='lat' dir='ltr'>a</span> <span class='ocrx_word' id='word_1_81' title='bbox 328 650 463 700; x_wconf 87' lang='lat' dir='ltr'>nobis,</span> <span class='ocrx_word' id='word_1_82' title='bbox 481 650 563 690; x_wconf 88' lang='lat' dir='ltr'>alio</span> <span class='ocrx_word' id='word_1_83' title='bbox 584 650 713 692; x_wconf 92' lang='lat' dir='ltr'>modo</span> <span class='ocrx_word' id='word_1_84' title='bbox 736 651 913 706; x_wconf 82' lang='lat' dir='ltr'>intelligi</span> <span class='ocrx_word' id='word_1_85' title='bbox 934 661 1088 707; x_wconf 87' lang='lat' dir='ltr'>potest,</span> <span class='ocrx_word' id='word_1_86' title='bbox 1106 651 1183 692; x_wconf 89' lang='lat' dir='ltr'>nisi</span> <span class='ocrx_word' id='word_1_87' title='bbox 1203 666 1320 692; x_wconf 88' lang='lat' dir='ltr'>mens</span> <span class='ocrx_word' id='word_1_88' title='bbox 1343 652 1480 693; x_wconf 87' lang='lat' dir='ltr'>soluta</span> <span class='ocrx_word' id='word_1_89' title='bbox 1499 652 1710 707; x_wconf 81' lang='lat' dir='ltr'>quaedam,</span> 
     </span>
     <span class='ocr_line' id='line_1_11' title="bbox 278 705 1709 762; baseline 0 -15"><span class='ocrx_word' id='word_1_90' title='bbox 278 715 326 747; x_wconf 74' lang='lat' dir='ltr'>et</span> <span class='ocrx_word' id='word_1_91' title='bbox 345 705 490 756; x_wconf 89' lang='lat' dir='ltr'>libera,</span> <span class='ocrx_word' id='word_1_92' title='bbox 512 716 735 762; x_wconf 87' lang='lat' dir='ltr'>segregata</span> <span class='ocrx_word' id='word_1_93' title='bbox 753 708 806 748; x_wconf 92' lang='lat' dir='ltr'>ab</span> <span class='ocrx_word' id='word_1_94' title='bbox 826 708 943 748; x_wconf 88' lang='lat' dir='ltr'>omni</span> <span class='ocrx_word' id='word_1_95' title='bbox 967 707 1234 749; x_wconf 87' lang='lat' dir='ltr'>concretione</span> <span class='ocrx_word' id='word_1_96' title='bbox 1254 708 1437 758; x_wconf 83' lang='lat' dir='ltr'>mortali,</span> <span class='ocrx_word' id='word_1_97' title='bbox 1453 708 1594 749; x_wconf 86' lang='lat' dir='ltr'>omnia</span> <span class='ocrx_word' id='word_1_98' title='bbox 1615 721 1709 748; x_wconf 88' lang='lat' dir='ltr'>sen-</span> 
     </span>
     <span class='ocr_line' id='line_1_12' title="bbox 282 762 1483 821; baseline 0.002 -19"><span class='ocrx_word' id='word_1_99' title='bbox 282 762 403 813; x_wconf 88' lang='lat' dir='ltr'>tiens,</span> <span class='ocrx_word' id='word_1_100' title='bbox 424 771 466 804; x_wconf 90' lang='lat' dir='ltr'>et</span> <span class='ocrx_word' id='word_1_101' title='bbox 486 778 671 815; x_wconf 79' lang='lat' dir='ltr'>movens,</span> <span class='ocrx_word' id='word_1_102' title='bbox 688 764 859 821; x_wconf 87' lang='lat' dir='ltr'>ipsaque</span> <span class='ocrx_word' id='word_1_103' title='bbox 881 765 1055 820; x_wconf 81' lang='lat' dir='ltr'>praedita</span> <span class='ocrx_word' id='word_1_104' title='bbox 1074 774 1196 805; x_wconf 89' lang='lat' dir='ltr'>motu</span> <span class='ocrx_word' id='word_1_105' title='bbox 1215 764 1483 820; x_wconf 87' lang='lat' dir='ltr'>sempiterno.</span> 
     </span>
    </p>

    <p class='ocr_par' dir='ltr' id='par_1_3' title="bbox 275 818 1710 1483">
     <span class='ocr_line' id='line_1_13' title="bbox 337 818 1708 875; baseline 0.001 -16"><span class='ocrx_word' id='word_1_106' title='bbox 337 819 487 859; x_wconf 76' lang='lat' dir='ltr'>LAc&#39;r.</span> <span class='ocrx_word' id='word_1_107' title='bbox 518 818 589 860; x_wconf 71' lang='lat' dir='ltr'>lib.</span> <span class='ocrx_word' id='word_1_108' title='bbox 618 831 649 861; x_wconf 86' lang='lat'>1.</span> <span class='ocrx_word' id='word_1_109' title='bbox 683 830 772 875; x_wconf 80' lang='lat' dir='ltr'>cap.</span> <span class='ocrx_word' id='word_1_110' title='bbox 801 824 875 874; x_wconf 81' lang='lat'>15.)</span> <span class='ocrx_word' id='word_1_111' title='bbox 919 821 1032 862; x_wconf 91' lang='lat' dir='ltr'>Cum</span> <span class='ocrx_word' id='word_1_112' title='bbox 1067 835 1165 862; x_wconf 83' lang='lat' dir='ltr'>vero</span> <span class='ocrx_word' id='word_1_113' title='bbox 1194 830 1239 862; x_wconf 89' lang='lat' dir='ltr'>et</span> <span class='ocrx_word' id='word_1_114' title='bbox 1268 835 1418 871; x_wconf 85' lang='lat' dir='ltr'>mares,</span> <span class='ocrx_word' id='word_1_115' title='bbox 1448 829 1492 861; x_wconf 92' lang='lat' dir='ltr'>et</span> <span class='ocrx_word' id='word_1_116' title='bbox 1520 819 1708 861; x_wconf 85' lang='lat' dir='ltr'>faeminas</span> 
     </span>
     <span class='ocr_line' id='line_1_14' title="bbox 278 875 1707 930; baseline 0.002 -16"><span class='ocrx_word' id='word_1_117' title='bbox 278 875 518 930; x_wconf 81' lang='lat' dir='ltr'>complures</span> <span class='ocrx_word' id='word_1_118' title='bbox 549 890 599 917; x_wconf 85' lang='lat' dir='ltr'>ex</span> <span class='ocrx_word' id='word_1_119' title='bbox 629 876 870 918; x_wconf 87' lang='lat' dir='ltr'>hominibus</span> <span class='ocrx_word' id='word_1_120' title='bbox 901 877 943 918; x_wconf 88' lang='lat' dir='ltr'>in</span> <span class='ocrx_word' id='word_1_121' title='bbox 972 877 1150 919; x_wconf 89' lang='lat' dir='ltr'>deorum</span> <span class='ocrx_word' id='word_1_122' title='bbox 1175 891 1350 918; x_wconf 86' lang='lat' dir='ltr'>numero</span> <span class='ocrx_word' id='word_1_123' title='bbox 1370 891 1459 918; x_wconf 87' lang='lat' dir='ltr'>esse</span> <span class='ocrx_word' id='word_1_124' title='bbox 1480 876 1707 928; x_wconf 85' lang='lat' dir='ltr'>videamus,</span> 
     </span>
     <span class='ocr_line' id='line_1_15' title="bbox 279 933 1709 990; baseline 0.001 -19"><span class='ocrx_word' id='word_1_125' title='bbox 279 939 323 971; x_wconf 93' lang='lat' dir='ltr'>et</span> <span class='ocrx_word' id='word_1_126' title='bbox 340 945 486 972; x_wconf 87' lang='lat' dir='ltr'>eorum</span> <span class='ocrx_word' id='word_1_127' title='bbox 508 933 548 973; x_wconf 91' lang='lat' dir='ltr'>in</span> <span class='ocrx_word' id='word_1_128' title='bbox 570 933 759 985; x_wconf 86' lang='lat' dir='ltr'>urbibus,</span> <span class='ocrx_word' id='word_1_129' title='bbox 776 942 903 989; x_wconf 85' lang='lat' dir='ltr'>atque</span> <span class='ocrx_word' id='word_1_130' title='bbox 921 935 1031 990; x_wconf 83' lang='lat' dir='ltr'>agris</span> <span class='ocrx_word' id='word_1_131' title='bbox 1052 934 1351 989; x_wconf 87' lang='lat' dir='ltr'>augustissima</span> <span class='ocrx_word' id='word_1_132' title='bbox 1368 933 1526 988; x_wconf 84' lang='lat' dir='ltr'>templa</span> <span class='ocrx_word' id='word_1_133' title='bbox 1543 947 1709 974; x_wconf 82' lang='lat' dir='ltr'>venere-</span> 
     </span>
     <span class='ocr_line' id='line_1_16' title="bbox 278 989 1707 1046; baseline 0.002 -19"><span class='ocrx_word' id='word_1_134' title='bbox 278 1001 402 1028; x_wconf 86' lang='lat' dir='ltr'>mur:</span> <span class='ocrx_word' id='word_1_135' title='bbox 433 989 708 1031; x_wconf 82' lang='lat' dir='ltr'>assentiamur</span> <span class='ocrx_word' id='word_1_136' title='bbox 733 1004 881 1031; x_wconf 88' lang='lat' dir='ltr'>eorum</span> <span class='ocrx_word' id='word_1_137' title='bbox 910 991 1139 1046; x_wconf 70' lang='lat' dir='ltr'>sapientiae,</span> <span class='ocrx_word' id='word_1_138' title='bbox 1161 1005 1342 1046; x_wconf 87' lang='lat' dir='ltr'>quorum</span> <span class='ocrx_word' id='word_1_139' title='bbox 1369 990 1562 1044; x_wconf 87' lang='lat' dir='ltr'>ingeniis,</span> <span class='ocrx_word' id='word_1_140' title='bbox 1582 999 1626 1030; x_wconf 88' lang='lat' dir='ltr'>et</span> <span class='ocrx_word' id='word_1_141' title='bbox 1643 989 1707 1045; x_wconf 15' lang='lat' dir='ltr'>in*-</span> 
     </span>
     <span class='ocr_line' id='line_1_17' title="bbox 278 1044 1708 1102; baseline 0.002 -19"><span class='ocrx_word' id='word_1_142' title='bbox 278 1044 410 1084; x_wconf 78' lang='lat' dir='ltr'>ventis</span> <span class='ocrx_word' id='word_1_143' title='bbox 430 1059 599 1086; x_wconf 88' lang='lat' dir='ltr'>omnem</span> <span class='ocrx_word' id='word_1_144' title='bbox 621 1046 746 1088; x_wconf 82' lang='lat' dir='ltr'>vitam</span> <span class='ocrx_word' id='word_1_145' title='bbox 766 1046 947 1102; x_wconf 87' lang='lat' dir='ltr'>legibus,</span> <span class='ocrx_word' id='word_1_146' title='bbox 969 1055 1012 1089; x_wconf 88' lang='lat' dir='ltr'>et</span> <span class='ocrx_word' id='word_1_147' title='bbox 1038 1046 1238 1088; x_wconf 88' lang='lat' dir='ltr'>institutis</span> <span class='ocrx_word' id='word_1_148' title='bbox 1257 1046 1483 1097; x_wconf 86' lang='lat' dir='ltr'>excultam,</span> <span class='ocrx_word' id='word_1_149' title='bbox 1503 1046 1708 1087; x_wconf 82' lang='lat' dir='ltr'>constitu·</span> 
     </span>
     <span class='ocr_line' id='line_1_18' title="bbox 275 1102 1708 1159; baseline 0.002 -20"><span class='ocrx_word' id='word_1_150' title='bbox 275 1109 450 1155; x_wconf 79' lang='lat' dir='ltr'>,tamque</span> <span class='ocrx_word' id='word_1_151' title='bbox 470 1102 687 1144; x_wconf 82' lang='lat' dir='ltr'>habemus.</span> <span class='ocrx_word' id='word_1_152' title='bbox 718 1104 849 1145; x_wconf 78' lang='lat' dir='ltr'>Quod</span> <span class='ocrx_word' id='word_1_153' title='bbox 867 1104 901 1144; x_wconf 89' lang='lat' dir='ltr'>si</span> <span class='ocrx_word' id='word_1_154' title='bbox 917 1104 1053 1145; x_wconf 89' lang='lat' dir='ltr'>ullum</span> <span class='ocrx_word' id='word_1_155' title='bbox 1070 1118 1274 1159; x_wconf 89' lang='lat' dir='ltr'>umquam</span> <span class='ocrx_word' id='word_1_156' title='bbox 1292 1103 1444 1144; x_wconf 87' lang='lat' dir='ltr'>animal</span> <span class='ocrx_word' id='word_1_157' title='bbox 1462 1117 1708 1143; x_wconf 79' lang='lat' dir='ltr'>consecran-</span> 
     </span>
     <span class='ocr_line' id='line_1_19' title="bbox 279 1155 1709 1214; baseline 0.001 -18"><span class='ocrx_word' id='word_1_158' title='bbox 279 1155 382 1197; x_wconf 88' lang='lat' dir='ltr'>dum</span> <span class='ocrx_word' id='word_1_159' title='bbox 403 1158 496 1209; x_wconf 82' lang='lat' dir='ltr'>fuit,</span> <span class='ocrx_word' id='word_1_160' title='bbox 517 1158 622 1200; x_wconf 89' lang='lat' dir='ltr'>illud</span> <span class='ocrx_word' id='word_1_161' title='bbox 642 1160 835 1214; x_wconf 86' lang='lat' dir='ltr'>profecto</span> <span class='ocrx_word' id='word_1_162' title='bbox 864 1160 957 1201; x_wconf 90' lang='lat' dir='ltr'>fuit.</span> <span class='ocrx_word' id='word_1_163' title='bbox 990 1160 1023 1202; x_wconf 88' lang='lat' dir='ltr'>si</span> <span class='ocrx_word' id='word_1_164' title='bbox 1055 1159 1220 1210; x_wconf 87' lang='lat' dir='ltr'>Cadmi,</span> <span class='ocrx_word' id='word_1_165' title='bbox 1243 1168 1316 1200; x_wconf 91' lang='lat' dir='ltr'>aut</span> <span class='ocrx_word' id='word_1_166' title='bbox 1335 1159 1590 1214; x_wconf 87' lang='lat' dir='ltr'>Amphionis</span> <span class='ocrx_word' id='word_1_167' title='bbox 1611 1173 1709 1213; x_wconf 84' lang='lat' dir='ltr'>pro-</span> 
     </span>
     <span class='ocr_line' id='line_1_20' title="bbox 277 1213 1708 1271; baseline 0.001 -18"><span class='ocrx_word' id='word_1_168' title='bbox 277 1213 439 1267; x_wconf 85' lang='lat' dir='ltr'>genies,</span> <span class='ocrx_word' id='word_1_169' title='bbox 460 1223 534 1255; x_wconf 85' lang='lat' dir='ltr'>aut</span> <span class='ocrx_word' id='word_1_170' title='bbox 553 1215 756 1271; x_wconf 85' lang='lat' dir='ltr'>Tyndari,</span> <span class='ocrx_word' id='word_1_171' title='bbox 777 1217 818 1257; x_wconf 90' lang='lat' dir='ltr'>in</span> <span class='ocrx_word' id='word_1_172' title='bbox 843 1216 1001 1258; x_wconf 89' lang='lat' dir='ltr'>coelum</span> <span class='ocrx_word' id='word_1_173' title='bbox 1022 1216 1212 1258; x_wconf 85' lang='lat' dir='ltr'>tollenda</span> <span class='ocrx_word' id='word_1_174' title='bbox 1232 1217 1343 1257; x_wconf 89' lang='lat' dir='ltr'>fama</span> <span class='ocrx_word' id='word_1_175' title='bbox 1363 1216 1456 1265; x_wconf 83' lang='lat' dir='ltr'>fuit,</span> <span class='ocrx_word' id='word_1_176' title='bbox 1478 1215 1575 1256; x_wconf 81' lang='lat' dir='ltr'>huic</span> <span class='ocrx_word' id='word_1_177' title='bbox 1597 1215 1708 1256; x_wconf 85' lang='lat' dir='ltr'>idem</span> 
     </span>
     <span class='ocr_line' id='line_1_21' title="bbox 277 1269 1710 1330; baseline 0.001 -20"><span class='ocrx_word' id='word_1_178' title='bbox 277 1269 413 1311; x_wconf 88' lang='lat' dir='ltr'>honos</span> <span class='ocrx_word' id='word_1_179' title='bbox 434 1281 545 1311; x_wconf 82' lang='lat' dir='ltr'>certe</span> <span class='ocrx_word' id='word_1_180' title='bbox 565 1272 767 1314; x_wconf 88' lang='lat' dir='ltr'>dicandus</span> <span class='ocrx_word' id='word_1_181' title='bbox 787 1282 864 1315; x_wconf 85' lang='lat' dir='ltr'>est.</span> <span class='ocrx_word' id='word_1_182' title='bbox 894 1273 1010 1329; x_wconf 92' lang='lat' dir='ltr'>quod</span> <span class='ocrx_word' id='word_1_183' title='bbox 1040 1273 1211 1330; x_wconf 88' lang='lat' dir='ltr'>quidem</span> <span class='ocrx_word' id='word_1_184' title='bbox 1239 1273 1406 1322; x_wconf 81' lang='lat' dir='ltr'>faciam,</span> <span class='ocrx_word' id='word_1_185' title='bbox 1427 1283 1553 1328; x_wconf 87' lang='lat' dir='ltr'>teque</span> <span class='ocrx_word' id='word_1_186' title='bbox 1573 1272 1710 1312; x_wconf 84' lang='lat' dir='ltr'>omni-</span> 
     </span>
     <span class='ocr_line' id='line_1_22' title="bbox 278 1328 1707 1386; baseline 0.002 -21"><span class='ocrx_word' id='word_1_187' title='bbox 278 1340 349 1366; x_wconf 89' lang='lat' dir='ltr'>um</span> <span class='ocrx_word' id='word_1_188' title='bbox 369 1328 590 1382; x_wconf 85' lang='lat' dir='ltr'>optimam,</span> <span class='ocrx_word' id='word_1_189' title='bbox 610 1328 998 1386; x_wconf 85' lang='lat' dir='ltr'>doctissimamque,</span> <span class='ocrx_word' id='word_1_190' title='bbox 1018 1330 1349 1386; x_wconf 86' lang='lat' dir='ltr'>approbantibus</span> <span class='ocrx_word' id='word_1_191' title='bbox 1380 1329 1457 1370; x_wconf 87' lang='lat' dir='ltr'>diis</span> <span class='ocrx_word' id='word_1_192' title='bbox 1491 1329 1707 1369; x_wconf 81' lang='lat' dir='ltr'>immorta-</span> 
     </span>
     <span class='ocr_line' id='line_1_23' title="bbox 276 1381 1709 1442; baseline 0.002 -20"><span class='ocrx_word' id='word_1_193' title='bbox 276 1381 388 1436; x_wconf 81' lang='lat' dir='ltr'>libus</span> <span class='ocrx_word' id='word_1_194' title='bbox 421 1384 535 1438; x_wconf 86' lang='lat' dir='ltr'>ipsis,</span> <span class='ocrx_word' id='word_1_195' title='bbox 563 1385 606 1425; x_wconf 89' lang='lat' dir='ltr'>in</span> <span class='ocrx_word' id='word_1_196' title='bbox 634 1400 783 1427; x_wconf 88' lang='lat' dir='ltr'>eorum</span> <span class='ocrx_word' id='word_1_197' title='bbox 813 1396 930 1428; x_wconf 88' lang='lat' dir='ltr'>coetu</span> <span class='ocrx_word' id='word_1_198' title='bbox 957 1387 1156 1438; x_wconf 86' lang='lat' dir='ltr'>locatam,</span> <span class='ocrx_word' id='word_1_199' title='bbox 1174 1385 1228 1428; x_wconf 87' lang='lat' dir='ltr'>ad</span> <span class='ocrx_word' id='word_1_200' title='bbox 1252 1386 1495 1442; x_wconf 87' lang='lat' dir='ltr'>opinionem</span> <span class='ocrx_word' id='word_1_201' title='bbox 1518 1383 1709 1429; x_wconf 83' lang='lat' dir='ltr'>omnium</span> 
     </span>
     <span class='ocr_line' id='line_1_24' title="bbox 279 1441 811 1483; baseline 0.008 -4"><span class='ocrx_word' id='word_1_202' title='bbox 279 1441 522 1481; x_wconf 87' lang='lat' dir='ltr'>mortalium</span> <span class='ocrx_word' id='word_1_203' title='bbox 541 1443 811 1483; x_wconf 89' lang='lat' dir='ltr'>consecrabo.</span> 
     </span>
    </p>

    <p class='ocr_par' dir='ltr' id='par_1_4' title="bbox 275 1496 1709 1891">
     <span class='ocr_line' id='line_1_25' title="bbox 333 1496 1706 1554; baseline 0.001 -18"><span class='ocrx_word' id='word_1_204' title='bbox 333 1497 483 1537; x_wconf 78' lang='lat' dir='ltr'><strong>LACT.</strong></span> <span class='ocrx_word' id='word_1_205' title='bbox 506 1497 574 1538; x_wconf 76' lang='lat' dir='ltr'>[ib.</span> <span class='ocrx_word' id='word_1_206' title='bbox 593 1508 632 1539; x_wconf 87' lang='lat'>3.</span> <span class='ocrx_word' id='word_1_207' title='bbox 653 1510 740 1554; x_wconf 79' lang='lat' dir='ltr'>cap.</span> <span class='ocrx_word' id='word_1_208' title='bbox 765 1501 842 1552; x_wconf 87' lang='lat'>19.)</span> <span class='ocrx_word' id='word_1_209' title='bbox 882 1500 976 1541; x_wconf 89' lang='lat' dir='ltr'>Nec</span> <span class='ocrx_word' id='word_1_210' title='bbox 1003 1499 1111 1540; x_wconf 89' lang='lat' dir='ltr'>enim</span> <span class='ocrx_word' id='word_1_211' title='bbox 1145 1498 1342 1540; x_wconf 89' lang='lat' dir='ltr'>omnibus</span> <span class='ocrx_word' id='word_1_212' title='bbox 1366 1499 1495 1540; x_wconf 87' lang='lat' dir='ltr'>iidem</span> <span class='ocrx_word' id='word_1_213' title='bbox 1516 1497 1576 1539; x_wconf 86' lang='lat' dir='ltr'>illi</span> <span class='ocrx_word' id='word_1_214' title='bbox 1595 1496 1706 1552; x_wconf 88' lang='lat' dir='ltr'>sapi-</span> 
     </span>
     <span class='ocr_line' id='line_1_26' title="bbox 277 1554 1707 1611; baseline -0.001 -16"><span class='ocrx_word' id='word_1_215' title='bbox 277 1560 394 1595; x_wconf 79' lang='lat' dir='ltr'>entes</span> <span class='ocrx_word' id='word_1_216' title='bbox 425 1554 613 1595; x_wconf 89' lang='lat' dir='ltr'>arbitrati</span> <span class='ocrx_word' id='word_1_217' title='bbox 642 1565 739 1596; x_wconf 87' lang='lat' dir='ltr'>sunt</span> <span class='ocrx_word' id='word_1_218' title='bbox 768 1555 947 1597; x_wconf 89' lang='lat' dir='ltr'>eundem</span> <span class='ocrx_word' id='word_1_219' title='bbox 979 1571 1148 1598; x_wconf 89' lang='lat' dir='ltr'>cursum</span> <span class='ocrx_word' id='word_1_220' title='bbox 1180 1556 1222 1596; x_wconf 88' lang='lat' dir='ltr'>in</span> <span class='ocrx_word' id='word_1_221' title='bbox 1246 1556 1402 1597; x_wconf 84' lang='lat' dir='ltr'>coelum</span> <span class='ocrx_word' id='word_1_222' title='bbox 1421 1564 1578 1611; x_wconf 87' lang='lat' dir='ltr'>patere.</span> <span class='ocrx_word' id='word_1_223' title='bbox 1610 1568 1707 1594; x_wconf 86' lang='lat' dir='ltr'>narn</span> 
     </span>
     <span class='ocr_line' id='line_1_27' title="bbox 276 1608 1708 1667; baseline 0.001 -19"><span class='ocrx_word' id='word_1_224' title='bbox 276 1608 384 1650; x_wconf 64' lang='lat' dir='ltr'>vitiis</span> <span class='ocrx_word' id='word_1_225' title='bbox 406 1619 449 1650; x_wconf 88' lang='lat' dir='ltr'>et</span> <span class='ocrx_word' id='word_1_226' title='bbox 469 1610 693 1652; x_wconf 86' lang='lat' dir='ltr'>sceleribus</span> <span class='ocrx_word' id='word_1_227' title='bbox 711 1612 1018 1654; x_wconf 87' lang='lat' dir='ltr'>contaminatos</span> <span class='ocrx_word' id='word_1_228' title='bbox 1036 1612 1213 1667; x_wconf 88' lang='lat' dir='ltr'>deprimi</span> <span class='ocrx_word' id='word_1_229' title='bbox 1235 1612 1276 1653; x_wconf 91' lang='lat' dir='ltr'>in</span> <span class='ocrx_word' id='word_1_230' title='bbox 1297 1613 1504 1662; x_wconf 84' lang='lat' dir='ltr'>tenebras,</span> <span class='ocrx_word' id='word_1_231' title='bbox 1520 1620 1645 1666; x_wconf 87' lang='lat' dir='ltr'>atque</span> <span class='ocrx_word' id='word_1_232' title='bbox 1665 1609 1708 1650; x_wconf 86' lang='lat' dir='ltr'>in</span> 
     </span>
     <span class='ocr_line' id='line_1_28' title="bbox 277 1666 1709 1723; baseline 0.001 -18"><span class='ocrx_word' id='word_1_233' title='bbox 277 1679 401 1706; x_wconf 76' lang='lat' dir='ltr'>coeno</span> <span class='ocrx_word' id='word_1_234' title='bbox 426 1666 568 1721; x_wconf 80' lang='lat' dir='ltr'>jacere</span> <span class='ocrx_word' id='word_1_235' title='bbox 598 1667 866 1710; x_wconf 84' lang='lat' dir='ltr'>docuerunt:</span> <span class='ocrx_word' id='word_1_236' title='bbox 898 1678 1036 1710; x_wconf 89' lang='lat' dir='ltr'>castos</span> <span class='ocrx_word' id='word_1_237' title='bbox 1062 1678 1219 1719; x_wconf 89' lang='lat' dir='ltr'>autem,</span> <span class='ocrx_word' id='word_1_238' title='bbox 1250 1683 1394 1723; x_wconf 88' lang='lat' dir='ltr'>puros,</span> <span class='ocrx_word' id='word_1_239' title='bbox 1425 1669 1625 1722; x_wconf 84' lang='lat' dir='ltr'>integrOS,</span> <span class='ocrx_word' id='word_1_240' title='bbox 1647 1666 1709 1706; x_wconf 89' lang='lat' dir='ltr'>in-</span> 
     </span>
     <span class='ocr_line' id='line_1_29' title="bbox 276 1722 1709 1780; baseline 0.001 -18"><span class='ocrx_word' id='word_1_241' title='bbox 276 1732 513 1778; x_wconf 86' lang='lat' dir='ltr'>corruptos,</span> <span class='ocrx_word' id='word_1_242' title='bbox 542 1724 662 1765; x_wconf 89' lang='lat' dir='ltr'>bonis</span> <span class='ocrx_word' id='word_1_243' title='bbox 691 1725 818 1766; x_wconf 89' lang='lat' dir='ltr'>etiam</span> <span class='ocrx_word' id='word_1_244' title='bbox 851 1725 1000 1766; x_wconf 87' lang='lat' dir='ltr'>studiis</span> <span class='ocrx_word' id='word_1_245' title='bbox 1033 1734 1158 1780; x_wconf 89' lang='lat' dir='ltr'>atque</span> <span class='ocrx_word' id='word_1_246' title='bbox 1189 1725 1350 1766; x_wconf 84' lang='lat' dir='ltr'>artibus</span> <span class='ocrx_word' id='word_1_247' title='bbox 1382 1725 1604 1780; x_wconf 87' lang='lat' dir='ltr'>expolitos,</span> <span class='ocrx_word' id='word_1_248' title='bbox 1631 1722 1709 1763; x_wconf 87' lang='lat' dir='ltr'>levi</span> 
     </span>
     <span class='ocr_line' id='line_1_30' title="bbox 275 1777 1708 1837; baseline 0.001 -19"><span class='ocrx_word' id='word_1_249' title='bbox 275 1778 457 1832; x_wconf 87' lang='lat' dir='ltr'>quodam</span> <span class='ocrx_word' id='word_1_250' title='bbox 487 1794 535 1826; x_wconf 87' lang='lat' dir='ltr'>ac</span> <span class='ocrx_word' id='word_1_251' title='bbox 567 1781 679 1822; x_wconf 86' lang='lat' dir='ltr'>facili</span> <span class='ocrx_word' id='word_1_252' title='bbox 706 1781 829 1837; x_wconf 88' lang='lat' dir='ltr'>lapsu</span> <span class='ocrx_word' id='word_1_253' title='bbox 846 1781 898 1823; x_wconf 89' lang='lat' dir='ltr'>ad</span> <span class='ocrx_word' id='word_1_254' title='bbox 919 1781 1036 1833; x_wconf 88' lang='lat' dir='ltr'>deos,</span> <span class='ocrx_word' id='word_1_255' title='bbox 1057 1782 1100 1824; x_wconf 88' lang='lat' dir='ltr'>id</span> <span class='ocrx_word' id='word_1_256' title='bbox 1121 1791 1198 1834; x_wconf 88' lang='lat' dir='ltr'>est,</span> <span class='ocrx_word' id='word_1_257' title='bbox 1220 1781 1273 1822; x_wconf 89' lang='lat' dir='ltr'>ad</span> <span class='ocrx_word' id='word_1_258' title='bbox 1294 1790 1487 1823; x_wconf 88' lang='lat' dir='ltr'>naturam</span> <span class='ocrx_word' id='word_1_259' title='bbox 1508 1779 1572 1823; x_wconf 83' lang='lat' dir='ltr'>sui</span> <span class='ocrx_word' id='word_1_260' title='bbox 1591 1777 1708 1821; x_wconf 82' lang='lat' dir='ltr'>simi-</span> 
     </span>
     <span class='ocr_line' id='line_1_31' title="bbox 277 1834 1705 1891; baseline 0.004 -17"><span class='ocrx_word' id='word_1_261' title='bbox 277 1834 361 1875; x_wconf 87' lang='lat' dir='ltr'>lem</span> <span class='ocrx_word' id='word_1_262' title='bbox 382 1836 611 1891; x_wconf 84' lang='lat' dir='ltr'>pervolare.</span> <span class='ocrx_word' id='word_1_263' title='bbox 1703 1860 1705 1863; x_wconf 95' lang='lat'>·</span> 
     </span>
    </p>

    <p class='ocr_par' dir='ltr' id='par_1_5' title="bbox 330 1892 1421 1949">
     <span class='ocr_line' id='line_1_32' title="bbox 330 1892 1421 1949; baseline 0.005 -17"><span class='ocrx_word' id='word_1_264' title='bbox 330 1892 483 1934; x_wconf 77' lang='lat' dir='ltr'>LACT.</span> <span class='ocrx_word' id='word_1_265' title='bbox 505 1893 574 1934; x_wconf 75' lang='lat' dir='ltr'>lib.</span> <span class='ocrx_word' id='word_1_266' title='bbox 591 1903 630 1935; x_wconf 87' lang='grc'>3.</span> <span class='ocrx_word' id='word_1_267' title='bbox 652 1904 739 1949; x_wconf 78' lang='lat' dir='ltr'>cap.</span> <span class='ocrx_word' id='word_1_268' title='bbox 758 1896 841 1948; x_wconf 80' lang='lat'>28.)</span> <span class='ocrx_word' id='word_1_269' title='bbox 888 1894 1025 1948; x_wconf 89' lang='lat' dir='ltr'>Cedo,</span> <span class='ocrx_word' id='word_1_270' title='bbox 1045 1903 1087 1937; x_wconf 87' lang='lat' dir='ltr'>et</span> <span class='ocrx_word' id='word_1_271' title='bbox 1106 1909 1280 1936; x_wconf 89' lang='lat' dir='ltr'>manum</span> <span class='ocrx_word' id='word_1_272' title='bbox 1299 1893 1421 1937; x_wconf 91' lang='lat' dir='ltr'>tollo.</span> 
     </span>
    </p>
   </div>
   <div class='ocr_carea' id='block_1_3' title="bbox 288 1974 1650 2217">
    <p class='ocr_par' dir='ltr' id='par_1_6' title="bbox 288 1974 1650 2217">
     <span class='ocr_line' id='line_1_33' title="bbox 600 1974 1381 2034; baseline 0.001 -2"><span class='ocrx_word' id='word_1_273' title='bbox 600 1989 668 2032; x_wconf 88' lang='lat' dir='ltr'>M.</span> <span class='ocrx_word' id='word_1_274' title='bbox 689 1991 873 2033; x_wconf 80' lang='lat' dir='ltr'>TULLII</span> <span class='ocrx_word' id='word_1_275' title='bbox 905 1974 1191 2033; x_wconf 75' lang='lat' dir='ltr'>Orci-:Roms</span> <span class='ocrx_word' id='word_1_276' title='bbox 1219 1993 1381 2034; x_wconf 79' lang='lat' dir='ltr'>LIBER</span> 
     </span>
     <span class='ocr_line' id='line_1_34' title="bbox 328 2064 1650 2116; baseline 0.005 -11"><span class='ocrx_word' id='word_1_277' title='bbox 328 2064 411 2106; x_wconf 88' lang='lat' dir='ltr'>DE</span> <span class='ocrx_word' id='word_1_278' title='bbox 440 2066 570 2109; x_wconf 90' lang='lat' dir='ltr'>SUIS</span> <span class='ocrx_word' id='word_1_279' title='bbox 603 2069 900 2112; x_wconf 86' lang='lat' dir='ltr'>CONSILIIS</span> <span class='ocrx_word' id='word_1_280' title='bbox 924 2085 1020 2113; x_wconf 72' lang='lat' dir='ltr'>vm,</span> <span class='ocrx_word' id='word_1_281' title='bbox 1048 2072 1361 2114; x_wconf 89' lang='lat' dir='ltr'>EXPOSITIO</span> <span class='ocrx_word' id='word_1_282' title='bbox 1393 2069 1650 2116; x_wconf 88' lang='lat' dir='ltr'>SUORUM</span> 
     </span>
     <span class='ocr_line' id='line_1_35' title="bbox 288 2149 1215 2217; baseline 0.001 -26"><span class='ocrx_word' id='word_1_283' title='bbox 288 2153 293 2158; x_wconf 68' lang='lat'><strong>⁴</strong></span> <span class='ocrx_word' id='word_1_284' title='bbox 775 2149 1215 2217; x_wconf 53' lang='lat' dir='ltr'>CONSILIORUM.</span> 
     </span>
    </p>
   </div>
   <div class='ocr_carea' id='block_1_4' title="bbox 274 2235 1716 2579">
    <p class='ocr_par' dir='ltr' id='par_1_7' title="bbox 274 2235 1716 2579">
     <span class='ocr_line' id='line_1_36' title="bbox 328 2235 1709 2298; baseline 0.006 -22"><span class='ocrx_word' id='word_1_285' title='bbox 328 2235 526 2279; x_wconf 68' lang='lat' dir='ltr'>Romu.</span> <span class='ocrx_word' id='word_1_286' title='bbox 549 2237 619 2280; x_wconf 76' lang='lat' dir='ltr'>m».</span> <span class='ocrx_word' id='word_1_287' title='bbox 639 2250 672 2281; x_wconf 89' lang='lat'>1.</span> <span class='ocrx_word' id='word_1_288' title='bbox 693 2240 828 2294; x_wconf 72' lang='grc' dir='ltr'><em>Μιιε.)</em></span> <span class='ocrx_word' id='word_1_289' title='bbox 863 2240 948 2282; x_wconf 90' lang='lat' dir='ltr'>Sed</span> <span class='ocrx_word' id='word_1_290' title='bbox 965 2249 1012 2282; x_wconf 91' lang='lat' dir='ltr'>ut</span> <span class='ocrx_word' id='word_1_291' title='bbox 1030 2241 1171 2298; x_wconf 88' lang='lat' dir='ltr'>aliqua</span> <span class='ocrx_word' id='word_1_292' title='bbox 1191 2241 1463 2284; x_wconf 86' lang='lat' dir='ltr'>similitudine</span> <span class='ocrx_word' id='word_1_293' title='bbox 1483 2241 1709 2296; x_wconf 85' lang='lat' dir='ltr'>adductus,</span> 
     </span>
     <span class='ocr_line' id='line_1_37' title="bbox 274 2293 1710 2349; baseline 0.006 -18"><span class='ocrx_word' id='word_1_294' title='bbox 274 2293 468 2334; x_wconf 73' lang='lat' dir='ltr'>maximis</span> <span class='ocrx_word' id='word_1_295' title='bbox 497 2295 671 2337; x_wconf 89' lang='lat' dir='ltr'>minima</span> <span class='ocrx_word' id='word_1_296' title='bbox 700 2298 931 2348; x_wconf 86' lang='lat' dir='ltr'>conferam,</span> <span class='ocrx_word' id='word_1_297' title='bbox 963 2306 1012 2339; x_wconf 91' lang='lat' dir='ltr'>ut</span> <span class='ocrx_word' id='word_1_298' title='bbox 1044 2313 1143 2339; x_wconf 90' lang='lat' dir='ltr'>cum</span> <span class='ocrx_word' id='word_1_299' title='bbox 1177 2299 1375 2340; x_wconf 86' lang='lat' dir='ltr'>vinolenti</span> <span class='ocrx_word' id='word_1_300' title='bbox 1407 2298 1710 2349; x_wconf 84' lang='lat' dir='ltr'>adolescentes,</span> 
     </span>
     <span class='ocr_line' id='line_1_38' title="bbox 274 2348 1716 2411; baseline 0.006 -23"><span class='ocrx_word' id='word_1_301' title='bbox 274 2348 473 2390; x_wconf 85' lang='lat' dir='ltr'>tibiarum</span> <span class='ocrx_word' id='word_1_302' title='bbox 501 2352 626 2393; x_wconf 81' lang='lat' dir='ltr'>etiam</span> <span class='ocrx_word' id='word_1_303' title='bbox 657 2364 797 2404; x_wconf 89' lang='lat' dir='ltr'>cantu,</span> <span class='ocrx_word' id='word_1_304' title='bbox 819 2364 866 2395; x_wconf 91' lang='lat' dir='ltr'>ut</span> <span class='ocrx_word' id='word_1_305' title='bbox 892 2355 952 2405; x_wconf 88' lang='lat' dir='ltr'>fit,</span> <span class='ocrx_word' id='word_1_306' title='bbox 973 2355 1171 2406; x_wconf 89' lang='lat' dir='ltr'>instincti,</span> <span class='ocrx_word' id='word_1_307' title='bbox 1192 2355 1375 2403; x_wconf 88' lang='lat' dir='ltr'>mulieris</span> <span class='ocrx_word' id='word_1_308' title='bbox 1404 2355 1568 2411; x_wconf 79' lang='lat' dir='ltr'>pudicae</span> <span class='ocrx_word' id='word_1_309' title='bbox 1598 2355 1716 2401; x_wconf 85' lang='lat' dir='ltr'>fores-</span> 
     </span>
     <span class='ocr_line' id='line_1_39' title="bbox 275 2404 1708 2469; baseline 0.007 -25"><span class='ocrx_word' id='word_1_310' title='bbox 275 2404 531 2460; x_wconf 85' lang='lat' dir='ltr'>frangerent,</span> <span class='ocrx_word' id='word_1_311' title='bbox 552 2409 820 2451; x_wconf 85' lang='lat' dir='ltr'>admonuisse</span> <span class='ocrx_word' id='word_1_312' title='bbox 846 2411 1076 2462; x_wconf 86' lang='lat' dir='ltr'>tibicinam,</span> <span class='ocrx_word' id='word_1_313' title='bbox 1096 2420 1145 2452; x_wconf 90' lang='lat' dir='ltr'>ut</span> <span class='ocrx_word' id='word_1_314' title='bbox 1165 2411 1400 2468; x_wconf 87' lang='lat' dir='ltr'>spondeum</span> <span class='ocrx_word' id='word_1_315' title='bbox 1421 2420 1602 2463; x_wconf 88' lang='lat' dir='ltr'>caneret,</span> <span class='ocrx_word' id='word_1_316' title='bbox 1624 2412 1708 2469; x_wconf 84' lang='lat' dir='ltr'>Py-</span> 
     </span>
     <span class='ocr_line' id='line_1_40' title="bbox 274 2460 1705 2522; baseline 0.005 -21"><span class='ocrx_word' id='word_1_317' title='bbox 274 2460 474 2517; x_wconf 80' lang='lat' dir='ltr'>thagoras</span> <span class='ocrx_word' id='word_1_318' title='bbox 507 2464 674 2507; x_wconf 80' lang='lat' dir='ltr'>(licitur.</span> <span class='ocrx_word' id='word_1_319' title='bbox 706 2466 821 2522; x_wconf 89' lang='lat' dir='ltr'>quod</span> <span class='ocrx_word' id='word_1_320' title='bbox 841 2482 938 2508; x_wconf 88' lang='lat' dir='ltr'>cum</span> <span class='ocrx_word' id='word_1_321' title='bbox 957 2467 1030 2508; x_wconf 85' lang='lat' dir='ltr'>illa</span> <span class='ocrx_word' id='word_1_322' title='bbox 1050 2468 1228 2518; x_wconf 81' lang='lat' dir='ltr'>fecisset,</span> <span class='ocrx_word' id='word_1_323' title='bbox 1250 2468 1446 2510; x_wconf 86' lang='lat' dir='ltr'>tarditate</span> <span class='ocrx_word' id='word_1_324' title='bbox 1466 2468 1705 2519; x_wconf 89' lang='lat' dir='ltr'>modorum,</span> 
     </span>
     <span class='ocr_line' id='line_1_41' title="bbox 274 2520 1673 2579; baseline 0.005 -21"><span class='ocrx_word' id='word_1_325' title='bbox 274 2527 318 2560; x_wconf 84' lang='lat' dir='ltr'>et</span> <span class='ocrx_word' id='word_1_326' title='bbox 336 2520 539 2574; x_wconf 79' lang='lat' dir='ltr'>gravitate</span> <span class='ocrx_word' id='word_1_327' title='bbox 560 2532 722 2576; x_wconf 87' lang='lat' dir='ltr'>cantus,</span> <span class='ocrx_word' id='word_1_328' title='bbox 743 2523 910 2564; x_wconf 88' lang='lat' dir='ltr'>illorum</span> <span class='ocrx_word' id='word_1_329' title='bbox 931 2524 1139 2566; x_wconf 87' lang='lat' dir='ltr'>furentem</span> <span class='ocrx_word' id='word_1_330' title='bbox 1160 2524 1434 2579; x_wconf 85' lang='lat' dir='ltr'>petulantiam</span> <span class='ocrx_word' id='word_1_331' title='bbox 1457 2524 1673 2569; x_wconf 87' lang='lat' dir='ltr'>resedisse.</span> 
     </span>
    </p>
   </div>
   <div class='ocr_carea' id='block_1_5' title="bbox 643 2625 1334 2746">
    <p class='ocr_par' dir='ltr' id='par_1_8' title="bbox 643 2625 1334 2746">
     <span class='ocr_line' id='line_1_42' title="bbox 768 2625 1212 2668; baseline -0.005 0"><span class='ocrx_word' id='word_1_332' title='bbox 768 2627 834 2668; x_wconf 89' lang='lat' dir='ltr'>M.</span> <span class='ocrx_word' id='word_1_333' title='bbox 854 2626 905 2668; x_wconf 93' lang='lat' dir='ltr'>T.</span> <span class='ocrx_word' id='word_1_334' title='bbox 928 2625 1212 2667; x_wconf 72' lang='lat' dir='ltr'>C1cx-:Roms</span> 
     </span>
     <span class='ocr_line' id='line_1_43' title="bbox 643 2703 1334 2746; baseline 0.001 -1"><span class='ocrx_word' id='word_1_335' title='bbox 643 2703 725 2745; x_wconf 86' lang='lat' dir='ltr'>DE</span> <span class='ocrx_word' id='word_1_336' title='bbox 754 2704 1116 2746; x_wconf 85' lang='lat' dir='ltr'><strong>VIRTUTIBUS</strong></span> <span class='ocrx_word' id='word_1_337' title='bbox 1147 2704 1334 2746; x_wconf 89' lang='lat' dir='ltr'><strong>LIBER.</strong></span> 
     </span>
    </p>
   </div>
   <div class='ocr_carea' id='block_1_6' title="bbox 334 2791 1331 2849">
    <p class='ocr_par' dir='ltr' id='par_1_9' title="bbox 334 2791 1331 2849">
     <span class='ocr_line' id='line_1_44' title="bbox 334 2791 1331 2849; baseline 0 -14"><span class='ocrx_word' id='word_1_338' title='bbox 334 2794 507 2838; x_wconf 57' lang='lat' dir='ltr'>Caius.</span> <span class='ocrx_word' id='word_1_339' title='bbox 528 2791 601 2835; x_wconf 78' lang='lat' dir='ltr'>lib.</span> <span class='ocrx_word' id='word_1_340' title='bbox 618 2794 674 2847; x_wconf 82' lang='lat'>2.)</span> <span class='ocrx_word' id='word_1_341' title='bbox 715 2791 829 2836; x_wconf 86' lang='lat' dir='ltr'>Illud</span> <span class='ocrx_word' id='word_1_342' title='bbox 849 2791 1094 2849; x_wconf 85' lang='lat' dir='ltr'>neutiquam</span> <span class='ocrx_word' id='word_1_343' title='bbox 1112 2792 1331 2849; x_wconf 69' lang='lat' dir='ltr'>probares·⁴</span> 
     </span>
    </p>
   </div>
  </div>
 </body>
</html>
