1844 3202
561 93 740 133 LIBER
777 92 1112 131 SECUNDUS.
1472 92 1546 130 655

124 209 212 243 tate
229 216 352 258 posse
369 201 561 258 cuiquam
580 199 774 256 probari?
813 199 906 240 Att.
922 199 1034 254 Age,
1049 198 1141 254 jam
1162 199 1240 239 ista
1254 198 1374 241 video
1391 201 1545 241 fateor·
1565 195 1628 242 13

125 272 206 314 que
225 273 314 300 esse
335 271 513 313 magna:
545 256 618 298 sed
648 267 711 297 est
741 257 782 297 in
806 255 989 311 collegio
1011 264 1146 296 vestro
1166 255 1272 295 inter
1294 256 1545 298 Marcellum
1559 268 1609 300 32

123 324 167 354 et
186 315 390 370 Appium,
412 314 596 368 optimos
627 327 822 368 augures,
851 326 1006 367 magna
1026 311 1227 352 dissensio
1246 327 1255 350 z
1285 325 1379 352 nam
1400 327 1547 353 eorum

121 383 203 424 ego
224 372 264 411 in
282 371 409 411 libros
431 369 556 411 incidi
575 386 584 410 :
616 383 714 410 cum
739 368 858 410 alteri
878 370 1055 424 placeat,
1076 367 1262 422 auspicia
1281 367 1360 407 ista
1379 367 1432 408 ad
1464 369 1546 408 uti-

119 424 280 467 litatem
317 440 405 467 esse
436 425 675 481 reipublicae
712 426 972 480 composita:
1012 425 1130 464 alteri
1161 423 1380 478 disciplina
1412 433 1546 464 vestra

129 489 141 512 1
165 481 282 537 quasi
305 482 486 523 divinare
507 482 692 523 videatur
712 496 881 537 prorsus
901 495 1035 536 posse.
1067 480 1144 521 hac
1167 490 1214 521 tu
1234 480 1286 520 de
1306 493 1364 529 re,
1386 494 1546 535 quaero,

121 537 224 592 quid
248 539 414 579 sentias.
476 540 539 579 M.
569 539 743 593 Egone?
774 538 1086 587 divinationem,
1107 551 1234 592 quam
1258 536 1397 576 Graeci
1415 553 1547 588 μαντι-

119 596 182 643 κὴν
203 594 429 649 appellant,
447 609 536 635 esse
559 609 727 644 censeo,
749 604 790 634 et
824 594 948 649 hujus
970 593 1076 634 hanc
1098 594 1231 648 ipsam
1252 603 1429 648 partem,
1450 607 1544 648 quae

117 659 181 690 est
200 650 242 690 iu
263 651 420 700 avibus,
440 651 669 706 ceterisque
692 650 820 705 signis
841 650 1069 705 disciplinae
1090 658 1268 700 nostrae3
1298 648 1425 705 quod,
1446 663 1544 690 cum

118 720 307 746 summos
337 707 437 748 deos
467 722 557 748 esse
587 708 881 757 concedamus,
906 720 1137 761 eorumque
1167 714 1308 746 mente
1338 706 1544 746 mundum

116 763 220 817 regi,
241 772 283 803 et
309 763 534 804 eorundem
567 764 870 818 benignitatem
897 762 1118 803 hominum
1146 762 1364 803 coneulere
1384 764 1543 817 generi,

115 826 159 859 et
189 833 310 874 posse
341 820 460 860 no'ois
491 820 609 875 signa
635 834 771 860 rerum
800 820 1033 860 futurarum
1061 819 1295 869 ostendere,
1317 833 1399 859 non
1421 818 1542 859 video

114 888 190 915 eur
218 890 308 916 esse
337 875 630 917 divmationem
662 890 828 931 negem.
888 875 995 916 Sunt
1023 885 1165 916 autem
1196 890 1259 925 ea,
1285 890 1377 931 quae
1403 877 1601 930 posui,33

114 945 166 971 ex
185 932 336 987 quibus
357 932 412 982 id,
435 933 550 988 quod
580 931 787 981 volumus,
805 931 982 972 efficitur
1011 942 1054 972 et
1082 932 1264 987 cogitur.
1322 933 1416 973 Jam
1445 946 1541 973 vero
1553 931 1585 961 b·

113 988 420 1042 permultorum
449 989 735 1044 exemplorum
757 1003 799 1028 et
820 997 962 1029 nostra
985 998 1049 1028 est
1078 988 1201 1042 plena
1230 987 1478 1043 respublica,
1499 997 1543 1029 et

114 1046 256 1085 omnia
283 1059 426 1100 regna,
447 1060 677 1100 omnesque
699 1045 859 1099 populi,
880 1054 1128 1100 cunctaeque
1146 1057 1308 1099 gentes,
1329 1059 1541 1100 augurum

113 1101 324 1154 praedictis
350 1101 515 1142 2multa
545 1101 841 1142 incredibiliter
871 1116 962 1141 vera
991 1101 1222 1142 cecidisse:
1263 1116 1398 1155 neque
1427 1103 1539 1142 enim

119 1164 136 1187 ὃ
159 1157 337 1212 Polyidi,
359 1172 493 1212 neque
515 1157 815 1212 MelampodiS,
838 1171 972 1212 neque
993 1158 1153 1209 Mopsi,
1176 1172 1311 1212 neque
1330 1159 1540 1212 Amphia-

111 1213 184 1262 rai,
211 1227 344 1268 neque
365 1213 625 1262 Calchantis,
650 1226 786 1268 neque
817 1214 974 1253 Heleni
1004 1223 1168 1253 tamum
1195 1227 1352 1253 nomen
1378 1214 1541 1266 fuisset,

110 1283 246 1324 neque
267 1278 331 1310 tot
352 1269 540 1310 nationes
571 1269 614 1309 id
643 1269 697 1309 ad
728 1269 808 1310 hoc
840 1279 1006 1324 tempus
1033 1271 1311 1319 retinuissent,
1334 1271 1540 1322 Arabum,

112 1324 344 1381 Phrygum,
369 1327 632 1381 Lycaonum,
660 1325 858 1376 Cilicum,
886 1326 1151 1381 maximeque
1188 1325 1432 1376 ir‘isidarum,
1463 1327 1542 1369 nisi

110 1390 293 1423 vetustas
315 1396 364 1422 ea
383 1392 497 1423 certa
515 1396 605 1423 esse
627 1381 851 1422 docuisset.
910 1383 1003 1423 Nec
1034 1397 1130 1422 vero
1162 1383 1366 1424 Romulus
1399 1395 1542 1425 noster

109 1438 325 1493 auspicato
355 1438 502 1479 urbem
533 1438 800 1488 condidisset,
824 1453 958 1493 neque
978 1439 1087 1478 Attii
1115 1439 1236 1479 Navii
1268 1454 1423 1480 nomen
1449 1455 1539 1481 me-

108 1495 243 1535 moria
273 1495 440 1535 floreret
469 1506 554 1536 tam
586 1495 671 1545 diu,
693 1496 769 1535 nisi
802 1494 845 1534 hi
875 1509 1021 1535 omncs
1046 1504 1064 1525 4
1082 1494 1216 1536 multa
1244 1496 1298 1537 ad
1324 1498 1539 1538 veritatem

107 1550 370 1592 admirabilia
390 1550 602 1592 dixissent.
663 1552 745 1592 Sed
765 1552 940 1592 dubium
971 1566 1055 1592 non
1078 1563 1156 1602 est,
1178 1552 1278 1607 quin
1300 1553 1390 1594 haec
1410 1552 1538 1594 disci-

107 1606 236 1661 plina,
266 1616 307 1648 et
337 1622 403 1648 ars
433 1622 642 1662 augurum
675 1608 888 1649 evanuerit
910 1608 1001 1663 jam
1032 1616 1075 1648 et
1099 1618 1319 1659 vetustate,
1342 1619 1385 1650 et
1406 1609 1541 1665 negli-

106 1664 265 1718 gentia.
316 1664 464 1720 Itaque
483 1678 617 1720 neque
637 1664 697 1705 illi
717 1664 934 1712 assentior,
954 1664 1026 1719 qui
1046 1664 1154 1705 hanc
1175 1665 1389 1707 scientiam
1412 1675 1540 1721 negat

108 1734 309 1775 umquam
331 1720 372 1761 in
393 1731 537 1762 nostro
555 1721 736 1775 collegio
766 1721 892 1762 fuisse
911 1737 919 1760 :
953 1735 1088 1776 neque
1114 1721 1187 1772 illi,
1209 1722 1280 1777 qui
1300 1736 1390 1763 esse
1410 1723 1538 1764 etiam

108 1790 219 1816 nunc
238 1784 373 1832 putat.
405 1791 499 1832 quae
522 1776 626 1817 mibi
656 1777 818 1818 videtur
839 1777 950 1832 apud
973 1777 1152 1833 majores
1179 1787 1193 1810 5
1213 1779 1339 1819 fuisse
1359 1778 1540 1834 duplici-

107 1841 184 1882 ter,
208 1842 251 1872 ut
280 1832 333 1873 ad
362 1834 603 1887 reipublicae
635 1842 801 1888 tempus
829 1848 1164 1889 nonnumquam,
1186 1834 1239 1875 ad
1258 1836 1414 1890 agendi
1434 1850 1537 1876 con-

104 1887 245 1929 silium
275 1889 504 1944 saepissime
533 1889 774 1944 pertineret.
833 1890 927 1930 Att.
965 1889 1121 1940 Credo,
1158 1890 1314 1942 hercle,
1344 1891 1404 1933 ita
1431 1907 1535 1943 esse,
1548 1900 1600 1933 34

103 1943 256 2001 istique
276 1945 428 1986 rationi
445 1946 713 2001 potissimum
734 1946 952 1987 assentior.
1011 1946 1095 1987 Sed
1117 1946 1244 1988 redde
1262 1956 1416 1989 cetera.

839 2094 991 2125 Cicerone
1007 2096 1203 2132 memoratis,
1220 2106 1280 2127 nec
1303 2097 1345 2126 ita
1367 2096 1484 2134 clarus,
1501 2106 1538 2129 ut

148 2100 162 2123 1
181 2093 264 2134 quasi
278 2092 414 2123 divinare
425 2093 564 2124 videatur
572 2101 689 2134 prorsus
698 2093 791 2134 posse]

838 2144 943 2168 Cetel'l·

102 2135 165 2166 Hic
187 2145 316 2176 quoque
337 2137 427 2168 valde
450 2138 572 2167 variant
593 2137 662 2168 libri
685 2146 715 2168 et
729 2140 795 2178 opi-

101 2179 211 2208 niones
227 2180 365 2210 virorum
381 2181 559 2210 doctorum.
605 2181 671 2219 Ego
681 2188 798 2221 prorsus

99 2227 177 2261 posse
191 2221 365 2253 delendum
381 2230 469 2262 puto.

145 2271 163 2294 2
191 2264 283 2294 multa
313 2265 519 2295 incredibiliter
547 2276 621 2295 ‘vera
650 2264 793 2304 cecidisse]

100 2305 185 2336 Mihi
213 2318 287 2337 vera
315 2316 501 2347 suspectum
528 2316 574 2338 est
600 2318 656 2348 pro
681 2308 793 2348 glossa.

100 2358 156 2388 pro
169 2349 308 2385 cecidisse,
322 2352 452 2390 quidam
468 2352 538 2382 libri
553 2351 700 2381 accidisse.
715 2351 794 2382 Vul-

97 2398 210 2430 gatum
234 2394 360 2425 melius.
383 2394 513 2424 cecidisse
535 2401 580 2424 est
603 2395 728 2423 evenisse
762 2404 792 2424 v.

99 2434 189 2465 Clav.
223 2436 309 2466 Infra
324 2445 352 2466 c.
371 2443 420 2468 13.
439 2438 480 2466 ad
492 2437 649 2467 veritatem
664 2437 794 2466 admira—

98 2476 188 2508 bilia.

141 2526 159 2551 3
186 2518 314 2559 Polyidi]
339 2522 391 2552 Sic
412 2522 473 2562 legi
495 2521 598 2552 voluit
610 2521 792 2558 Turnebus,

96 2562 142 2592 sic
173 2563 312 2592 habuere
341 2564 418 2594 Mss.
451 2565 546 2595 Paris.
571 2571 603 2595 et
631 2565 683 2594 alii
707 2566 791 2605 apud

98 2604 284 2636 Gruterum.
299 2607 376 2637 item
389 2608 494 2638 Guelf.
509 2610 542 2638 in
558 2617 624 2647 quo
638 2608 792 2647 scriptum

95 2654 144 2678 est
153 2648 292 2689 Pobeidei.
306 2659 322 2678 e
334 2659 399 2688 quo
411 2651 532 2681 factum
543 2651 666 2681 videtur
677 2650 790 2688 polide,

96 2691 182 2729 quod
197 2698 244 2722 est
263 2692 297 2722 in
313 2693 361 2722 ed.
378 2693 458 2723 Ven.
479 2700 572 2726 1494.
593 2694 646 2724 alii
669 2701 700 2723 et
721 2695 790 2725 edd.

95 2739 171 2763 vett.
193 2734 312 2765 habent
336 2735 455 2772 Poletis,
473 2737 563 2775 ‚quod
584 2743 615 2766 et
638 2736 791 2767 Gruterus

95 2777 238 2807 servavit.
270 2778 309 2808 Et
323 2779 384 2809 fuit
398 2786 484 2809 vates
500 2778 592 2815 Pales,
608 2789 638 2809 v.
654 2780 742 2810 Suid.
757 2782 789 2810 in

99 2817 213 2855 Πὸλης,
236 2821 291 2850 sed
314 2821 369 2852 ille
392 2821 487 2862 longe
506 2821 615 2859 junior
639 2824 749 2853 ceteris
772 2832 792 2853 a

884 2188 902 2211 4
927 2180 1019 2210 multa
1047 2182 1087 2210 ad
1109 2182 1266 2211 veritatem
1289 2181 1476 2212 admirabilia
1491 2184 1536 2213 di-

840 2223 960 2262 xissent]
983 2225 1130 2255 Davisius
1153 2234 1169 2254 e
1195 2225 1257 2255 Ms.
1284 2224 1378 2256 Paris.
1402 2226 1486 2256 dedit
1509 2235 1537 2257 ee

841 2267 1001 2297 mirabilia.
1031 2267 1082 2297 Sic
1095 2275 1125 2297 et
1140 2268 1188 2298 ed.
1206 2268 1287 2298 Ven.
1306 2275 1397 2300 1494.
1430 2269 1537 2299 Dicere

838 2310 879 2338 ad
889 2310 1047 2339 veritatem
1063 2320 1128 2341 non
1151 2317 1198 2341 est
1220 2311 1300 2341 bene
1323 2311 1478 2342 latinum:
1503 2320 1536 2343 at

837 2351 964 2391 elegans
978 2352 1151 2382 admirabile
1163 2353 1204 2382 ad
1215 2355 1384 2384 veritatem.
1400 2364 1430 2386 v,
1443 2355 1533 2386 Clav.

837 2396 870 2424 in
886 2395 934 2424 ad.
951 2396 1063 2425 veritas
1082 2403 1127 2426 est
1149 2396 1353 2433 admirabilis,
1371 2407 1448 2428 cum
1464 2408 1534 2438 pro-

838 2445 905 2477 pter
923 2437 1125 2470 insolentiam
1149 2440 1392 2470 admirationem
1414 2449 1532 2478 movet,

838 2488 874 2511 ut
910 2480 943 2512 in
980 2483 1147 2519 vaticiniis,
1178 2492 1256 2513 eum
1287 2491 1440 2513 eventum
1477 2485 1533 2514 ha-

836 2524 923 2554 bent.

881 2575 897 2598 5
910 2566 1010 2607 fuisse
1024 2566 1190 2606 dupliciter]
1212 2568 1279 2598 Ser.
1295 2575 1326 2598 et
1340 2569 1408 2598 edd.
1427 2569 1532 2608 plures

834 2609 954 2648 duplex,
970 2611 1056 2649 quod
1073 2617 1104 2640 et
1118 2612 1273 2641 revocavit
1295 2611 1453 2641 Davisius.
1477 2612 1532 2642 sed

834 2654 861 2682 ei
884 2654 1047 2692 sequentia
1069 2663 1134 2683 non
1157 2655 1373 2689 consentiunt,
1389 2664 1462 2692 quae
1477 2664 1531 2685 ex-

835 2697 979 2734 primunt
995 2697 1105 2726 modos
1121 2697 1261 2726 scientiae
1276 2697 1360 2726 illius
1376 2706 1532 2736 usurpan-

834 2740 894 2769 dae.
905 2739 1006 2777 fuisse
1029 2746 1136 2769 autern
1163 2749 1227 2769 non
1255 2740 1327 2769 satis
1352 2738 1466 2778 placet,
1491 2749 1531 2770 ex

834 2781 889 2810 illa
907 2783 1017 2811 eadem
1040 2791 1148 2816 causa,
1163 2783 1228 2812 sive
1251 2782 1355 2821 ipsum
1378 2782 1530 2817 vitiosum

832 2824 884 2860 sit,
901 2826 966 2854 sive
981 2824 1066 2854 aliud
1084 2824 1216 2854 verbnm
1234 2824 1394 2854 exciderit.

842 2878 966 2908 uu2
