1844 3202
602 128 786 168 LIBER
821 125 1095 166 TERTIUS.
1480 120 1557 173 769

122 252 251 281 manu
281 237 504 296 depellere,
532 236 649 279 nullo
682 236 813 278 modo
842 234 983 278 debet.
1002 235 1060 276 sic
1081 234 1123 274 in
1144 231 1227 274 vita
1245 231 1325 273 sibi
1346 246 1559 289 quemque

120 304 276 351 petere,
311 295 427 353 quod
459 294 664 351 pertineat
698 293 750 335 ad
789 307 930 343 usum,
963 305 1048 332 non
1078 290 1270 346 iniquum
1304 299 1392 330 est:
1437 289 1557 331 alteri

119 351 322 408 deripere,
361 353 434 408 jus
480 365 563 393 non
603 360 681 393 est.
740 349 930 391 Maxime
976 357 1117 389 autem
1156 345 1455 402 perturbantur
1490 347 1555 387 of-
1567 349 1616 382 43

122 408 216 449 ficia
235 409 276 449 in
295 407 489 450 amicitiis
510 425 518 448 :
551 408 703 464 quibus
733 416 777 448 et
807 420 890 447 non
910 405 1107 454 tribuere,
1129 402 1246 459 quod
1268 411 1380 443 recte
1405 403 1557 456 possiS,

120 473 164 505 et
195 465 396 516 tribuere,
421 464 537 520 quod
557 479 640 505 non
673 465 726 505 sit
754 477 939 520 aequum,
959 471 1105 504 contra
1132 459 1317 500 officium
1340 466 1417 498 est.
1476 459 1560 499 Sed

119 519 247 575 hujus
276 521 442 576 generis
472 522 617 572 totius,
647 521 785 570 breve,
814 529 857 561 et
887 534 971 560 non
1001 517 1169 559 difficile
1198 524 1459 570 praeceptum
1480 524 1559 555 est.

118 576 230 619 Quae
251 577 363 618 enim
384 577 575 619 videntur
605 578 738 628 utilia,
758 577 958 626 honores,
980 574 1150 624 divitiae,
1172 572 1424 631 voluptateS,
1444 579 1558 611 cete-

118 647 167 675 ra
197 634 365 689 generis
396 634 603 691 ejusdem,
643 635 735 675 haec
768 633 963 674 amicitiae
999 644 1231 686 numquam
1265 627 1561 683 anteponenda

121 700 232 731 sunt.
291 691 354 732 At
382 706 519 747 neque
549 700 695 732 contra
724 689 1045 745 rempublicam,
1076 700 1212 742 neque
1240 695 1389 726 contra
1416 685 1559 740 jusju-

120 746 318 799 randum,
338 762 386 789 ac
414 749 555 800 fidem,
575 747 699 789 amici
726 760 866 797 causa,
886 746 945 787 vir
963 746 1103 786 bonus
1122 743 1273 792 faciet3
1305 756 1355 782 ne
1376 741 1410 782 si
1425 741 1561 798 judex

116 802 292 859 quidem
325 805 405 846 erit
435 804 487 846 de
518 805 610 860 ipso
645 803 798 845 amico.
861 803 982 844 Ponit
1013 800 1126 842 enim
1160 813 1384 856 personam
1419 798 1559 849 amici,

118 873 218 901 cum
239 861 375 902 induit
393 861 564 917 judicis.
622 862 806 902 Tantum
828 859 947 901 dabit
965 857 1177 908 amicitiae,
1206 864 1254 897 ut
1274 869 1412 896 veram
1433 855 1561 896 amici

117 929 290 958 causam
319 932 411 960 esse
446 918 592 960 malit:
624 928 673 959 ut
703 925 741 954 47
761 916 930 958 orandae
966 915 1050 956 litis
1086 923 1270 969 tempuS,
1306 911 1448 968 quoad
1483 926 1559 968 per

117 972 234 1028 leges
255 975 393 1026 liceat,
413 974 726 1016 accommodet.
775 973 888 1015 Cum
910 987 1006 1014 vero
1022 972 1166 1028 jurato
1187 969 1395 1011 sententia
1414 968 1557 1010 dicen-

119 1028 174 1069 da
194 1030 248 1071 sit
266 1047 277 1072 z
307 1032 560 1082 meminerit,
582 1040 621 1064 48
639 1031 766 1072 deum
785 1046 828 1072 se
848 1030 1047 1071 adhibere
1066 1037 1236 1076 testem,
1257 1026 1299 1067 id
1317 1035 1382 1066 est
1405 1028 1470 1079 (ut
1491 1035 1622 1082 ,ar-44

117 1086 270 1140 bitror)
294 1099 478 1130 mentem
501 1103 636 1140 suam,
658 1103 742 1144 qua
760 1088 862 1128 nihil
884 1085 1046 1127 homini
1066 1084 1183 1125 dedit
1211 1083 1316 1124 deus
1346 1082 1435 1137 ipse
1454 1081 1559 1123 divi-

119 1142 228 1184 nius.
290 1145 438 1200 Itaque
466 1145 714 1199 praeclarum
745 1159 769 1185 a
788 1143 1019 1199 majoribus
1044 1142 1282 1196 accepimus
1304 1153 1469 1179 morem
1489 1154 1559 1180 ro-

117 1199 249 1253 gandi
261 1200 433 1254 judicis,
454 1210 494 1234 49
509 1202 543 1242 si
562 1217 659 1243 eum
677 1211 931 1250 teneremuS,
955 1199 1062 1254 Quae
1077 1196 1292 1252 salvafide
1301 1195 1451 1251 facere
1464 1205 1560 1250 pos-

117 1255 186 1296 sit.
247 1257 354 1298 Haec
385 1259 551 1313 rogatio
580 1258 634 1300 ad
664 1272 714 1298 ea
741 1257 936 1313 pertinet,
957 1271 1053 1311 quae
1082 1254 1228 1310 paullo
1247 1263 1344 1295 ante
1364 1252 1450 1293 dixi
1480 1252 1560 1294 ho-

121 1322 238 1354 neste
267 1314 405 1356 amico
435 1329 460 1354 a
482 1314 629 1371 judice
658 1329 781 1370 posse
803 1313 992 1355 concedi.
1014 1326 1126 1363 nam,
1148 1312 1182 1352 si
1203 1311 1346 1351 omnia
1367 1309 1558 1351 facienda
1570 1317 1666 1349 9-61·

121 1368 217 1420 sint,
239 1385 334 1426 quae
352 1372 476 1412 amici
500 1372 647 1413 velint:
681 1386 765 1412 non
785 1370 981 1412 amicitiae
1001 1368 1121 1419 tales,
1143 1367 1215 1409 sed
1243 1366 1556 1423 conjurationes
1567 1365 1597 1385 a.

121 1434 161 1458 ⁵0
177 1427 376 1481 putandae
407 1428 502 1469 sint.
562 1430 738 1484 Loquor
766 1438 908 1469 autem
939 1426 992 1467 de
1019 1424 1318 1475 communibus
1347 1423 1619 1464 amicitiis.45

121 1497 219 1523 nam
246 1483 288 1524 in
313 1485 569 1540 sapientibus
594 1486 703 1536 viris,
724 1484 1018 1539 perfectisque,
1041 1481 1144 1523 nihil
1172 1489 1314 1536 potest
1342 1494 1433 1521 esse
1460 1481 1559 1521 tale.

122 1539 380 1592 Damonem,
401 1551 445 1582 et
476 1542 700 1592 Phintiam,
723 1540 1031 1598 Pythagoreos,
1051 1538 1192 1579 ferunt
1220 1537 1302 1578 hoc
1333 1537 1475 1578 animo
1497 1537 1563 1577 in-

120 1604 185 1637 ter
205 1611 249 1637 se
273 1598 416 1649 fuisse,
438 1608 501 1649 ut,
521 1613 619 1640 cum
652 1613 800 1639 eorum
828 1597 948 1639 alteri
969 1595 1204 1650 Dionysius
1225 1604 1428 1651 tyrannus
1450 1593 1562 1635 diem

123 1653 236 1694 necis
266 1653 569 1706 destinavisset,
599 1665 643 1696 et
672 1655 722 1706 is,
752 1654 825 1710 qui
855 1653 983 1694 morti
1016 1652 1208 1693 addictus
1248 1660 1373 1702 esset,
1403 1665 1563 1706 paucos

120 1710 201 1750 sibi
241 1710 331 1752 dies
372 1711 807 1752 commendandorum
857 1724 1031 1750 suorum
1080 1723 1207 1749 causa
1255 1707 1563 1763 postulavisset,

123 1774 159 1798 ⁶¹
180 1781 249 1807 vas
270 1768 406 1809 factus
427 1769 481 1809 sit
502 1768 607 1809 alter
627 1769 719 1824 ejus
741 1766 939 1817 sistendi3
971 1774 1034 1815 ut,
1054 1766 1089 1806 si
1114 1765 1183 1806 ille
1204 1780 1289 1805 non
1311 1764 1563 1815 revertisset,

121 1823 390 1865 moriendum
419 1834 528 1866 esset
557 1825 650 1881 ipsi.
673 1825 745 1881 qui
772 1839 871 1865 cum
891 1823 944 1864 ad
966 1822 1079 1863 diem
1103 1836 1146 1863 se
1165 1822 1402 1877 recepisset,
1423 1821 1562 1862 adrni-

121 1888 236 1920 ratus
257 1895 404 1922 eorum
426 1882 550 1922 fidem
579 1892 798 1938 tyrannus,
819 1879 977 1935 petivit,
998 1889 1047 1920 ut
1069 1893 1113 1919 se
1142 1878 1194 1919 ad
1225 1878 1453 1920 amicitiam
1474 1886 1560 1919 ter-

120 1936 229 1977 tium
264 1937 563 1980 adscriberent.
623 1938 736 1979 Cum
774 1938 906 1993 igitur
942 1936 998 1986 id,
1031 1935 1147 1991 quod
1184 1935 1289 1976 utile
1321 1935 1485 1976 videtur
1516 1934 1558 1975 in
1578 1925 1641 1973 ll

120 1993 320 2044 amicitia,
349 2009 447 2035 cum
488 2009 554 2045 eo,
585 1994 702 2050 quod
731 1994 954 2035 honestum
988 2001 1067 2042 est,
1097 2001 1392 2047 comparatur:
1418 1991 1626 2047 jaceat46

121 2050 317 2092 utilitatis
349 2051 524 2106 species,
561 2052 695 2092 valeat
729 2051 939 2091 honestas.
971 2063 1070 2090 cum
1107 2059 1247 2090 autem
1284 2048 1326 2089 in
1363 2048 1563 2100 amicitia,

122 2121 217 2162 quae
241 2106 418 2148 honesta
438 2123 523 2149 non
545 2118 656 2159 sunt,
678 2107 1032 2164 postulabuntur:
1065 2105 1214 2161 religio
1235 2115 1279 2146 et
1304 2105 1405 2146 fides
1435 2114 1474 2137 ⁵¹2
1487 2120 1562 2146 an-

122 2171 377 2218 teponantur
397 2165 591 2206 amicitiae
609 2181 618 2206 t
651 2165 710 2206 sic
731 2164 956 2205 habebitur
975 2163 1024 2214 is,
1047 2177 1172 2218 quern
1193 2162 1466 2218 exquirimus,
1488 2162 1565 2203 de-

122 2219 258 2261 lectus
288 2221 429 2263 officii.
488 2221 573 2262 Sed
606 2221 800 2263 utilitatis
830 2220 968 2276 specie
997 2220 1040 2261 in
1079 2219 1295 2275 republica
1333 2218 1566 2275 saepissime

123 2286 335 2333 peccatur,
355 2287 404 2320 ut
432 2277 475 2319 in
496 2277 692 2320 Corinthi
711 2277 1019 2320 disturbatione
1050 2283 1087 2309 ⁵²³
1104 2276 1250 2319 nostri.
1271 2275 1417 2319 durius
1435 2276 1565 2319 etiam

167 2442 206 2472 47
230 2437 346 2468 orandae
362 2437 422 2469 litis
437 2439 558 2480 tempus]
579 2440 630 2470 Sic
646 2439 725 2470 Mss.
743 2440 820 2476 mei,
907 2446 948 2473 49
971 2438 995 2468 εἰ
1017 2449 1080 2469 eum
1103 2436 1276 2480 teneremus]
1301 2438 1322 2469 i.
1338 2447 1364 2468 e.
1383 2447 1508 2469 morem
1529 2437 1563 2468 il-

121 2480 171 2510 ed-
197 2480 287 2520 Mog.
310 2481 381 2512 Col.
403 2483 499 2513 Rom.
523 2483 604 2513 Ven.
624 2490 716 2518 1471.
734 2483 821 2513 Med.
864 2482 936 2513 lum
950 2492 1158 2513 servaremus.

122 2522 195 2553 Ald.
212 2523 261 2553 liei
275 2525 361 2555 dedit
374 2525 492 2557 Victor.
507 2536 605 2566 quern
622 2527 714 2557 ceteri
729 2535 822 2557 secu·
909 2534 948 2557 50
965 2526 1108 2565 putanda>
1123 2524 1194 2565 sim]
1219 2525 1271 2555 Sic
1287 2525 1367 2555 bene
1383 2524 1447 2554 Ms.
1465 2523 1565 2554 Goth.

122 2566 145 2596 ti
161 2573 248 2598 sunt.
864 2569 914 2599 ed.
931 2569 1043 2599 Colon.
1059 2564 1166 2608 Vulgo
1181 2568 1266 2598 male
1281 2574 1356 2597 sunt.

168 2616 207 2640 48
229 2609 313 2640 deum
335 2621 363 2639 se
385 2610 498 2650 testem]
521 2611 665 2642 Pearcius
693 2611 824 2650 conjicit
910 2620 946 2643 51
972 2623 1029 2642 vas
1046 2612 1154 2653 factus
1180 2612 1218 2641 sit
1240 2610 1327 2649 alter]
1355 2611 1407 2640 Sic
1430 2609 1565 2647 correxi,

124 2650 260 2682 divinum
281 2665 309 2682 se
331 2653 434 2682 habere
455 2660 563 2684 testem.
594 2655 695 2685 habere
719 2662 766 2684 est
788 2656 821 2685 in
864 2664 942 2685 cum
958 2655 1055 2694 vulgo
1069 2656 1109 2685 sit
1124 2661 1176 2684 est.
1193 2664 1269 2684 nam
1284 2655 1398 2693 pendet
1414 2654 1453 2682 ab
1469 2659 1512 2682 ut.

125 2693 204 2725 Mss.
217 2695 421 2734 quibusdam.
435 2696 570 2726 divinum
586 2699 707 2729 videtur
721 2699 824 2738 requi·
912 2706 949 2729 52
973 2704 1162 2737 anteponatur
1176 2696 1331 2735 amicieiae]
1349 2697 1411 2726 Ms.
1425 2696 1499 2725 Cur.
1513 2706 1568 2723 αη.

125 2746 204 2773 rere,
218 2739 305 2777 quod
319 2740 473 2778 sequitur,
490 2752 547 2780 qua
566 2740 640 2769 nihil
653 2741 760 2771 homini
774 2741 824 2771 de·
865 2747 1054 2780 teponantur:
1079 2742 1108 2771 id
1128 2740 1204 2779 quia
1225 2747 1271 2770 est
1293 2747 1323 2769 et
1347 2740 1378 2768 in
1401 2739 1471 2768 edd.
1495 2738 1566 2768 Col.

124 2779 171 2808 dir
185 2780 251 2811 deus
265 2781 409 2819 divinius,
427 2789 496 2813 tum
513 2784 598 2822 quod
612 2784 710 2814 Tusc.
724 2785 751 2820 1,
769 2789 821 2814 26.
866 2784 962 2813 Rom.
985 2784 1041 2814 etsi
1065 2785 1163 2814 etiam
1178 2783 1348 2822 vulgatum
1364 2781 1434 2812 ferri
1451 2788 1566 2821 potest,

123 2822 200 2853 dicit
221 2824 348 2854 animum
370 2836 428 2855 esse
449 2825 585 2856 divinum
598 2836 608 2854 .·
631 2836 690 2857 nec
713 2828 823 2868 probat
866 2826 1002 2866 praetuli.

124 2865 321 2908 Euripidem,
337 2869 393 2908 qui
408 2869 491 2899 deum
507 2869 629 2900 dixerit.
911 2868 1075 2908 53‘nostr1‘]
1108 2869 1172 2900 Int.
1203 2868 1322 2899 fecere:
1357 2867 1442 2908 quod
1471 2874 1501 2898 et
1531 2867 1565 2897 in

855 2924 979 2967 3¹³3
