1844 3202
598 123 1012 163 CONSOLATIO.
1426 135 1517 166 1001

97 233 262 276 denti-us
290 244 415 290 atque
445 232 620 275 alacrius
650 232 857 273 exsultare
895 231 1028 286 possit
1057 230 1223 272 oratio?
1262 232 1333 274 sed
1374 234 1523 275 faciam

100 289 378 345 impudenter,
397 290 432 331 si
460 288 706 330 medicinam
730 288 921 329 deserens
941 288 1191 337 animorum,
1215 303 1340 344 quam
1361 305 1409 330 ex
1431 306 1524 332 orn-

100 347 222 391 nibus
250 346 430 388 maxime
460 343 605 386 utilem
634 359 723 386 esse
745 343 950 398 intelligo,
970 343 1021 384 ad
1043 358 1179 384 meam
1202 346 1322 385 unius
1343 346 1524 388 delecta-

100 403 259 444 tionem
278 415 513 445 sermonem
534 416 703 442 omnem
726 410 990 454 mentemque
1010 409 1262 441 convertam.
1318 403 1523 445 Dolorem

99 458 229 514 igitur
262 458 384 499 nimis
415 472 567 507 acrem,
604 472 651 498 ac
684 457 930 498 diuturnum
965 455 1213 511 fugiendum
1254 457 1447 499 diximus.
1483 470 1526 501 et

99 515 269 569 quidem
301 513 594 569 probabiliter:
630 527 726 553 cum
767 528 815 553 ex
853 527 904 552 eo
939 513 1050 553 mala
1081 513 1227 563 multa,
1261 514 1525 570 maximeque

97 571 241 625 gravia
269 570 429 611 soleant
458 570 634 612 exoriri:
672 579 818 610 contra
847 582 942 609 vero
974 568 1074 609 nihil
1106 569 1219 610 boni.
1252 584 1383 626 neque
1414 572 1523 612 enirn

100 627 221 669 dolor
249 641 300 667 ex
329 626 409 667 illis
439 627 563 667 rebus
592 634 668 674 est,
689 626 727 666 in
758 624 911 680 quibus
933 625 992 665 vel
1014 624 1064 665 ad
1086 626 1365 681 probandum,
1385 627 1444 667 vel
1472 627 1525 670 ad

99 682 432 737 vituperandum,
455 683 602 732 multa,
623 691 665 722 et
690 696 844 736 magna
863 682 1163 722 contrariarum
1185 684 1390 724 rationum
1413 685 1527 738 paria

99 749 315 783 momenta
344 749 638 794 agnoscantur.
665 737 743 778 hoc
774 737 885 778 enim
917 738 951 778 si
980 737 1192 789 acciderit,
1222 753 1388 794 agerem
1410 755 1526 781 vere-

100 795 294 845 cundius,
315 810 449 850 neque
481 809 549 836 me
574 794 616 834 in
646 808 744 834 eum
762 794 906 835 'locum
930 793 1209 845 demitterem,
1230 795 1339 836 unde
1362 796 1524 838 nullum

100 851 223 906 plane
253 852 413 892 exitum
446 851 640 892 viderem.
701 850 798 902 Sed,
835 850 1034 905 quoniam
1069 851 1158 892 haec
1192 852 1251 892 ita
1281 867 1324 893 se
1355 852 1525 905 habent,

98 907 324 958 contendo,
356 907 602 950 vincendum
633 921 721 948 esse
751 907 954 955 animum,
984 906 1203 963 dolorique
1234 908 1384 949 acriter
1414 910 1527 951 obsi·

99 963 309 1006 stendum.
334 964 417 1005 sive
446 964 556 1004 enim
585 964 879 1018 nosmetipsos,
907 963 990 1003 sive
1011 963 1124 1019 vulgi
1145 965 1384 1019 opinionem
1406 967 1526 1021 cogi-

99 1029 254 1070 temus,
276 1019 319 1061 id
340 1021 460 1061 nobis
479 1021 566 1061 sine
587 1019 674 1061 ulla
701 1020 963 1061 dubitatione
982 1020 1219 1061 faciendum
1242 1032 1320 1062 est.
1340 1031 1396 1072 at,
1420 1023 1453 1063 si
1474 1022 1527 1063 ad

99 1086 290 1121 mortuos
328 1077 441 1132 ipsos
471 1077 659 1118 animum
700 1076 983 1126 traducamuS,
1013 1077 1084 1131 qui
1122 1092 1347 1132 possumus
1386 1079 1528 1120 existi-

100 1146 228 1183 mare,
249 1143 417 1188 gratum
440 1133 520 1174 illis
547 1133 648 1183 fore,
669 1132 784 1188 quod
806 1133 935 1173 nimio
956 1132 1102 1174 dolore
1125 1134 1386 1175 cruciemur?
1420 1149 1526 1190 prae-

99 1188 242 1233 sertim
273 1203 368 1230 cum
401 1204 449 1230 ex
479 1204 530 1230 eo
561 1189 664 1230 nihil
686 1189 738 1230 ad
767 1189 859 1230 illos
879 1189 1084 1239 utilitatis,
1106 1189 1178 1231 sed
1198 1190 1454 1245 permultum
1474 1191 1527 1232 ad

101 1260 176 1286 nos
221 1245 451 1296 dedecoris,
489 1257 616 1301 atque
654 1245 914 1287 incommodi
950 1248 1183 1300 permanet.
1242 1247 1357 1303 Quid
1397 1248 1529 1302 igitur

99 1315 172 1346 eos
203 1301 315 1357 ipsos
344 1317 368 1344 a
397 1303 518 1343 nobis
547 1311 706 1357 optare,
731 1313 857 1358 atque
887 1311 1081 1357 expetere
1109 1303 1390 1344 arbitremur?
1424 1304 1527 1345 nihil

101 1372 214 1409 sane,
244 1358 322 1400 nisi
352 1368 401 1401 ut
431 1373 503 1400 eos
538 1358 690 1400 illustri
719 1359 935 1408 memoria,
960 1372 1007 1399 ac
1038 1359 1324 1400 recordatione
1355 1359 1529 1402 decore-

100 1428 208 1458 mus.

206 1485 312 1521 Nemo
330 1498 378 1522 me
396 1483 570 1534 lachrymis
587 1485 725 1523 decoret.

97 1556 156 1597 ait
177 1557 335 1598 Ennius
352 1573 361 1598 :

209 1636 282 1674 Cur
294 1639 318 1672 s?
347 1637 429 1686 quia
446 1635 673 1673 volito·evivus
681 1646 743 1685 per
759 1649 818 1676 ora
837 1634 965 1671 virum.

100 1709 201 1766 quid
233 1709 363 1765 igitur
391 1718 455 1749 est
487 1722 639 1758 causae,
673 1722 749 1749 cur
779 1708 940 1759 fletum,
974 1708 1297 1766 lachrymasque
1332 1714 1533 1754 recuset?

99 1766 296 1807 nimirum
317 1779 365 1806 ea
385 1764 535 1820 gloria,
559 1779 685 1820 quam
715 1779 758 1805 se
784 1763 922 1804 adhuc
942 1765 1143 1806 viventem
1173 1778 1412 1809 assecutum
1439 1783 1531 1810 esse

100 1821 353 1864 confidebat.
386 1821 562 1862 eandem
595 1821 727 1876 igitur
753 1821 808 1861 ob
839 1834 1007 1861 causam
1044 1831 1233 1863 nostruin
1269 1839 1437 1880 quoque
1466 1825 1532 1867 lu-

101 1888 216 1920 ctum
246 1877 424 1921 mortuis
454 1878 682 1933 ingratum,
705 1877 1016 1933 molestumque
1045 1878 1134 1919 fore
1159 1879 1434 1934 suspicemur,
1455 1897 1531 1923 nec

99 1935 215 1977 aliud
251 1949 324 1975 eos
355 1948 379 1975 a
410 1935 531 1975 nobis
563 1933 791 1990 quidquam
825 1933 1014 1988 flagitare
1046 1935 1282 1987 credamus,
1313 1952 1454 1992 quam,
1484 1949 1532 1980 ut

100 1991 142 2033 id
169 1992 312 2047 ipsum
338 1990 433 2042 illis,
455 2004 540 2046 quo
555 1991 734 2031 maxime
761 1989 1031 2041 delectamur,
1058 1991 1306 2033 tribuamus.
1335 1994 1427 2035 haec
1455 2009 1530 2036 au-

101 2056 184 2089 tem
217 2047 354 2102 gloria
379 2055 458 2097 est,
479 2055 522 2088 et
551 2047 716 2088 assidua
744 2046 911 2088 illorum
935 2047 1096 2088 virtutis
1126 2048 1374 2091 recordatio.
1404 2066 1530 2106 quam

101 2104 135 2145 si
156 2117 363 2154 sermone,
383 2103 707 2159 laudationeque
729 2111 869 2143 nostra
896 2103 1178 2145 immortalem
1207 2105 1369 2147 efficere
1393 2106 1532 2159 liceat,

101 2160 182 2201 hoc
205 2174 288 2201 uno
307 2159 360 2200 de
378 2160 556 2201 mortuis
577 2174 653 2200 nos
675 2160 737 2200 vel
763 2160 922 2216 optime
939 2160 1112 2201 meritos
1129 2162 1365 2203 existimare
1387 2177 1530 2218 posse-

101 2231 210 2258 mus.
269 2215 400 2273 Quid,
428 2215 544 2272 quod
571 2231 684 2266 eum,
716 2217 788 2272 qui
819 2217 877 2257 sic
903 2215 1057 2268 doleat,
1084 2227 1130 2258 ut
1160 2219 1351 2270 recreari,
1380 2222 1530 2261 confir-

101 2272 290 2328 marique
312 2287 395 2313 non
424 2272 569 2328 possit,
591 2287 642 2313 ne
667 2272 851 2313 divinum
879 2272 1047 2328 quidem
1075 2289 1228 2320 numen
1261 2275 1445 2327 horrere,
1465 2290 1530 2317 sa·

131 2328 349 2370 ientissimi
380 2328 572 2369 homines
601 2328 908 2384 prodiderunt?
951 2329 1127 2385 impium
1158 2341 1297 2372 autem
1329 2340 1406 2382 est,
1437 2333 1531 2389 qui-

101 2343 182 2426 bus
212 2384 413 2426 debemus
443 2386 598 2436 omnia,
628 2385 676 2426 iis
716 2386 940 2440 pessimam
981 2387 1133 2427 referre
1161 2388 1354 2442 gratiam.
1386 2398 1533 2430 contra

102 2455 212 2491 vero,
244 2440 316 2496 qui
341 2440 516 2482 deorum
540 2441 742 2483 voluntati
774 2452 1015 2497 paruerunt,
1044 2443 1231 2499 nihilque
1257 2460 1315 2495 se,
1336 2445 1449 2500 quod
1478 2446 1532 2486 ab

101 2497 182 2539 illis
209 2497 322 2538 ultro
351 2496 531 2549 daretur,
553 2498 729 2539 moleste
756 2499 862 2539 ferre
892 2499 1216 2551 declaraverunt,
1248 2515 1320 2541 eos
1348 2516 1431 2542 non
1463 2515 1532 2542 so-

99 2553 190 2595 lum
212 2553 395 2605 viventes,
414 2555 626 2610 praecipua
652 2555 775 2595 laude
799 2555 960 2596 ornavit
986 2556 1226 2612 antiquitaS,
1254 2557 1327 2598 sed
1353 2557 1480 2598 etiam
1510 2573 1532 2598 e

101 2610 183 2651 vita
213 2623 404 2665 egressos
442 2619 644 2666 perpetuo
674 2611 806 2652 coluit
845 2612 1018 2653 honore.
1054 2613 1180 2668 idque
1210 2628 1260 2654 eo
1292 2613 1532 2665 studiosius,

101 2680 150 2707 ac
178 2666 387 2716 libentius,
413 2666 446 2706 si
475 2681 579 2722 quos
610 2667 814 2708 intellexit
845 2683 943 2709 cum
974 2668 1151 2709 deorum
1181 2670 1301 2710 cultu
1329 2669 1533 2711 exercita-

102 2722 260 2763 tionem
290 2722 467 2773 virtutis,
509 2733 552 2764 et
588 2724 842 2778 praecipuam
882 2725 924 2765 in
963 2725 1162 2768 mortales
1201 2726 1532 2778 beneficentiam,

103 2778 383 2835 conjunxisse.
422 2779 524 2819 scite
562 2780 769 2834 profecto,
808 2790 856 2822 ut
892 2790 1031 2822 cetera
1068 2781 1198 2822 ferme
1237 2781 1391 2822 omnia.
1433 2780 1533 2838 quid

100 2835 212 2875 enim
232 2835 382 2890 majori
410 2834 532 2875 laude
555 2835 749 2890 dignum,
769 2850 819 2877 ex
838 2837 1034 2878 omnibus
1056 2837 1181 2878 rebus
1202 2837 1394 2879 humanis
1413 2853 1531 2880 com-
