1844 3202
268 97 346 132 624
794 94 871 132 DE
909 92 1169 134 LEGIBUS

269 211 342 242 aut
361 200 415 242 ad
433 201 701 243 Vennonium
722 202 887 244 venias:
919 218 1177 259 quamquam
1205 217 1255 244 ex
1287 203 1350 245 his
1372 203 1478 245 alius
1497 203 1579 246 alio
1602 203 1696 259 plus

268 258 398 321 babet
417 257 579 308 virium,
602 267 741 299 tamen
761 259 861 314 quid
885 268 971 300 tam
993 260 1113 310 exile,
1135 275 1259 315 quam
1282 261 1347 302 isti
1369 263 1543 302 omnes?
1587 262 1694 301 Fan-

271 313 328 354 nii
359 323 498 355 autem
530 324 652 356 aetate
682 315 933 378 conjunctus
962 317 1185 371 Antipater
1216 317 1358 371 paullo
1388 317 1544 357 inflavit
1572 317 1698 357 vehe-

271 370 466 434 mentius,
482 370 711 426 habuitque
731 386 834 412 vires
854 382 1040 426 agrestes
1063 372 1132 412 ille
1153 373 1320 427 quidem
1346 382 1472 427 atque
1493 372 1699 422 horridas,

272 426 360 467 sine
381 426 528 478 nitore,
549 441 596 467 ac
617 427 824 482 palaestra,
843 427 914 468 sed
936 436 1076 469 tamen
1097 428 1322 469 admonere
1342 429 1523 484 reliquos
1543 428 1698 484 potuit,

270 492 318 523 ut
339 483 572 524 accuratius
595 483 837 524 scriberent.
887 485 994 524 Ecce
1016 494 1155 525 autem
1178 499 1414 525 successere
1435 485 1533 526 huic
1555 483 1698 534 Gellii,

273 538 463 589 Clodius,
486 539 662 589 Asellio,
685 539 786 580 nihil
807 539 860 580 ad
883 539 1082 591 Coelium,
1105 540 1177 581 sed
1196 541 1336 595 potius
1357 539 1408 580 ad
1427 541 1697 596 antiquorum

234 604 257 642 7
270 595 532 659 languorem,
560 605 684 651 atque
714 596 934 637 inscitiam,
994 598 1107 637 Nam
1142 606 1177 627 14
1192 596 1292 652 quid
1322 598 1517 637 Macrum
1551 610 1699 636 nume-

271 653 388 692 1em?
421 653 542 706 cujus
561 652 794 707 loquacitas
816 651 942 693 habet
961 653 1118 708 aliquid
1141 653 1426 708 argutiarum3
1459 667 1534 693 nec
1562 652 1605 692 id
1634 661 1699 692 ta-

270 723 366 748 men
388 723 436 748 ex
460 707 529 748 illa
549 708 711 748 erudita
728 709 977 749 Graecorum
998 709 1104 764 copi
1095 725 1132 760 1,
1153 710 1225 750 scd
1250 718 1285 741 1⁵
1304 723 1354 749 ex
1372 708 1594 750 librariolis
1614 708 1702 748 La-

270 764 394 804 tinis:
427 764 468 804 in
497 765 756 805 orationibus
783 774 923 805 autem
956 765 1114 806 multus
1143 776 1186 807 et
1212 766 1392 820 ineptuS,
1414 764 1466 805 ad
1487 778 1698 805 summam

269 819 590 884 impudentiam.
649 820 836 870 Sisenna,
865 821 954 876 ejus
985 822 1158 871 amicus,
1188 836 1334 862 omnes
1363 820 1500 861 adhuc
1531 828 1699 861 nostros

270 876 506 931 scriptores,
530 877 607 917 nisi
637 877 708 932 qui
738 877 847 918 forte
877 877 1064 918 nondum
1095 878 1330 928 ediderunt,
1352 877 1403 917 de
1433 877 1584 932 quibus
1611 877 1699 917 exi-

270 932 439 973 stimare
461 947 543 973 non
564 947 801 988 possumus,
822 933 944 973 facile
965 934 1184 988 superavit.
1226 935 1266 974 Is
1286 944 1428 974 tamen
1450 948 1584 997 neque
1604 948 1699 974 ora-

269 998 336 1029 tor
370 989 411 1028 in
447 1003 621 1029 numero
656 997 791 1029 vestro
826 1004 1028 1044 umquam
1057 1000 1121 1030 est
1151 990 1332 1038 habitus,
1370 998 1413 1030 et
1448 1005 1490 1030 m
1526 989 1699 1030 historia

268 1044 427 1099 puerile
457 1039 658 1100 quiddam
689 1053 981 1086 consectatur:
1012 1055 1059 1085 ut
1089 1061 1220 1086 unum
1253 1045 1532 1095 Clitarchum,
1561 1059 1699 1100 neque

270 1108 471 1157 praeterea
492 1115 763 1165 quemquam,
780 1100 833 1141 de
855 1100 1015 1142 Graecis
1035 1101 1190 1156 legisse
1209 1101 1416 1142 videatur:
1438 1115 1535 1141 eum
1556 1110 1700 1142 tamen

269 1156 375 1197 velle
405 1157 609 1198 duntaxat
637 1157 816 1197 imitari:
848 1172 974 1212 quem
1004 1157 1035 1197 si
1070 1157 1235 1212 assequi
1256 1166 1414 1212 posset,
1435 1157 1699 1213 aliquantum

228 1218 259 1246 b
272 1212 324 1253 ab
349 1213 513 1268 optimo
539 1222 680 1254 tamen
711 1214 887 1254 abesset.
947 1215 1089 1255 Ouare
1120 1223 1241 1254 tuum
1271 1223 1335 1254 est
1364 1228 1545 1254 munus.
1574 1213 1656 1254 hoc
1676 1227 1702 1254 a

225 1266 314 1312 3te
347 1278 639 1324 exspectatur:
677 1269 754 1310 nisi
789 1269 890 1333 quid
922 1257 1085 1311 Quinto
1119 1269 1281 1310 videtur
1310 1284 1442 1310 500115.
1500 1271 1557 1312 O
1588 1269 1701 1310 Mihi

236 1339 258 1370 8
272 1340 368 1366 vero
389 1326 520 1367 nihil:
552 1336 596 1367 et
615 1340 727 1380 saepe
747 1325 799 1366 de
819 1326 900 1367 isto
921 1326 1120 1367 collocuti
1141 1340 1299 1367 sumus.
1329 1325 1402 1366 sed
1423 1335 1486 1367 est
1504 1313 1700 1389 quaedam

269 1382 379 1423 inter
400 1398 474 1423 nos
497 1397 622 1438 parva
639 1382 857 1424 dissensio.
916 1383 1009 1423 Att.
1031 1384 1138 1424 Ouae
1161 1382 1358 1423 tandem?
1400 1383 1457 1424 Q..
1484 1383 1526 1422 A
1547 1381 1700 1437 quibus

272 1439 533 1494 temporibus
565 1438 771 1480 scribendi
801 1438 939 1494 capiat
965 1439 1198 1479 exordium.
1229 1452 1310 1493 ego
1332 1438 1444 1479 enim
1466 1438 1519 1479 ab
1540 1438 1701 1479 ultimis

270 1510 437 1545 censeo,
459 1497 658 1551 quoniam
683 1495 755 1535 illa
774 1496 832 1536 510
853 1496 1006 1551 scripta
1027 1503 1137 1546 sunt,
1158 1503 1203 1535 ut
1224 1509 1275 1535 ne
1296 1495 1491 1550 legantur
1506 1494 1700 1550 quidem:

268 1552 358 1607 ipse
387 1563 531 1593 autem
562 1552 764 1607 aequalem
798 1553 930 1592 aetatis
961 1567 1045 1592 suae
1076 1551 1325 1592 memoriam
1355 1551 1559 1607 deposcit,
1581 1558 1628 1592 ut
1652 1565 1703 1591 ea

269 1608 590 1672 complectatur,
611 1608 793 1663 quibus
784 1623 871 1672 ipse
891 1608 1094 1648 interfuit.
1151 1609 1244 1649 Att.
1276 1610 1369 1662 Ego
1390 1622 1486 1648 vero
1506 1607 1604 1648 111110
1625 1621 1703 1662 po-

270 1664 353 1705 tius
378 1665 594 1706 assentior.
626 1674 723 1705 sunt
752 1665 863 1705 enim
897 1665 1090 1705 maximae
1119 1679 1185 1705 res
1214 1664 1257 1704 in
1287 1664 1365 1705 hac
1397 1664 1616 1714 memoria,
1635 1674 1699 1704 at-

269 1735 352 1776 que
373 1729 496 1762 aetate
519 1730 661 1762 nostra
679 1738 687 1761 z
719 1730 810 1762 tum
830 1730 971 1762 autem
992 1721 1174 1761 hominis
1194 1720 1450 1772 amicissimi,
1472 1720 1554 1761 Cn.
1574 1721 1701 1760 Pom-

269 1777 368 1832 peii,
388 1778 533 1819 laudes
554 1777 793 1819 illustrabit.
825 1778 1010 1818 incurret
1038 1777 1162 1818 etiam
1187 1778 1228 1817 111
1250 1777 1460 1818 illuminet
1490 1790 1700 1817 memora-

269 1833 397 1874 bilem
427 1849 583 1875 annum
615 1849 753 1875 suum.
786 1849 880 1889 quae
909 1834 963 1874 ab
992 1834 1074 1874 isto
1105 1834 1217 1874 malo
1248 1833 1480 1888 praedicari,
1501 1847 1626 1888 quam
1653 1841 1703 1873 ut

268 1890 401 1942 aiunt,
430 1890 482 1931 de
518 1892 652 1931 Remo
686 1899 728 1932 et
761 1889 958 1931 Romulo.
1017 1891 1082 1930 M.
1120 1890 1319 1945 Intelligo
1349 1889 1545 1945 equidem
1579 1903 1603 1929 a
1632 1903 1700 1929 me

269 1946 397 1988 istum
423 1947 611 1988 laborem
639 1946 806 2002 jamdiu
830 1945 1048 2001 postulari,
1071 1947 1242 1987 Attice:
1275 1961 1401 2001 quem
1428 1960 1510 1985 11011
1533 1960 1700 1986 1001155-

270 2017 373 2054 rem,
396 2003 429 2044 si
459 2004 563 2044 mihi
593 2003 727 2044 ullum
759 2003 1013 2043 tribueretur
1042 2017 1219 2043 vacuum
1246 2010 1413 2057 tempus
1439 2010 1483 2042 et
1506 2001 1700 2042 liberum.

270 2073 424 2124 neque
421 2060 533 2100 enim
555 2069 765 2114 occupata
783 2073 924 2114 opera,
946 2073 1080 2114 neque
1101 2057 1304 2113 impedito
1327 2058 1483 2108 animo,
1499 2072 1564 2098 res
1586 2066 1704 2099 tanta

272 2116 427 2170 suscipi
446 2124 600 2170 potest.
622 2125 850 2171 utrumque
870 2129 975 2170 opus
995 2125 1072 2165 est,
1091 2123 1133 2155 et
1154 2129 1253 2155 cura
1273 2128 1430 2165 vacare,
1450 2123 1493 2155 et
1512 2114 1703 2169 negotio.

235 2172 365 2215 9Att.
389 2171 535 2214 Quid?
568 2171 621 2212 ad
643 2181 782 2212 cetera
805 2174 914 2227 (quae
946 2171 1146 2227 scripsisti
1176 2170 1310 2226 plura,
1331 2185 1459 2226 quam
1479 2171 1702 2226 quisquam

270 2242 294 2268 e
317 2229 488 2281 nostris)
513 2228 629 2283 quod
650 2228 726 2269 tibi
747 2229 917 2269 tandem
939 2236 1105 2283 tempus
1126 2242 1303 2269 vacuum
1323 2227 1403 2268 fuit
1421 2241 1666 2268 concessum
1685 2228 1699 2267 ?

270 2285 338 2325 M.
367 2284 591 2326 Subseciva
620 2285 814 2349 quaedam
846 2293 1037 2340 tempora
1071 2284 1303 2334 incurrunt,
1333 2299 1427 2339 quae
1457 2297 1539 2339 ego
1568 2284 1703 2338 perire

270 2355 355 2382 non
375 2342 538 2396 patior:
570 2349 618 2382 ut
644 2341 750 2396 siqui
771 2340 859 2382 dies
880 2340 933 2382 ad
953 2340 1239 2382 rusticandum
1260 2340 1345 2381 dati
1367 2340 1461 2390 sint,
1482 2340 1536 2380 ad
1554 2354 1702 2381 eorum

270 2412 493 2438 numerum
513 2397 902 2447 accommodentur,
921 2412 1014 2453 quae
1032 2397 1268 2439 scribimus.
1298 2371 1488 2437 Historia
1507 2410 1603 2437 vero
1625 2410 1701 2438 nec

268 2453 430 2496 institui
450 2463 603 2510 potest,
627 2454 704 2495 nisi
729 2462 964 2510 praeparato
994 2454 1082 2495 otio
1100 2469 1112 2504 3
1144 2467 1221 2495 nec
1243 2453 1396 2511 exiguo
1418 2462 1607 2509 tempore
1630 2453 1706 2494 ab·

315 2607 352 2630 14
369 2599 444 2642 quid
458 2599 595 2630 Mtcrum
610 2598 773 2638 numerum]
790 2600 842 2630 Sic
858 2609 897 2630 ex
913 2609 964 2630 ve·
1009 2600 1033 2631 is
1050 2610 1114 2631 non
1131 2600 1189 2631 suit
1204 2601 1383 2637 historicus,
1399 2600 1452 2631 sed
1468 2601 1570 2639 poe'ta.

271 2649 332 2673 tere
356 2643 489 2673 lectione
505 2643 626 2679 Aenon,
644 2652 717 2682 quae
740 2644 771 2672 in
794 2643 861 2673 aliis
885 2643 1090 2674 Mss.15
1116 2654 1151 2672 ex
1169 2642 1326 2672 librariolis
1343 2642 1477 2682 Latinis]
1498 2644 1517 2672 i.
1531 2652 1558 2671 0.
1579 2651 1596 2671 0
1617 2641 1704 2673 libris

269 2694 388 2725 reperta
403 2693 460 2722 est,
477 2693 626 2724 extatque
639 2687 712 2715 etin
724 2686 830 2716 Guelf.
844 2687 965 2716 sactum
1004 2685 1138 2724 jejunis,
1154 2688 1207 2726 qui
1232 2696 1251 2715 a
1274 2686 1437 2717 librariolis
1452 2691 1625 2715 emuntur:
1649 2694 1704 2724 op-

270 2736 315 2758 est
341 2739 359 2758 a
386 2729 515 2768 Sigonio
538 2736 569 2758 et
591 2729 671 2765 aliis,
690 2736 916 2768 receptumque
933 2729 965 2758 in
1008 2737 1172 2767 ponuntur
1194 2729 1323 2759 eruditae
1346 2730 1532 2761 Graecorum
1555 2727 1666 2766 copiae,
1683 2728 1704 2759 i.

270 2777 394 2801 textum
426 2782 444 2802 a
474 2772 613 2802 Davisio.
667 2772 746 2801 Edd.
774 2772 964 2810 antiquiores
1008 2781 1035 2802 e.
1057 2773 1157 2812 copiae
1180 2772 1333 2804 librorum
1358 2772 1544 2805 Graecorum
1567 2771 1704 2811 optimo-

271 2814 388 2844 habent
405 2815 537 2853 Accium,
554 2815 740 2846 recentiores
755 2814 870 2845 Atium,
905 2814 966 2846 Sed
1009 2824 1093 2853 rum.
