1844 3202
661 145 1017 186 PARADoxA.
1475 150 1553 194 ⁸49

122 267 366 298 mansurum
397 255 477 299 sibi
505 268 637 297 unum
666 253 793 295 diem.
851 256 960 296 Eum
992 261 1041 295 tu
1070 252 1287 295 hominem
1316 261 1485 306 terreto,
1516 253 1550 295 si

121 326 245 367 quem
274 312 354 354 eris
388 320 547 362 nactus,
577 310 666 351 istis
696 310 859 362 mortis,
888 319 962 352 aut
990 309 1123 351 exsilii
1152 309 1290 351 minis.
1324 310 1427 350 mihi
1452 325 1549 352 vero

151 368 328 425 uidquid
349 367 546 410 acciderit
576 367 617 408 in
649 376 734 408 tam
768 367 933 422 ingrata
957 366 1136 416 civitate,
1157 379 1209 406 ne
1229 367 1436 406 recusanti
1454 367 1549 422 qui-

118 383 214 466 dem
237 424 430 474 evenerit,
454 432 490 456 ¹2
509 438 592 464 non
614 424 743 464 modo
765 438 849 464 non
872 422 1137 479 repugnanti.
1196 421 1311 478 Quid
1332 422 1444 462 enim
1466 437 1548 477 ego

118 480 314 530 laboravi,
334 488 408 521 aut
427 480 528 536 quid
549 480 633 535 egi,
654 488 726 521 aut
746 480 787 520 in
807 494 892 535 quo
912 479 1211 534 evigilaverunt
1231 493 1342 519 curae
1363 487 1406 518 et
1426 480 1546 533 cogi-

117 536 296 577 tationes
322 551 442 587 meae,
471 538 505 578 si
536 536 707 593 quidem
730 536 832 577 nihil
864 537 1006 592 peperi
1039 535 1137 586 tale,
1163 534 1265 575 nihil
1296 545 1546 576 consecutus

116 605 224 640 sum,
245 601 291 633 ut
320 607 372 634 eo
402 602 514 634 statu
544 607 693 643 essem,
714 606 838 648 quem
867 607 1001 647 neque
1022 592 1201 633 fortunae
1222 591 1450 641 temeritas,
1471 606 1544 632 ne-

115 660 198 703 que
220 648 488 690 inimicorum
511 649 782 690 labefactaret
804 648 982 704 injuria?
1016 647 1260 689 Mortemne
1288 647 1392 688 mihi
1420 647 1543 688 mini-
1554 659 1586 688 p.
1602 657 1673 684 ²1⁹·

112 704 226 755 taris,
247 714 295 746 ut
313 707 486 747 omnino
515 707 567 746 ab
598 706 865 755 hominibu83
897 720 949 745 an
970 705 1156 755 exilium,
1179 713 1228 745 ut
1257 705 1310 745 ab
1342 701 1583 759 improbis³'

111 759 432 816 demigrandum
463 763 545 804 sit?
579 777 692 803 mors
719 761 914 802 terribilis
942 770 1006 802 est
1036 761 1100 812 iis,
1131 775 1309 817 quorum
1338 775 1435 801 cum
1462 761 1546 802 vita

113 817 255 858 omnia
275 819 599 874 exstinguuntur
618 835 628 868 3
661 833 744 859 non
765 818 829 868 iis,
851 832 1034 873 quorum
1066 817 1156 858 laus
1187 817 1321 858 emori
1342 830 1427 857 non
1447 827 1546 873 pot-

111 882 175 914 est
195 889 205 913 :
236 875 406 915 exilium
434 885 575 916 autem
595 875 690 926 illis,
713 875 865 930 quibus
886 874 1003 930 quasi
1023 873 1362 928 circumscriptus
1385 882 1449 914 est
1468 874 1545 915 ha-

110 928 272 971 bitandi
304 930 450 981 locus3
482 946 566 972 non
599 931 662 982 iis,
691 931 762 987 qui
791 945 961 972 omnem
990 931 1136 971 orbem
1166 940 1386 981 terrarum,
1416 945 1545 973 unam

110 985 259 1027 urbem
290 1002 381 1028 esse
410 988 586 1029 ducunt.
645 989 707 1029 Te
730 987 923 1039 miseriae,
942 995 984 1028 te
1009 1002 1208 1028 aerumnae
1236 996 1449 1042 premunt,
1471 987 1543 1043 qui

109 1051 152 1082 te
174 1042 361 1094 beatum,
381 1045 453 1101 qui
474 1046 695 1085 florentem
718 1054 840 1099 putas
859 1062 867 1085 z
908 1054 992 1085 tuae
1023 1043 1215 1084 libidines
1245 1054 1286 1084 te
1315 1052 1541 1100 torquent:

109 1105 154 1139 tu
177 1099 282 1151 dies,
303 1111 533 1158 noctesque
558 1101 780 1151 cruciaris3
812 1100 880 1141 cui
906 1114 982 1141 nec
1004 1109 1067 1140 sat
1087 1110 1164 1150 est,
1183 1100 1298 1155 quod
1317 1108 1394 1152 est,
1414 1109 1456 1141 et
1475 1100 1541 1142 id-

109 1154 263 1210 ipsum,
285 1171 336 1197 ne
366 1172 450 1198 non
478 1158 531 1198 sit
558 1157 821 1208 diuturnum,
842 1157 991 1198 times:
1024 1166 1065 1197 te
1093 1156 1361 1197 conscientiae
1389 1157 1541 1199 stimu-

105 1210 195 1252 lant
216 1213 518 1254 maleficiorum
538 1224 736 1254 tuorum:
768 1222 810 1254 te
840 1222 976 1254 metus
1004 1213 1244 1254 exanimant
1264 1213 1540 1268 judiciorum,

106 1275 233 1324 atque
253 1268 426 1324 legum:
458 1284 731 1325 quocumque
760 1269 1000 1324 adspexisti,
1026 1279 1073 1310 ut
1102 1269 1236 1320 furiae,
1258 1269 1316 1310 sic
1346 1278 1431 1312 tuae
1461 1270 1540 1312 tibi

105 1335 335 1366 occurrunt
369 1325 547 1381 injuriae,
584 1341 679 1382 quae
716 1335 757 1366 te
790 1327 991 1381 respirare
1027 1341 1111 1366 non
1147 1327 1301 1367 sinunt.
1375 1328 1540 1384 Quam-

105 1380 253 1422 obrem
283 1391 330 1422 ut
355 1383 564 1437 improbo,
586 1391 628 1423 et
649 1383 796 1433 stulto,
819 1393 862 1423 et
886 1382 1008 1423 inerti
1028 1382 1185 1423 nemini
1205 1383 1311 1423 bene
1331 1397 1421 1423 esse
1441 1393 1538 1439 pot-

103 1447 194 1478 est:
227 1438 286 1479 sic
306 1439 444 1480 bonus
465 1439 538 1489 vir,
560 1449 601 1480 et
625 1439 760 1490 fortis,
782 1448 825 1481 et
855 1439 1033 1494 sapiens,
1052 1439 1178 1480 miser
1204 1452 1295 1479 esse
1327 1454 1410 1480 non
1440 1450 1536 1495 pot-

104 1504 182 1534 est.
243 1495 335 1536 Nec
367 1509 478 1545 vem,
509 1495 631 1551 cujus
661 1496 804 1546 virtus,
832 1509 1056 1551 moresque
1085 1494 1283 1536 laudandi
1314 1504 1424 1547 sunt,
1445 1496 1537 1553 ejus

104 1564 188 1590 non
213 1550 424 1593 laudanda
452 1552 535 1592 vita
565 1560 628 1593 est
648 1569 658 1593 ε
691 1566 827 1608 neque
847 1566 972 1607 porro
992 1551 1194 1607 fugienda
1215 1552 1310 1603 vita,
1330 1567 1423 1609 quae
1444 1553 1537 1594 lau-

102 1604 241 1647 danda
269 1617 347 1648 est.
378 1617 488 1649 esset
517 1617 659 1649 autem
690 1608 907 1663 fugienda,
939 1608 973 1648 si
1002 1618 1114 1649 esset
1142 1608 1309 1649 misera.
1370 1609 1536 1650 Quam-

101 1662 249 1704 obrem
271 1663 477 1720 quidquid
495 1674 559 1705 est
579 1665 804 1716 laudabile,
826 1664 938 1705 idem
966 1674 1010 1706 et
1038 1664 1226 1716 beatum,
1247 1674 1289 1706 et
1309 1666 1475 1718 florens,
1493 1675 1537 1712 et

100 1720 383 1775 expetendum
408 1729 444 1753 13
463 1721 589 1762 videri
611 1720 749 1763 debet.

569 1819 946 1860 PARADOXON
986 1819 1068 1860 III.

260 1894 352 1936 “Ora
372 1894 438 1936 ’ἶσα
457 1898 505 1936 τά
527 1896 794 1952 ἁμαρτήματα,
817 1897 878 1936 καὶ
899 1899 948 1935 ταὶ
967 1895 1258 1952 κατορθώματα.

267 1952 474 2008 AEqualz'a
495 1968 577 1994 esse
593 1960 776 2007 peccata,
797 1959 836 1993 et
858 1959 963 1993 recte
969 1951 1111 2008 facta.

155 2029 296 2081 Parva,
316 2030 469 2086 inquis,
489 2038 552 2071 res
573 2039 660 2071 est:
693 2039 736 2071 at
764 2044 922 2085 magna
945 2030 1083 2085 culpa.
1116 2044 1191 2070 nec
1213 2029 1324 2070 enim
1342 2041 1530 2086 peccata,
1548 2033 1574 2079 1

97 2099 236 2126 rerum
266 2097 430 2137 eventu,
461 2087 535 2127 sed
564 2086 670 2127 vitiis
700 2087 922 2128 hominum
953 2086 1165 2128 metienda
1193 2095 1304 2127 sunt.
1367 2089 1416 2128 In
1444 2104 1532 2144 quo

95 2151 310 2197 peccatur,
333 2143 374 2183 id
396 2152 537 2198 potest
558 2143 674 2184 aliud
702 2143 785 2184 alio
813 2142 952 2199 majus
972 2157 1076 2194 esse,
1096 2151 1170 2185 aut
1190 2143 1329 2185 minus
1349 2161 1358 2184 z
1389 2145 1529 2199 ipsum

97 2198 269 2253 quidem
291 2199 396 2240 illud
417 2213 606 2255 peccare,
626 2214 800 2256 quoquo
819 2200 1002 2250 verteris,
1025 2215 1159 2241 unum
1185 2208 1262 2241 est.
1319 2201 1430 2242 Auri
1454 2217 1528 2243 na-
1540 2210 1572 2242 b.

95 2268 190 2295 vem
220 2265 378 2296 evertat
407 2257 680 2311 gubernator,
711 2271 764 2297 an
792 2256 922 2312 paleae
938 2272 951 2307 3
982 2257 1025 2296 in
1055 2271 1100 2297 re
1129 2255 1456 2311 aliquantulum,
1486 2259 1528 2300 in

95 2311 390 2365 gubernatoris
424 2312 643 2353 inscientia
678 2312 782 2353 nihil
817 2314 1002 2355 interest.
1059 2314 1200 2368 Lapsa
1229 2323 1293 2354 est
1322 2313 1456 2357 libido
1487 2315 1530 2357 in

94 2366 271 2408 muliere
300 2368 475 2424 ignota:
507 2368 629 2410 dolor
658 2369 711 2410 ad
736 2369 954 2425 pauciores
983 2369 1177 2424 pertinet,
1201 2384 1331 2424 quam
1351 2370 1386 2412 si
1403 2380 1528 2427 petu-

93 2423 184 2465 lans
217 2423 362 2466 fuisset
396 2426 437 2465 in
470 2426 610 2481 aliqua
639 2440 846 2481 generosa
874 2440 922 2467 ac
953 2425 1084 2471 nobili
1113 2425 1303 2482 virgine:
1341 2428 1530 2481 peccavit

93 2493 192 2520 vero
214 2479 501 2532 nihilominus,
523 2483 556 2523 si
579 2482 747 2538 quidem
776 2492 840 2523 est
866 2497 1053 2538 peccare,
1075 2491 1295 2538 tamquam
1324 2484 1529 2526 transilire

91 2535 252 2577 lineas:
282 2537 398 2592 quod
427 2553 523 2579 cum
552 2539 714 2589 feceris,
735 2539 861 2595 culpa
884 2539 1110 2580 commissa
1128 2549 1219 2580 est:
1252 2554 1379 2595 quam
1398 2539 1528 2596 longe

92 2593 380 2649 progrediare,
398 2608 496 2635 cum
514 2596 643 2636 semel
661 2596 883 2648 transieris,
908 2605 945 2628 14
955 2595 1009 2637 ad
1025 2595 1265 2652 augendam
1283 2597 1527 2639 transeundi

137 2701 174 2726 12
198 2705 252 2724 non
267 2694 345 2725 modo
360 2706 413 2725 non
434 2695 619 2737 repugnanti]
638 2698 785 2728 Alterum
829 2704 875 2727 est
894 2699 964 2736 jam
984 2698 1017 2727 in
1036 2698 1083 2728 ed.
1102 2698 1197 2728 Rom.
1214 2697 1292 2727 Ven.
1315 2703 1406 2732 1450.
1430 2698 1526 2728 bene—

90 2747 145 2767 non
160 2738 245 2768 male
259 2739 376 2769 excidit
391 2740 422 2769 in
440 2740 488 2769 ed.
507 2739 716 2771 Gronoviana.
829 2750 890 2780 que
909 2741 1064 2771 revocavit
1087 2741 1242 2771 Graevius.
1265 2739 1408 2770 alienum
1425 2748 1470 2771 est
1484 2741 1526 2773 ab

136 2786 172 2811 18
196 2780 295 2811 videri
314 2781 408 2820 debet]
431 2782 570 2812 Quidam
589 2782 671 2819 libri,
689 2784 786 2814 etiam
829 2784 890 2813 hac
904 2785 1060 2814 sententia
1074 2783 1162 2814 decet.

83 2821 161 2862 ⁸edd.
173 2832 220 2863 pr.
234 2825 396 2864 quaedam,
412 2833 445 2855 ut
462 2825 574 2855 Colon.
597 2825 686 2863 dece-t,
699 2827 786 2866 quod
873 2833 913 2855 14
942 2825 983 2854 ad
1009 2825 1170 2866 aagendam
1198 2823 1365 2853 transeundi
1393 2824 1521 2866 culpam]

90 2870 122 2899 ot
147 2865 301 2898 Gruterus
326 2869 470 2898 servavit.
496 2878 562 2899 non
588 2869 678 2900 bene.
705 2869 785 2899 debet
829 2868 867 2898 In
892 2868 988 2899 Palat.
1012 2878 1072 2899 scr.
1097 2878 1163 2899 non
1186 2875 1342 2908 repertum
1366 2876 1412 2898 est
1430 2876 1524 2900 trans?

833 2922 932 2965 313
