1844 3202
275 125 355 159 842
865 118 1104 159 LAELIUS

227 239 260 272 b.
273 227 493 270 hominum
513 235 639 285 atque
660 227 889 280 fallacium,
917 236 954 261 61
971 229 1024 270 ad
1044 228 1303 270 voluntatem
1323 228 1587 286 loquentium
1609 242 1705 274 orn·

206 291 258 332 92
274 285 355 336 nia,
377 285 479 327 nihil
499 285 550 327 ad
572 286 801 327 veritatem.
863 286 974 327 Cum
996 296 1136 326 autem
1159 286 1347 327 omniun]
1372 302 1508 327 rerum
1530 288 1703 330 simula-

271 342 333 382 tio
366 352 431 383 est
461 342 608 383 vitiosa
641 342 770 396 (tollit
802 342 914 383 enim
941 342 1153 398 judicium
1187 343 1286 407 veri3
1319 343 1445 407 idque
1477 344 1700 398 adulterat)

269 405 361 439 tum
393 399 588 440 amicitiae
618 409 826 463 repugnat
856 399 1051 439 maxime.
1082 397 1195 439 delet
1223 400 1333 439 enim
1365 400 1595 451 veritatem,
1617 400 1705 442 sine

269 469 355 510 qua
375 470 530 496 nomen
552 455 747 496 amicitiae
770 453 902 496 valere
921 470 1004 495 non
1024 464 1179 509 potest.
1199 469 1295 495 nam
1312 470 1408 497 cum
1428 456 1624 497 amicifiae
1645 456 1704 498 vis

267 511 322 552 sit
354 512 393 553 in
420 527 489 576 eo’.
509 520 553 552 ut
580 527 687 552 unus
717 511 836 567 quasi
864 511 1026 552 animus
1049 511 1120 552 fiat
1140 526 1190 551 ex
1210 511 1424 566 pluribus:
1457 517 1527 568 qui
1550 513 1591 554 id
1614 513 1704 555 fieri

268 568 438 622 poterit,
459 569 492 609 si
514 583 564 608 ne
584 568 625 608 in
649 582 733 608 uno
754 566 924 622 quidem
947 582 1118 623 quoque-
1138 582 1246 608 unus
1266 568 1428 609 animus
1450 569 1700 619 erit,ide1n⁴

203 635 254 678 93
267 639 353 679 que
393 639 585 679 semper3
617 623 689 664 sed
728 624 877 674 varius,
922 623 1252 673 commutabilis,
1294 625 1543 688 multiplex?
1584 626 1703 683 Ouid

267 681 379 721 enim
418 689 560 744 potest
603 694 693 721 csse
736 689 820 721 tam
863 681 1057 731 flexibile,
1096 689 1182 722 tam
1222 680 1406 731 devium,
1445 697 1570 737 quarn
1612 682 1704 723 ani-

265 752 362 778 mus
391 738 496 792 ejus,
519 737 591 793 qui
620 737 672 778 ad
703 736 871 778 alterius
902 752 987 778 non
1016 738 1148 778 modo
1167 752 1334 778 sensum
1355 752 1403 778 ac
1427 738 1702 791 voluntatem,

262 793 339 835 sed
359 793 488 835 etiam
507 793 669 835 vultum
691 803 819 850 atque
840 802 989 835 nutum
1011 795 1295 836 convertitur?

372 886 491 935 Negat
509 886 583 936 quis
600 888 621 922 ,θ
651 899 732 936 nego
749 901 761 922 :
791 886 843 923 ait
859 888 881 922 ἓ
910 887 975 924 aio.
988 893 1150 937 postremo
1169 886 1337 937 imperavi
1357 896 1481 936 egomet
1499 886 1594 933 mihi,

375 939 500 976 Omnia
520 941 700 983 assentari,

263 1021 312 1055 ut
334 1014 393 1055 ait
411 1013 523 1055 idem
543 1014 787 1055 Terentius.
814 1014 888 1055 sed
909 1014 979 1055 ille
1000 1014 1078 1056 sub
1100 1013 1340 1055 Gnathonis
1360 1028 1559 1070 persona:
1586 1011 1702 1072 quod

200 1075 253 1118 94
266 1071 390 1112 amici
422 1085 557 1126 genus
590 1071 806 1121 adhibere,
845 1071 1019 1112 omnino
1051 1071 1229 1112 levitatis
1258 1081 1335 1112 est.
1396 1072 1527 1113 Multi
1559 1082 1703 1114 autem

266 1127 541 1169 Gnathonum
565 1128 720 1168 similes
740 1142 837 1168 cum
862 1128 960 1179 sint,
980 1128 1091 1179 loco,
1114 1128 1296 1193 fortuna,
1319 1128 1430 1169 fama
1449 1129 1701 1185 superiores}

264 1183 417 1225 horum
438 1193 503 1225 est
521 1185 748 1226 assentatio
769 1184 964 1235 molesta,
985 1200 1081 1226 cum
1113 1184 1165 1225 ad
1187 1185 1409 1226 vanitatem
1432 1186 1606 1227 accessit
1625 1201 1699 1227 au-

198 1243 249 1283 95
265 1241 451 1282 ctoritas.
511 1241 680 1282 Secerni
715 1249 856 1282 autem
886 1241 1066 1282 blandus
1101 1242 1261 1282 amicus
1292 1256 1316 1282 a
1350 1257 1459 1292 vero,
1494 1252 1537 1284 et
1573 1243 1701 1284 inter-2·

264 1299 397 1349 nosci,
429 1309 516 1339 tam
546 1307 701 1353 potest,
733 1298 924 1339 adhibita
952 1298 1184 1362 diligentia,
1216 1314 1342 1354 quam
1374 1295 1514 1340 omnia
1542 1299 1700 1350 fucata,

263 1364 307 1395 et
335 1354 531 1396 simulata
560 1370 585 1395 a
613 1355 781 1395 sinceris
811 1365 939 1410 atque
958 1356 1078 1396 veris.
1141 1355 1318 1405 Concio,
1340 1371 1435 1411 quae
1458 1370 1505 1396 ex
1527 1356 1700 1411 imperi-

259 1411 433 1452 tissimis
454 1420 634 1463 constat,
656 1421 797 1453 tamen
819 1411 1012 1467 judicare
1032 1412 1153 1463 solet,
1176 1412 1276 1468 quid
1309 1412 1472 1453 intersit
1497 1412 1604 1453 inter
1623 1427 1702 1468 po-

261 1468 465 1523 pularem,
488 1468 530 1508 id
560 1478 638 1518 est,
659 1477 961 1509 assentatorem
993 1477 1036 1509 et
1065 1468 1197 1509 levem
1228 1469 1375 1518 civem,
1398 1477 1441 1510 et
1471 1469 1578 1510 inter
1597 1483 1702 1510 con·

261 1534 458 1576 stantem,
481 1539 547 1565 sex
550 1539 683 1575 erum,
706 1535 747 1566 et
766 1539 950 1580 gravem.
1008 1525 1177 1589 Ouibus
1198 1525 1410 1566 blanditiis
1437 1525 1488 1566 C.
1511 1524 1699 1580 Papirius

262 1596 397 1637 nuper
417 1581 649 1622 influebat
640 1596 681 1621 m
702 1596 821 1622 aures
849 1571 1079 1632 coneioms,
1100 1596 1197 1622 cum
1227 1582 1352 1623 ferret
1380 1582 1519 1637 legem
1540 1581 1593 1622 de
1626 1582 1700 1623 ni-

197 1640 252 1687 96
263 1638 385 1679 bunis
406 1638 540 1693 plebis
561 1638 821 1678 reficiendis?
853 1639 1144 1679 Dissuasimus
1167 1653 1258 1678 nos.
1306 1638 1389 1679 Sed
1411 1638 1512 1680 nihil
1533 1638 1585 1679 de
1606 1653 1700 1680 me·

261 1694 315 1736 de
345 1695 542 1750 5011110116
563 1695 701 1735 dicam
731 1694 945 1736 libentius.
1004 1696 1176 1736 Ouanta
1204 1694 1289 1745 illa,
1321 1694 1378 1736 dii
1409 1695 1697 1737 immortales!

261 1751 347 1793 fuit
364 1752 574 1807 gravitas?
608 1760 765 1807 quanta
790 1751 834 1791 in
864 1751 1054 1792 oratione
1077 1751 1312 1824 majestas?
1336 1761 1383 1793 ut
1404 1752 1526 1793 facile
1546 1750 1699 1793 ducem

257 1809 407 1872 populi
429 1809 623 1859 Romani,
645 1815 684 1840 ⁶2
703 1823 786 1849 non
814 1808 1016 1849 comitem
1048 1808 1220 1849 diem-‚es
1242 1807 1315 1849 sed
1335 1808 1540 1850 affuistis·
1573 1817 1615 1850 et
1635 1816 1700 1851 est

257 1880 301 1905 1n
322 1865 516 1906 manibus
546 1865 695 1906 oratio.
724 1865 866 1920 itaque
891 1865 957 1905 lex
985 1864 1214 1920 popularis,
1235 1865 1327 1906 suff,
1319 1865 1446 1921 ragiis
1453 1865 1611 1930 ‘populi
1632 1880 1700 1906 re-

257 1922 433 1977 pudicita
451 1930 527 1963 est.
587 1924 746 1978 Atque,
768 1932 816 1963 ut
842 1921 895 1962 ad
916 1936 985 1962 me
1007 1921 1117 1962 rede
1118 1937 1204 1973 un
1236 1936 1317 1962 me
1307 1922 1500 1973 ninistis,
1521 1922 1576 1963 O.
1600 1923 1700 1963 Ma·

258 1979 389 2028 ximo,
412 1979 536 2020 fratre
567 1979 791 2034 Scipionis,
821 1988 863 2019 et
888 1980 937 2018 L.
960 1978 1164 2019 Mancino
1192 1974 1453 2028 consulibus,
1474 1993 1601 2034 quam
1619 1992 1696 2034 po-

258 2035 391 2090 pulai
382 2050 416 2076 15
446 2035 511 2076 lex
540 2034 592 2076 de
623 2035 868 2076 sacerdotiis
900 2035 951 2075 C.
984 2035 1073 2076 Lici
1079 2035 1133 2076 nii
1169 2035 1312 2076 Crassi
1339 2035 1589 2076 videbatur?
1622 2049 1698 2075 eo-

259 2093 423 2146 optatio
452 2093 564 2132 enim
597 2092 875 2146 collegiorum
898 2091 950 2132 ad
981 2092 1126 2147 populi
1148 2091 1395 2132 beneficium
1419 2092 1698 2133 transfereba-

128 2157 160 2191 P
177 2157 248 2180 111·
260 2156 341 2189 tur.
399 2149 543 2203 Atque
572 2148 606 2189 is
625 2149 809 2203 primum
842 2148 1025 2189 instituit
1054 2149 1096 2188 i11
1118 2149 1258 2188 forum
1278 2162 1431 2199 verme,
1451 2162 1577 2204 agere
1596 2162 1696 2188 cum

217 2203 434 2260 ³·popu10.
476 2214 614 2245 tamen
652 2205 762 2245 illius
792 2205 1042 2245 xcndibilcm
1075 2205 1309 2245 orationem
1341 2205 1490 2259 religio
1520 2205 1698 2246 deorum

257 2262 577 2311 1Π111101ῖ11111111,
599 2262 720 2302 nobis
752 2261 1087 2312 defendentibus,
1120 2261 1240 2302 lacile
1273 2261 1478 2302 vincebat.
1507 2271 1548 2302 at
1582 2260 1697 2303 ueid

257 2330 397 2359 actum
422 2328 484 2359 cst
505 2327 684 2374 praetoie
704 2333 788 2368 mc,
818 2318 1104 2374 quinquennio
1134 2327 1244 2368 ante,
1265 2332 1391 2380 quam
1421 2276 1579 2358 consull
1601 2332 1695 2358 sum

258 2376 409 2416 factus.
432 2375 477 2415 it
467 2390 573 2430 ique
603 2391 647 2415 rc
679 2375 831 2439 magis,
853 2390 979 2430 quam
1007 2389 1173 2416 summa
1193 2373 1457 2424 auctoritate,
1479 2389 1604 2415 causa
1624 2373 1697 2415 illa

174 2421 430 2474 Qssdesensa
457 2441 534 2472 est.
595 2432 724 2472 Ouod
755 2432 787 2471 si
818 2432 860 2471 in
891 2446 1029 2481 scena,
1061 2431 1102 2472 id
1132 2440 1208 2480 est,
1231 2431 1272 2470 in
1303 2431 1521 2481 concione,
1544 2428 1586 2471 in
1611 2445 1696 2486 qua

194 2500 244 2543 97
259 2489 381 2530 rebus
413 2488 534 2539 fictis,
556 2499 597 2529 et
598 2475 888 2529 adumbratis
916 2488 1000 2529 loci
1030 2487 1262 2543 plurimum
1293 2495 1371 2538 est,
1391 2496 1532 2529 tamen
1550 2502 1695 2530 veru-m

299 2610 337 2636 61
363 2604 404 2633 ad
426 2603 562 2633 voluntat
564 2614 606 2632 em
630 2601 805 2644 loquentium
827 2601 866 2641 ο.]
901 2602 953 2632 Sic
997 2602 1118 2641 primus
1156 2602 1300 2632 Graevius
1337 2602 1518 2633 ‘1-:7Imtatem
1549 2602 1696 2640 restituit,

255 2658 335 2678 mox
358 2647 399 2675 ad
419 2646 539 2676 alterius
564 2657 672 2675 sensum
699 2657 733 2674 ac
762 2645 952 2676 voluntatem.
997 2655 1094 2685 quem
1111 2655 1167 2675 nos
1190 2647 1288 2675 secuti
1305 2656 1430 2676 surnuS.

252 2699 326 2721 tum
344 2691 423 2721 infra
446 2699 473 2720 c.
491 2694 542 2720 26.
565 2689 606 2718 ad
627 2689 750 2728 ipsorum
772 2688 954 2717 voluntatem
1041 2693 1081 2718 62
1105 2699 1157 2716 non
1173 2688 1313 2726 comitem]
1336 2690 1406 2719 Hoc
1423 2698 1487 2719 non
1503 2687 1615 2717 habuit
1631 2688 1697 2718 Ms.

252 2745 341 2763 sermo
357 2733 518 2762 adhibetur.
537 2733 613 2762 item
636 2732 733 2772 inique
757 2731 797 2759 ad
817 2731 953 2760 volunta-
995 2731 1077 2761 Pith.
1101 2731 1332 2770 insititiumque
1350 2731 1514 2770 judicabat
1535 2730 1696 2767 Graevius,

253 2785 309 2805 tem
330 2777 449 2806 dicitur.
474 2783 505 2805 et
528 2776 709 2804 volumnum
729 2774 848 2804 habent
874 2774 952 2804 Mss.
995 2775 1070 2814 quia
1094 2774 1223 2804 nullum
1249 2776 1459 2805 commodum
1483 2782 1616 2805 sensum
1637 2775 1696 2804 ha-

250 2820 347 2849 etiam
372 2820 434 2850 Erf.
452 2829 536 2848 unus
550 2826 581 2848 et
597 2819 695 2848 Goth.
711 2819 764 2848 scd
781 2818 829 2846 cd.
845 2818 952 2848 statim
996 2818 1064 2849 bez:
1088 2817 1266 2859 delevitque
1283 2817 1495 2850 Alemannus.

251 2861 347 2894 Rom.
373 2863 470 2893 habet
494 2861 674 2902 volupmtem
697 2867 728 2892 et
754 2860 867 2894 Colon.
891 2862 953 2893 ἀει
