1844 3202
641 113 1038 154 FRAGMENTA.
1065 126 1069 131 ²
1470 118 1551 167 9¹⁷

127 231 262 266 vestra
299 235 525 279 sensusque
553 221 744 263 vincitur.
802 222 908 262 Haec
943 235 1027 278 ego
1064 220 1288 274 admirans,
1316 224 1545 269 referebam

127 289 270 321 tamen
300 280 446 322 oculos
474 278 527 320 ad
556 286 710 319 terram
739 277 982 319 identidem.
1040 279 1149 319 Tum
1172 279 1411 332 Africanus,
1442 282 1585 326 Seu-6

128 335 204 386 tio,
226 337 374 392 inquit,
394 345 436 377 te
455 334 594 376 sedem
625 334 751 375 etiam
777 348 886 375 nunc
914 333 1135 375 hominum
1167 348 1216 375 ac
1240 334 1414 378 domum
1446 353 1548 381 con-

126 393 345 447 templari:
376 406 468 447 quae
500 391 534 432 si
561 390 638 432 tibi
668 405 804 445 parva,
836 399 884 431 ut
909 400 987 441 est,
1016 390 1074 433 ita
1094 391 1270 442 videtur,
1297 391 1388 433 haec
1418 395 1546 436 coele-

126 449 206 489 stia
235 462 398 502 semper
428 456 645 502 spectato:
683 446 755 487 illa
787 447 970 488 humana
999 447 1271 488 contemnito.
1329 449 1396 489 Tu
1434 451 1546 493 enim

157 518 253 544 uam
281 503 566 544 celebritatem
600 503 802 544 sermonis
829 503 1064 553 hominum,
1092 511 1165 544 aut
1195 518 1321 559 quam
1353 514 1547 560 expeten-

122 517 222 600 dam
242 559 422 614 gloriam
442 560 639 615 consequi
660 561 808 614 potes?
841 559 954 600 vides
982 559 1162 601 habitari
1188 560 1230 600 in
1255 568 1364 601 terra
1383 561 1484 603 raris
1503 572 1547 605 et

123 617 315 670 angustis
343 616 385 656 in
416 616 547 658 loeis:
578 624 620 656 et
648 616 690 656 in
720 615 818 670 ipsis
847 615 966 670 quasi
994 616 1186 666 maculis,
1215 616 1287 657 ubi
1316 616 1546 671 habitatur,

80 668 82 670 ’
122 682 257 712 vastas
286 671 531 713 solitudines
556 671 819 727 interjectas:
850 671 1027 727 hosque,
1054 672 1126 727 qui
1158 672 1348 714 incolunt
1376 682 1546 727 terram,

125 741 209 768 non
234 727 364 769 modo
393 730 642 783 interruptos
676 728 733 768 ita
760 741 864 777 esse,
886 737 934 768 ut
961 728 1063 769 nihil
1096 728 1202 769 inter
1231 729 1344 784 ipsos
1375 730 1429 771 ab
1454 732 1547 773 aliis

123 784 178 824 ad
210 784 312 825 alios
340 799 507 826 manare
537 784 698 840 possit:
731 784 803 824 sed
830 784 982 839 partim
1012 784 1222 840 obliquos,
1250 786 1402 840 partim
1430 801 1545 828 aver-

124 854 207 890 sos,
228 841 378 894 partim
398 842 522 882 etiam
552 840 744 881 adversos
772 850 880 880 stare
899 840 1039 881 vobis:
1071 855 1096 880 a
1125 841 1276 896 quibus
1305 852 1545 897 exspectare

121 895 302 951 gloriam
330 907 442 938 certe
468 897 626 938 nullam
655 897 842 951 potestis.
903 896 1050 938 Cernis
1083 908 1224 941 autem
1255 899 1430 940 eandem
1461 908 1544 942 ter-

121 967 226 1003 ram,
248 954 365 1008 quasi
395 953 646 1008 quibusdam
672 952 906 993 redimitam
940 962 982 994 et
1005 953 1305 995 circumdatam
1334 955 1514 1011 cingulis
1531 973 1546 999 ε
1584 993 1586 995 .

123 1022 147 1048 e
186 1009 339 1064 quibus
377 1009 497 1061 duos,
528 1010 706 1050 maxime
737 1010 843 1050 inter
873 1024 915 1050 se
944 1010 1140 1060 diversos,
1170 1019 1213 1051 et
1247 1011 1342 1051 coeli
1381 1013 1544 1055 vertici-

119 1065 199 1105 bus
236 1065 333 1120 ipsis
366 1080 415 1106 ex
449 1076 624 1122 utraque
652 1074 768 1120 parte
798 1066 1009 1116 subnixos,
1043 1066 1277 1121 obriguisse
1307 1068 1454 1122 pruina
1483 1071 1542 1111 vi-

120 1120 223 1171 des;
255 1123 438 1163 medium
467 1132 609 1163 autem
646 1122 780 1172 illum,
810 1130 852 1162 et
881 1122 1127 1172 maximum,
1154 1123 1251 1163 solis
1279 1124 1426 1164 ardore
1454 1134 1542 1166 tor-

119 1177 212 1217 reri.
234 1177 320 1218 duo
341 1188 437 1219 sunt
458 1178 707 1220 habitabiles
726 1195 735 1218 :
767 1193 946 1234 quorum
967 1179 1158 1219 australis
1181 1179 1264 1229 ille,
1283 1179 1323 1219 iu
1356 1195 1441 1235 quo
1469 1183 1542 1237 qui
1563 1218 1568 1224 .

118 1232 328 1283 insistunt,
350 1234 518 1275 adversa
537 1235 652 1275 vobis
672 1244 826 1289 urgent
846 1235 1033 1289 vestigia,
1064 1234 1167 1275 nihil
1190 1234 1243 1276 ad
1264 1245 1444 1278 vestrum
1464 1252 1541 1293 ge-

119 1304 212 1330 nus.
271 1290 356 1331 Hie
390 1300 529 1332 autem
568 1291 671 1332 alter
701 1291 915 1346 subjectus
951 1290 1150 1345 aquiloni,
1182 1306 1308 1346 quem
1344 1293 1543 1346 incolitis,

117 1359 253 1397 cerne,
283 1362 408 1401 quam
439 1347 555 1388 tenui
583 1362 654 1388 vos
688 1357 806 1402 parte
837 1347 1071 1402 contingat.
1103 1348 1239 1387 omnis
1269 1348 1381 1389 enim
1419 1358 1543 1401 terra,

116 1417 212 1457 quae
232 1403 385 1444 colitur
404 1419 429 1444 a
449 1404 578 1454 vobis,
598 1413 779 1459 angusta
799 1404 1036 1454 verticibus,
1055 1403 1261 1444 lateribus
1286 1404 1425 1456 latior,
1446 1421 1542 1462 par-

115 1473 166 1499 va
195 1458 389 1515 quaedam
419 1460 554 1501 insula
581 1469 658 1510 est,
688 1459 943 1501 circumfusa
970 1460 1044 1499 illo
1073 1459 1191 1508 mari,
1214 1460 1330 1515 quod
1355 1462 1542 1505 Atlanti-

117 1529 230 1565 cum,
261 1516 374 1571 quod
413 1518 641 1571 Magnum,
671 1530 798 1571 quem
830 1516 1045 1557 Oceanum
1075 1515 1294 1570 appellatis
1322 1517 1364 1558 in
1393 1519 1541 1562 terris:

116 1572 189 1626 qui
222 1579 361 1613 tamen
392 1581 509 1614 tanto
541 1572 726 1622 nomine,
758 1586 883 1628 quam
922 1572 976 1613 sit
1008 1586 1170 1626 parVUS‚
1196 1572 1321 1613 vides.
1378 1575 1442 1615 Ex
1476 1575 1542 1617 his

113 1626 214 1682 ipsis
239 1628 377 1679 cultis,
406 1629 599 1685 notisque
630 1629 764 1679 terris,
797 1643 895 1669 num
930 1638 1004 1669 aut
1037 1637 1159 1669 tuum
1189 1637 1263 1669 aut
1290 1629 1541 1686 cujusquam

116 1686 307 1725 nostrum
330 1700 496 1736 nomen,
518 1685 580 1726 vel
601 1684 840 1726 Caucasum
865 1684 992 1734 hunc,
1013 1698 1138 1739 quem
1160 1684 1307 1735 cernis,
1329 1696 1543 1729 transcen-

110 1739 209 1780 dere
233 1741 386 1795 potuit,
405 1741 468 1782 vel
496 1741 617 1783 illum
640 1742 834 1795 Gangem
856 1749 1110 1782 transnatare
1128 1741 1141 1781 ?
1174 1741 1266 1795 quis
1288 1742 1329 1782 iu
1350 1743 1537 1799 reliquis,

114 1796 286 1837 orientis
306 1807 380 1839 aut
401 1798 596 1839 obeuntis
616 1797 730 1847 solis,
754 1796 910 1838 ultimis
930 1805 1003 1838 aut
1023 1796 1230 1852 aquilonis
1251 1799 1428 1840 austrive
1447 1814 1541 1856 par-

112 1852 241 1903 tibus,
273 1862 393 1895 tuum
427 1868 581 1895 nomen
612 1853 784 1894 audiet?
818 1853 971 1909 quibus
1003 1853 1243 1907 amputatis,
1276 1856 1542 1911 cernispro-

116 1909 243 1959 fecto,
267 1910 432 1965 quantis
452 1911 494 1951 in
516 1910 719 1965 angustiis
736 1919 870 1950 vestra
888 1909 1023 1964 gloria
1043 1923 1085 1950 se
1106 1909 1269 1950 dilatari
1284 1911 1395 1952 velit.
1456 1913 1541 1968 Ipsi

116 1975 274 2016 autem,
294 1966 367 2021 qui
394 1966 445 2006 de
463 1967 579 2008 vobis
609 1966 854 2022 loquuntur,
876 1980 1002 2021 quam
1033 1965 1260 2020 loquentur
1289 1966 1390 2008 diu?
1423 1969 1578 2026 Quin7

115 2021 260 2072 etiam,
296 2023 328 2063 si
363 2022 505 2078 cupiat
538 2022 676 2078 proles
711 2022 783 2063 illa
811 2022 1050 2063 futurorum
1091 2022 1310 2063 hominum
1344 2024 1542 2081 deinceps

111 2077 257 2119 laudes
279 2079 402 2120 unius
422 2080 626 2135 cujusque
655 2088 842 2120 nostrum
869 2093 894 2119 a
918 2078 1105 2134 patribus
1138 2089 1331 2133 acceptas
1361 2081 1541 2135 posteris

114 2134 321 2189 prodere:
352 2144 492 2176 tamen
522 2145 693 2191 propter
722 2135 947 2186 eluviones,
974 2133 1295 2191 exustionesque
1323 2145 1543 2189 terrarum,

116 2205 220 2245 quas
252 2191 439 2232 accidere
468 2201 659 2246 tempore
688 2200 803 2233 certo
837 2205 1005 2233 necesse
1030 2199 1109 2239 est,
1142 2206 1226 2232 non
1259 2193 1387 2233 modo
1419 2203 1542 2236 aeter-
1582 2215 1586 2218 ·

116 2262 228 2297 nam,
254 2248 328 2288 sed
354 2263 404 2288 ne
431 2248 671 2289 diuturnam
701 2247 870 2303 quidem
897 2247 1077 2302 gloriam
1107 2248 1272 2303 assequi
1300 2262 1543 2303 possumus,

117 2303 236 2345 Quid
255 2314 394 2345 autem
417 2305 603 2354 interest,
623 2304 676 2345 ab
697 2304 760 2354 iis,
781 2304 853 2359 qui
878 2313 1025 2359 postea
1045 2315 1280 2355 nascentur,
1302 2320 1541 2355 sermonem

117 2359 207 2399 fore
226 2359 277 2400 de
297 2369 352 2410 te,
373 2375 471 2402 cum
499 2361 551 2401 ab
576 2361 624 2401 iis
649 2361 788 2402 nullus
814 2360 956 2410 fuerit,
978 2360 1050 2415 qui
1075 2369 1171 2400 ante
1204 2361 1400 2403 nati.sint
1421 2364 1436 2403 ?
1469 2364 1541 2420 qui

118 2429 195 2456 nee
225 2417 455 2471 pauciores,
484 2427 526 2458 et
556 2426 668 2458 certe
697 2417 889 2457 meliores
918 2417 1088 2457 fuerunt
1107 2417 1207 2457 viri:
1239 2431 1337 2458 cum
1368 2433 1545 2474 praeser-

117 2472 194 2512 tim
216 2472 329 2527 apud
346 2487 418 2514 eos
440 2474 564 2528 ipsos,
586 2488 610 2514 a
635 2474 786 2528 quibus
815 2473 948 2514 audiri
979 2487 1132 2513 nomeu
1165 2482 1356 2514 nostrum
1385 2485 1542 2530 potest,

117 2543 243 2569 nemo
264 2529 386 2569 unius
407 2529 502 2570 anni
526 2530 770 2570 memoriam
796 2529 997 2585 consequi
1027 2529 1184 2584 possit:
1217 2530 1407 2571 homines
1429 2533 1541 2573 enim

118 2585 377 2640 populariter
396 2600 550 2626 annum
570 2586 866 2627 tantummodo
892 2586 1005 2636 solis,
1026 2585 1069 2626 id
1097 2596 1175 2636 est,
1196 2586 1320 2626 unius
1347 2588 1446 2628 astri
1476 2602 1541 2630 re.-

118 2641 211 2682 ditu
227 2642 494 2683 metiuntur:
525 2656 623 2682 cum
651 2651 791 2683 autem
821 2641 872 2682 ad
903 2642 1029 2691 idem,
1052 2642 1163 2683 unde
1193 2643 1323 2683 semel
1353 2644 1542 2697 profecta

116 2706 230 2748 sunt,
251 2707 404 2738 cuncta
431 2707 542 2739 astra
564 2698 759 2740 redierint
775 2714 786 2749 3
817 2698 1076 2754 eandemque
1106 2698 1234 2739 totius
1260 2699 1356 2738 coeli
1386 2699 1541 2748 deseri-

121 2754 306 2809 ptionem
340 2754 479 2808 longis
512 2754 734 2796 intervallis
767 2755 996 2805 retulerint,
1030 2763 1120 2795 tum
1162 2754 1230 2794 ille
1258 2768 1351 2794 vere
1378 2764 1541 2797 vertens

119 2824 252 2852 annus
269 2810 468 2867 appellari
487 2819 651 2866 potest:
683 2812 722 2852 in
744 2825 828 2868 quo
850 2811 914 2853 vix
935 2810 1071 2852 dicere
1090 2810 1240 2862 audeo,
1263 2825 1389 2866 quam
1407 2811 1552 2870 multa3
