1844 3202
288 97 364 137 708
810 96 890 134 DE
925 97 1188 136 ormcns

285 199 413 241 vitam
432 199 561 242 etiam
582 202 834 258 profundere
854 219 931 260 pro
957 206 1091 261 patria
1118 206 1250 262 parati
1271 214 1434 248 essent:
1463 205 1590 248 iidem
1618 205 1715 262 glo·

285 257 359 298 riae
382 256 593 313 jacturam
614 274 664 300 ne
688 260 904 302 minimam
927 262 1098 317 quidem
1120 264 1257 305 facere
1277 263 1445 313 vellent,
1463 277 1514 303 ne
1533 263 1717 318 republi-

286 328 337 354 ca
355 313 526 369 quidem
544 317 785 370 postulante
804 335 813 358 ε
845 327 892 358 ut
910 319 1213 370 Callicratidas,
1233 321 1305 375 qui
1325 335 1420 361 cum
1443 320 1717 360 Lacedaemo-

285 371 452 412 niorum
483 371 569 412 dux
599 373 747 414 fuisset
779 374 1133 429 Peloponnesiaco
1164 376 1290 426 bello,
1312 376 1528 431 multaque
1549 376 1718 417 fecisset

284 428 470 483 egregie,
491 429 612 469 vertit
632 430 685 470 ad
706 438 940 471 extremum
962 432 1118 482 omnia,
1140 447 1237 473 curn
1260 434 1435 474 consilio
1465 447 1548 473 non
1579 431 1718 488 paruit

286 498 450 534 eorum,
488 485 560 539 qui
596 486 771 527 classem
806 487 859 527 ab
889 487 1136 543 Arginussis
1169 489 1478 539 removendam,
1515 504 1590 529 nec
1617 503 1716 530 cum

285 540 616 582 Atheniensibus
636 542 924 583 dimicandum
946 545 1165 599 putabant.
1216 545 1382 601 Quibus
1399 546 1468 586 ille
1486 545 1717 600 respondit,

285 597 648 647 Lacedaemonios,
668 599 799 640 classe
820 599 890 640 illa
912 601 1077 651 amissa,
1100 601 1221 642 aliam
1250 616 1394 656 parare
1422 616 1559 656 posse,
1581 615 1624 642 se
1648 602 1717 642 fu—

284 668 384 709 gere
407 654 494 694 sine
517 669 594 695 suo
624 655 829 696 dedecore
861 672 946 697 non
975 672 1111 712 posse.
1169 658 1313 713 Atque
1335 658 1426 698 haec
1447 657 1615 713 quidem
1636 658 1719 698 La-

283 710 554 752 cedaemoniis
585 711 712 766 plaga
742 712 992 754 mediocris:
1025 714 1095 754 illa
1125 715 1339 770 pestifera,
1370 729 1467 769 qua,
1495 729 1593 754 cum
1617 712 1718 754 Cle-

284 767 521 818 ombrotus,
554 767 747 809 invidiam
781 770 945 820 timens,
976 781 1135 812 temere
1165 786 1262 813 cum
1293 769 1586 826 Epaminonda
1614 784 1718 811 con-

283 824 469 872 flixisset,
511 825 930 867 Lacedaemoniorum
974 841 1074 881 opes
1113 839 1373 870 corruerunt.
1444 828 1617 884 Quanto
1655 826 1716 869 Q.

240 887 270 916 b.
284 881 502 921 Maximus
522 881 673 922 melius
692 884 705 922 ?
737 882 790 922 de
811 898 896 938 quo
917 884 1100 925 Ennius:

393 959 486 995 Unus
507 959 597 995 homo
615 960 706 996 nobis
727 960 912 996 cunctando
932 962 1077 997 restituit
1094 975 1174 998 rem.

389 1013 467 1048 Non
480 1012 625 1062 ponebat
643 1013 726 1049 enim
746 1027 888 1050 rumores
908 1021 986 1049 ante
1003 1014 1156 1051 salutem.

390 1065 483 1115 Ergo
494 1072 647 1116 postque,
668 1067 840 1117 magisque
860 1068 928 1103 viri
946 1081 1033 1104 nunc
1046 1068 1159 1117 gloria
1177 1068 1293 1104 claret.

281 1151 412 1208 Quod
442 1166 579 1207 genus
609 1151 811 1207 peccandi
831 1152 1045 1193 vitandum
1075 1160 1138 1194 est
1162 1153 1286 1193 ctiam
1317 1152 1358 1193 in
1384 1152 1508 1195 rebus
1532 1153 1718 1197 urbanis.

284 1215 324 1242 ‘2¹6
339 1209 446 1249 Sunt
467 1209 594 1259 enim,
616 1209 701 1264 qui,
723 1208 838 1264 quod
860 1209 1059 1260 sentiunt,
1076 1210 1154 1250 etsi
1173 1209 1383 1266 optimum
1405 1210 1473 1261 sit,
1494 1219 1635 1252 tamen
1655 1212 1720 1253 in·

284 1265 404 1312 vidiae
421 1274 541 1306 metu
561 1280 645 1306 non
665 1266 848 1306 audeant
869 1266 1017 1306 dicere.

200 1326 271 1376 25
342 1321 529 1363 Omnino
551 1322 624 1377 qui
644 1322 886 1377 reipublicae
911 1321 1129 1378 praefuturi
1149 1331 1260 1373 sunt,
1281 1321 1367 1363 duo
1397 1322 1581 1364 Platonis
1609 1337 1719 1378 prae-

220 1402 268 1435 35
285 1388 408 1434 cepta
433 1387 630 1420 teneant:
663 1394 811 1429 unum,
838 1389 886 1420 ut
915 1379 1141 1420 utilitatem
1171 1379 1323 1420 civium
1354 1378 1413 1419 sic
1443 1388 1653 1430 tueantur,
1673 1388 1722 1422 ut

283 1449 549 1492 quaecunque
571 1443 718 1490 agunt,
740 1435 791 1476 ad
809 1450 902 1476 cam
924 1436 1118 1486 referant,
1136 1436 1258 1477 obliti
1274 1436 1598 1477 commodorum
1620 1451 1719 1478 suo-

282 1508 404 1534 rum:
434 1492 628 1543 alterum,
650 1502 698 1532 ut
730 1500 869 1533 totum
899 1507 1052 1547 corpus
1083 1492 1323 1548 reipublicae
1344 1502 1506 1544 curent,
1527 1507 1592 1544 ne,
1615 1493 1719 1536 dum

281 1557 446 1606 partem
469 1549 652 1604 aliquam
674 1557 857 1599 tuentur,
878 1549 1058 1605 reliquas
1082 1549 1290 1590 deserant.
1350 1549 1412 1590 Ut
1436 1550 1546 1590 enim
1574 1550 1721 1600 tutela,

282 1607 343 1648 sic
363 1605 605 1662 procuratio
633 1605 876 1660 reipublicre
895 1606 947 1647 ad
975 1605 1198 1646 utilitatem
1221 1620 1383 1656 eorum,
1404 1606 1475 1661 qui
1506 1606 1721 1648 commissi

282 1671 396 1713 sunt,
417 1677 501 1703 non
521 1661 574 1702 ad
595 1676 758 1713 eorum,
780 1662 934 1718 quibus
955 1661 1181 1703 commissa
1201 1670 1279 1712 est,
1300 1662 1486 1717 gerenda
1505 1671 1582 1703 est.
1633 1663 1722 1705 Qui

282 1728 427 1762 autem
458 1719 566 1775 parti
596 1719 748 1759 civium
779 1719 1021 1768 consulunt,
1046 1728 1208 1774 partem
1240 1718 1477 1774 negligunt,
1505 1733 1595 1760 rem
1624 1733 1720 1775 per—

281 1776 603 1818 niciosissimam
632 1775 675 1816 in
704 1775 916 1817 civitatem
945 1775 1167 1825 inducunt,
1199 1775 1447 1817 seditionem
1479 1783 1604 1831 atque
1635 1775 1721 1816 dis-

283 1833 474 1876 cordiam
493 1849 502 1875 :
535 1847 585 1873 ex
605 1847 692 1888 quo
711 1832 862 1883 evenit,
883 1840 930 1873 ut
952 1832 1020 1874 alii
1045 1832 1283 1888 populares,
1302 1832 1373 1873 alii
1402 1831 1580 1873 studiosi
1607 1832 1720 1888 opti-

222 1898 273 1936 86
285 1891 343 1932 mi
384 1890 590 1946 cujusque
630 1888 862 1939 videantur,
906 1889 1030 1944 pauci
1070 1888 1373 1930 universorum.
1451 1889 1566 1930 Hinc
1603 1889 1718 1944 apud

283 1947 566 1989 Athenienses
597 1960 765 2001 magnae
795 1945 1043 1986 discordiae:
1076 1945 1117 1986 in
1149 1954 1291 1986 nostra
1311 1945 1524 2000 republica
1543 1959 1627 1985 non
1648 1960 1718 1987 so-

283 2005 370 2046 lum
402 2003 641 2054 seditiones,
664 2002 735 2043 sed
766 2002 964 2057 pestifera
983 2002 1110 2043 etiam
1142 2001 1253 2043 bella
1271 2001 1432 2042 civilia:
1464 2016 1557 2056 quae
1582 2003 1719 2057 gravis

282 2070 325 2102 et
345 2061 465 2102 fortis
491 2060 605 2110 civis,
627 2068 669 2099 et
698 2058 739 2098 in
770 2058 986 2114 republica
1013 2058 1166 2113 dignus
1197 2057 1448 2112 principatu,
1480 2057 1631 2113 fugiet,
1653 2068 1718 2100 at-

283 2132 365 2173 que
387 2116 536 2166 oderit,
559 2115 778 2170 tradetque
799 2129 841 2156 se
867 2124 1006 2157 totuin
1036 2115 1290 2169 reipublicae,
1312 2123 1348 2150 97
1369 2129 1503 2170 neque
1523 2129 1624 2170 opes
1644 2127 1718 2156 aut

282 2174 515 2231 potentiam
555 2172 868 2213 consectabitur
889 2188 898 2212 ε
950 2181 1169 2226 totamque
1206 2185 1298 2211 eam
1340 2170 1397 2211 sic
1432 2171 1630 2223 tuebitur,
1672 2181 1719 2213 ut

282 2230 480 2272 omnibus
498 2228 705 2270 consulat.
765 2230 858 2270 Nec
881 2243 977 2269 vero
998 2228 1242 2269 criminibus
1264 2227 1376 2268 falsis
1402 2227 1442 2268 in
1469 2227 1613 2269 odium
1644 2238 1719 2270 aut

281 2287 478 2329 invidiam
518 2300 775 2342 quemquam
807 2285 1000 2326 vocabit:
1040 2285 1297 2340 omninoque
1325 2284 1384 2324 ita
1413 2283 1607 2339 justitiae,
1638 2285 1718 2326 ho-

283 2344 518 2399 nestatique
547 2343 821 2392 adhaerescet,
852 2352 913 2392 ut,
945 2351 984 2375 98
1000 2341 1100 2383 dum
1132 2355 1181 2382 ea
1210 2351 1441 2390 conservet,
1472 2350 1511 2375 99
1529 2342 1718 2397 quamvis

281 2401 462 2456 graviter
491 2399 693 2451 offendat,
721 2408 989 2455 mortemque
1016 2407 1190 2454 oppetat
1217 2397 1374 2454 potiuS,
1395 2412 1523 2454 quam
1553 2397 1718 2442 deserat

325 2532 365 2560 96
387 2526 653 2568 Sunt—qui-non
666 2524 771 2554 audent
779 2522 887 2565 dicere]
903 2523 977 2554 Cor·
1020 2523 1153 2554 tentiam.

282 2570 346 2600 rexi
363 2570 498 2599 audeant.
514 2570 598 2608 quod
615 2569 749 2598 latinitas
767 2568 913 2606 postulat.
1065 2574 1102 2599 98
1127 2566 1194 2596 dum
1217 2577 1250 2594 ea
1272 2563 1432 2605 conservet]
1465 2566 1516 2596 Sc.
1543 2576 1615 2606 quae
1643 2574 1717 2598 ante

327 2619 363 2648 97
390 2624 478 2654 neque
492 2619 553 2651 opes
570 2618 621 2640 aut
629 2610 802 2650 potentiam]
823 2611 896 2640 Non
912 2610 977 2649 pla·
1019 2609 1085 2639 dixi
1102 2609 1314 2639 conservanda
1333 2618 1408 2639 esse.
1429 2611 1474 2640 sic
1495 2616 1582 2649 post:
1607 2609 1719 2640 deserat

283 2663 332 2686 cet
355 2658 430 2692 hoc,
447 2665 523 2685 nam
547 2661 607 2694 opes
627 2661 657 2684 et
678 2653 806 2693 potentia
823 2653 866 2683 nil
889 2654 976 2684 diffe-
1021 2652 1075 2681 illa
1091 2663 1156 2693 quae
1171 2651 1246 2681 dixi.
1266 2661 1330 2682 non
1353 2653 1447 2691 igitur
1467 2662 1546 2691 opus
1564 2654 1716 2693 corrigere

284 2706 358 2730 runt
373 2706 403 2729 et
420 2699 545 2737 vestigia
561 2696 767 2736 corruptionis
783 2703 858 2726 sunt
876 2696 907 2725 in
925 2705 980 2725 va-
1022 2706 1084 2725 eam
1098 2705 1142 2725 sc.
1160 2705 1260 2733 remp.
1276 2702 1310 2724 ut
1328 2696 1471 2725 Pearcius
1488 2696 1570 2725 fecit.

282 2743 387 2772 rietate
411 2741 576 2771 librorum.
623 2741 684 2770 Ms.
710 2739 772 2769 Erf.
796 2749 858 2768 non
884 2739 979 2769 habet
1066 2745 1105 2770 99
1128 2738 1264 2778 quamvis
1282 2738 1418 2777 graviter
1437 2737 1574 2778 ffndat]
1603 2738 1714 2768 Ouan-

283 2793 354 2823 opes.
384 2785 461 2815 Cur.
478 2785 573 2814 habet
584 2783 737 2822 pecuniam
752 2789 803 2810 aut
818 2788 891 2822 opes.
922 2783 978 2812 Le·
1022 2781 1139 2811 tumvis
1163 2790 1307 2819 magnas,
1324 2781 1345 2813 i.
1361 2791 1390 2813 e.
1406 2781 1563 2812 maximas
1583 2780 1714 2820 calami·

284 2829 382 2870 gerim
398 2827 446 2858 vel
464 2838 553 2869 neque
561 2825 735 2867 potentiam,
747 2825 796 2855 vel
812 2831 873 2865 opes
888 2831 915 2854 et
925 2831 979 2865 po·
1022 2831 1097 2855 tates
1112 2824 1272 2863 suscipiat.
