1844 3202
312 111 391 149 860¹
800 111 878 148 DE
914 111 1254 151 PETITIONE

312 226 454 260 autem
476 217 551 259 tibi
579 217 661 259 hoc
687 218 906 268 confirmo,
927 234 1016 260 esse
1045 220 1257 263 neminem
1284 219 1378 274 (nisi
1399 220 1540 278 aliqua
1559 223 1740 266 necessi-

312 274 457 316 tudine
491 274 818 329 competitorum
857 275 982 316 alicui
1017 286 1188 317 tuorum
1220 278 1275 319 sit
1313 278 1552 334 adjunctus)
1593 294 1618 320 a
1654 295 1741 336 quo

313 345 399 373 non
428 331 563 382 facile,
595 331 628 371 si
657 331 938 383 contenderis,
968 332 1192 388 impetrare
1221 334 1371 389 possis,
1401 343 1449 376 ut
1475 350 1553 376 suo
1581 335 1742 378 benefi-

311 388 378 431 cio
414 397 715 443 promereatur,
743 403 786 430 se
816 397 863 429 ut
892 403 1022 438 ames,
1053 397 1097 429 et
1126 389 1205 430 sibi
1233 399 1281 433 ut
1310 391 1495 433 debeas:
1533 391 1664 434 modo
1693 401 1742 435 ut

310 444 533 500 intelligat,
553 454 595 485 te
621 445 764 499 magni
796 444 1016 495 aestimare,
1037 459 1088 486 ex
1116 446 1257 487 animo
1287 461 1426 502 agere,
1456 449 1564 490 bene
1594 463 1638 490 se
1663 463 1742 505 po-

311 516 424 553 nere,
443 502 532 542 fore
551 515 602 541 ex
621 515 672 541 eo
693 515 778 542 non
798 501 965 542 brevem
987 510 1030 542 et
1050 502 1399 558 suffragatoriam,
1421 505 1493 546 sed
1516 505 1677 547 firmam
1700 514 1745 549 et

310 566 557 613 perpetuam
577 557 820 598 amicitiam.
878 558 1023 598 Nemo
1048 558 1139 609 erit,
1159 559 1264 601 mihi
1285 559 1423 611 crede,
1444 561 1486 602 in
1505 577 1591 618 quo
1611 562 1744 604 modo

310 614 470 670 aliquid
491 613 653 655 virtutis
675 614 742 665 sit,
763 613 836 670 qui
862 613 944 656 hoc
966 623 1134 670 tempus
1155 615 1233 657 sibi
1253 616 1443 659 oblatum
1463 619 1658 659 amicitiae
1679 628 1744 661 te-

310 685 408 712 cum
444 670 750 712 constituendae
784 671 1110 726 praetermittat:
1150 672 1382 727 praesertim
1417 688 1516 716 oum
1550 675 1629 716 tibi
1661 675 1744 717 hoc

310 742 432 769 casus
452 727 610 778 afferat,
631 736 679 768 ut
705 728 734 769 ii
758 736 901 770 tecum
932 737 1091 783 petant,
1112 743 1294 784 quorum
1325 730 1510 772 amicitia
1538 742 1612 773 aut
1639 746 1742 773 con-

309 783 549 835 temnenda,
571 793 644 825 aut
665 784 866 841 fugienda
886 784 964 835 sit3
996 793 1038 826 et
1062 785 1135 841 qui
1163 785 1261 838 hoc,
1280 787 1396 842 quod
1417 802 1500 843 ego
1519 796 1562 829 te
1581 788 1745 840 hortor,

310 855 394 882 non
411 840 541 882 modo
563 856 647 881 non
667 842 847 897 assequi,
864 842 937 882 sed
960 856 1010 883 ne
1032 842 1213 897 incipere
1231 843 1401 899 quidem
1423 845 1598 899 possint.
1627 846 1743 887 Nam

309 897 410 952 quid
432 897 603 952 incipiat
622 898 837 939 Antonius
867 898 1059 940 homines
1085 899 1332 955 adjungere,
1352 909 1478 956 atque
1498 901 1670 943 invitare
1690 901 1745 943 ad

308 953 693 1009 amicitiam,-quos
727 969 800 1010 per
831 969 875 995 se
905 970 983 996 suo
1021 956 1192 997 nomine
1222 957 1434 1011 appellare
1464 972 1550 998 non
1579 958 1741 1013 possit?

307 1009 412 1050 mihi
448 1009 619 1066 quidem
654 1011 823 1052 stultius
858 1011 961 1054 nihil
995 1011 1171 1062 videtur,
1206 1028 1332 1068 quam
1370 1013 1610 1055 existimare
1645 1029 1745 1056 eum

307 1066 549 1110 studiosum
582 1067 658 1118 tui,
689 1082 813 1123 quem
847 1083 932 1109 non
962 1068 1087 1110 noris.
1162 1069 1371 1111 Eximiam
1401 1071 1613 1125 quandam
1647 1071 1745 1126 glo-

307 1123 427 1174 riam,
446 1132 489 1164 et
510 1123 776 1179 dignitatem,
797 1139 845 1166 ac
878 1139 1018 1166 rerum
1047 1134 1267 1181 gestarum
1296 1127 1635 1182 magnitudinem
1654 1141 1745 1169 esse

307 1189 475 1235 oportet
510 1181 551 1221 in
582 1195 648 1231 eo,
684 1195 809 1236 quem
842 1181 1034 1222 homines
1069 1182 1221 1238 ignoti,
1261 1183 1386 1224 nullis
1417 1183 1745 1239 suffragantibus

305 1237 482 1287 meritis,
504 1237 664 1278 honore
692 1237 887 1279 afficiant.
918 1247 966 1280 ut
993 1239 1165 1294 quidem
1186 1239 1318 1281 homo
1338 1239 1462 1291 iners,
1483 1240 1571 1281 sine
1591 1240 1746 1291 officio,

304 1292 393 1333 sine
409 1293 594 1349 ingenio,
609 1308 708 1335 cum
725 1294 911 1346 infamia,
927 1295 1053 1336 nullis
1070 1296 1214 1337 amicis
1233 1306 1391 1352 septus,
1407 1296 1625 1338 hominem
1647 1297 1742 1353 plu-

304 1349 510 1392 rimorum
532 1350 688 1402 studio,
705 1359 831 1407 atque
851 1352 1041 1393 omnium
1069 1352 1183 1393 bona
1201 1353 1510 1395 existimatione
1531 1355 1743 1396 munitum

303 1415 548 1461 praecurrat,
584 1407 671 1448 sine
703 1422 860 1464 magna
889 1408 1016 1464 culpa
1044 1409 1316 1464 negligentiae
1347 1409 1434 1450 fieri
1473 1425 1558 1451 non
1590 1419 1745 1466 potest.

259 1467 291 1515 8
305 1463 614 1519 Quamobrem,
634 1478 781 1505 omnes
807 1466 1016 1506 centurias
1037 1466 1181 1506 multis
1202 1475 1245 1507 et
1263 1466 1383 1507 variis
1401 1466 1610 1518 amicitiis,
1629 1482 1746 1518 cura,

303 1528 353 1561 ut
373 1520 639 1562 confirmatas
670 1520 825 1562 habeas
844 1538 853 1562 ε
886 1531 929 1562 et
953 1522 1152 1577 primum,
1173 1522 1231 1573 id,
1246 1522 1362 1578 quod
1381 1532 1478 1564 ante
1498 1524 1645 1565 oculos
1667 1534 1746 1574 est,

304 1586 532 1628 senatores,
568 1577 820 1633 equitesque
859 1578 1088 1628 Romanos,
1120 1588 1357 1619 ceterorum
1389 1580 1587 1621 ordinum
1617 1595 1745 1621 navos

302 1633 497 1674 homines
517 1642 559 1675 et
578 1634 787 1688 gratiosos
808 1634 1107 1689 complectere.
1137 1635 1262 1676 multi
1283 1635 1476 1677 homines
1504 1636 1654 1677 urbani
1681 1637 1746 1678 in·-

303 1689 468 1740 dustrii‚
503 1690 626 1731 multi
664 1690 848 1731 libertini
883 1691 925 1731 in
960 1691 1053 1732 foro
1088 1691 1265 1746 gratiosi
1300 1692 1475 1748 navique
1510 1702 1743 1745 versantur,

303 1753 342 1787 ³7
361 1761 469 1802 quos
497 1761 570 1802 per
597 1754 653 1797 te,
674 1762 782 1802 quos
808 1761 883 1803 per
911 1762 1158 1788 communes
1189 1748 1347 1789 amicos
1375 1749 1533 1803 poteris
1563 1764 1745 1791 sumere.

261 1812 406 1844 b.cura
426 1811 475 1843 ut
494 1803 556 1844 tui
576 1803 719 1858 cupidi
740 1803 824 1845 sint
841 1821 851 1845 z
874 1803 1104 1855 elaborato,
1125 1804 1330 1860 appetito,
1350 1805 1550 1861 allegato,
1573 1820 1744 1847 summo

303 1859 508 1901 beneficio
536 1869 577 1901 te
611 1860 719 1901 affici
751 1860 979 1901 ostendito.
1019 1860 1169 1902 deinde
1199 1861 1357 1902 habeto
1388 1863 1594 1903 rationem
1627 1863 1745 1904 urbis

303 1917 450 1964 totius,
481 1916 761 1972 collegiorum
799 1917 1007 1968 omnium,
1037 1932 1265 1972 pagorum,
1295 1917 1570 1960 vicinitatum.
1610 1932 1661 1959 ex
1690 1919 1743 1960 iis

301 1973 511 2029 principes
541 1973 594 2014 ad
624 1973 854 2015 amicitiam
883 1982 1001 2014 tuam
1021 1974 1052 2015 si
1076 1973 1329 2030 adjunxeris,
1351 1989 1424 2029 per
1442 1989 1513 2016 eos
1535 1975 1742 2030 reliquam

301 2029 621 2071 multitudinem
648 2030 771 2071 facile
801 2030 977 2071 tenebis.
1007 2039 1156 2085 postea
1179 2039 1314 2072 totam
1341 2030 1507 2072 Italiam
1536 2032 1602 2072 fac
1628 2040 1676 2073 ut
1696 2032 1741 2073 in

302 2087 447 2127 animo
475 2100 524 2127 ac
554 2086 761 2128 memoria
790 2086 983 2128 tributim
1013 2086 1268 2141 descriptam
1304 2088 1745 2144 comprehensamque

302 2142 460 2184 habeas
477 2159 487 2184 :
508 2157 560 2184 ne
582 2143 698 2197 quod
717 2143 1010 2198 municipium,
1026 2143 1253 2194 coloniam,
1269 2144 1579 2199 praefecturam,
1595 2144 1740 2186 locum

302 2198 486 2255 denique
517 2199 651 2250 Italiae
679 2213 729 2240 ne
756 2214 883 2256 quem
909 2214 998 2241 esse
1023 2199 1197 2254 patiare,
1219 2200 1262 2241 in
1284 2215 1369 2256 quo
1390 2215 1475 2242 non
1496 2201 1650 2241 habeas
1673 2201 1743 2241 fir-

301 2256 521 2305 mamenti,
543 2256 658 2311 quod
683 2256 782 2298 satis
813 2270 903 2298 esse
929 2256 1075 2311 possit.
1105 2257 1321 2313 perquiras
1344 2258 1471 2298 etiam
1499 2265 1542 2299 et
1569 2257 1740 2299 investi-

301 2326 379 2368 ges
411 2311 603 2353 homines
633 2327 684 2354 ex
716 2313 832 2355 omni
866 2313 1052 2368 regione,
1086 2327 1246 2368 eosque
1273 2327 1520 2368 cognoscas,
1550 2323 1740 2369 appetas,

302 2368 556 2418 confirmes3
588 2383 723 2420 cures,
742 2379 791 2410 ut
817 2369 860 2410 in
891 2369 976 2411 suis
1003 2369 1285 2412 vicinitatibus
1316 2369 1393 2410 tibi
1424 2378 1583 2425 petant,
1603 2379 1647 2411 et
1665 2379 1740 2412 tua

302 2439 428 2466 causa
448 2425 566 2481 quasi
586 2426 799 2467 candidati
828 2426 924 2467 sint.
982 2425 1142 2467 Volent
1170 2435 1211 2466 te
1237 2425 1436 2476 amicum,
1457 2426 1491 2466 si
1512 2440 1631 2468 suam
1651 2441 1676 2467 a
1695 2435 1739 2473 te

302 2481 529 2523 amicitiam
553 2482 693 2537 expeti
712 2483 927 2523 videbunt.
958 2481 1001 2523 id
1022 2490 1069 2522 ut
1090 2481 1345 2537 intelligant,
1365 2483 1571 2533 oratione,
1590 2490 1737 2538 3⁸quae

301 2538 356 2579 ad
374 2553 465 2579 eam
486 2538 689 2579 rationem
710 2539 903 2593 pertinet,
924 2538 1090 2579 abunde
1109 2552 1379 2594 consequere.
1411 2539 1622 2580 Homines
1643 2553 1740 2580 mu-

302 2595 515 2650 nicipales,
537 2609 585 2635 ac
607 2594 823 2645 rusticani,
844 2595 877 2635 si
897 2594 1069 2636 nomine
1089 2594 1211 2635 nobis
1239 2595 1329 2636 noti
1359 2604 1470 2646 sunt,
1490 2595 1533 2637 in
1550 2595 1739 2638 amicitia

302 2666 346 2692 se
366 2666 457 2693 esse
476 2652 744 2692 arbitrantur.
768 2652 802 2692 si
823 2666 919 2692 vero
940 2651 1067 2692 etiam
1087 2651 1271 2707 praesidii
1292 2665 1336 2692 se
1353 2651 1513 2708 aliquid
1533 2651 1612 2693 sibi
1632 2666 1737 2694 con·

342 2765 380 2794 37
399 2758 611 2800 quus—poteris
626 2757 748 2797 sumere]
768 2759 786 2788 i.
800 2769 826 2788 e.
844 2759 899 2788 tibi
918 2768 996 2788 con·
1082 2763 1121 2788 38
1146 2768 1212 2799 quae
1227 2758 1268 2787 ad
1281 2769 1343 2788 eam
1360 2769 1384 2790 r.
1394 2756 1537 2799 purtinet]
1556 2758 1674 2789 Melius
1691 2759 1737 2789 fo-

295 2801 416 2840 cillate,
438 2810 468 2833 et
490 2811 649 2834 assumere
670 2802 705 2832 in
728 2811 903 2834 numerum
926 2808 997 2832 tuo·
1038 2806 1083 2831 ret
1093 2801 1252 2840 pertineat.

297 2853 382 2875 rum.
