1844 3202
246 95 321 140 762
773 95 848 133 DE
892 95 1154 134 OFFTCUS

242 210 355 243 stum
371 217 383 253 3
415 202 487 244 sed
518 203 608 246 haec
633 203 759 245 etiarn
789 205 895 246 inter
923 221 964 246 se
996 220 1253 250 (ministare.
1276 212 1315 247 ct
1340 205 1376 245 in
1409 204 1474 248 his
1494 204 1675 248 addubi-

242 267 345 308 tare,
373 261 661 315 turpissimum
691 270 770 302 est.
828 262 946 304 Quid
971 271 1033 303 est
1062 278 1180 317 wgo,
1214 271 1324 318 quvi
1358 278 1675 319 &diuumquaul

242 314 549 358 dubitationem
600 318 746 358 afferre
788 319 935 368 soleat,
975 319 1394 374 considerantium⁸222.
1456 319 1672 360 fricatur?

243 370 401 424 Credo,
424 373 457 414 si
479 373 646 430 quando
667 374 877 415 dubitatio
897 375 1064 424 accidit,
1087 375 1208 430 quale
1229 376 1281 417 sit
1308 377 1362 426 id,
1385 391 1436 416 ue
1459 391 1543 431 quo
1572 390 1675 416 con-

183 437 229 476 19
241 426 458 470 sideretur.
518 432 639 485 Saepe
661 431 769 471 enim
795 439 983 485 tempore
1007 432 1064 480 fit,
1086 440 1146 481 ut,
1168 433 1281 487 quod
1312 433 1558 488 plerumque
1586 442 1674 473 tur-

240 498 292 539 pe
318 485 460 527 haberi
489 488 635 536 soleat,
658 487 888 528 inveniatur
909 502 991 527 non
1015 501 1105 527 esse
1128 498 1260 543 turpe.
1322 490 1512 544 Exempii
1533 503 1673 537 causa,

238 552 420 596 ponatur
441 544 613 599 aliquid,
636 544 750 599 quod
772 552 911 598 pateat
930 544 1068 585 latius.
1118 544 1245 600 Quod
1270 554 1409 600 potest
1426 547 1563 602 majus
1585 560 1676 586 esse

239 598 390 649 scelus,
413 615 537 655 quam
562 615 644 640 non
666 600 795 640 modo
816 600 1047 651 hominem,
1069 601 1142 640 sed
1169 601 1295 641 etiam
1318 602 1563 643 familiarem
1595 601 1675 642 ho-

239 654 396 695 minem
428 657 653 697 occidere?
687 658 802 697 Num
835 657 964 711 igitur
993 671 1036 697 se
1069 657 1288 698 adstrinxit
1319 659 1486 708 scelere,
1516 659 1548 698 si
1580 659 1674 713 quis

239 720 463 766 tyrannum
486 713 655 763 occidit,
678 713 866 769 quamvis
890 713 1135 754 familiarem
1156 715 1168 753 ?
1205 715 1366 770 Populo
1385 715 1555 771 quidem
1589 716 1674 756 Ro-

237 782 365 810 mano
394 784 477 810 non
506 769 682 819 videtur,
712 770 785 826 qui
817 785 869 811 ex
900 770 1097 811 omnibus
1130 772 1390 826 1⁶praeclaris
1418 772 1538 812 factis
1569 771 1674 813 illud

238 825 538 879 pulcerrimum
578 826 802 867 existimat.
861 826 977 867 Vicit
1015 841 1118 882 ergo
1159 827 1317 869 utilitas
1365 828 1671 869 honestatem?

126 889 156 920 Ρ·
176 886 225 912 56-
242 890 276 917 17
295 880 428 922 immo
444 897 540 923 vcro
559 882 824 924 honestatem
846 883 1005 923 utilitas
1028 893 1171 925 secuta
1191 894 1269 924 est.

198 934 227 956 ³·
296 938 460 993 ltaque,
480 948 528 980 ut
557 939 645 979 sine
674 939 762 979 ullo
792 953 932 979 errore
961 939 1192 993 dijudicare
1222 940 1447 994 possimus,
1470 940 1676 996 siquando

237 1009 336 1036 cum
366 995 455 1045 illo,
486 995 600 1050 quod
641 995 866 1036 honestum
898 995 1188 1050 intelligimus,
1222 1010 1411 1050 pugnare
1440 997 1484 1037 id
1513 997 1673 1038 videbi-

236 1059 319 1101 tur,
355 1051 470 1106 quod
511 1051 772 1106 appellamus
810 1051 928 1102 utile,
965 1051 1147 1092 formula
1185 1052 1377 1108 quaedam
1415 1052 1675 1094 constituen-

236 1107 290 1148 da
311 1117 374 1148 est
393 1124 401 1148 :
432 1124 558 1163 quam
582 1109 615 1149 si
636 1123 860 1164 sequemur
881 1108 923 1149 in
943 1108 1257 1163 comparatione
1281 1123 1435 1159 rerum,
1456 1109 1509 1149 ab
1535 1110 1675 1152 officio

173 1171 225 1202 20
237 1179 467 1220 numquam
500 1164 758 1206 recedemus.
817 1164 909 1206 Erit
935 1173 1075 1206 autem
1099 1165 1190 1206 haec
1210 1165 1407 1216 formula,
1430 1166 1672 1208 Stoicorum

235 1221 402 1272 rationi,
432 1221 748 1278 disciplinaeque
778 1221 959 1262 maxime
990 1232 1298 1264 consentanea:
1344 1236 1470 1278 quam
1501 1223 1673 1278 quidem

234 1278 275 1320 in
305 1277 370 1319 his
402 1278 520 1319 libris
550 1287 773 1334 propterea
803 1278 1030 1333 sequimur,
1065 1279 1196 1334 quod,
1225 1294 1482 1334 quamquam
1511 1294 1536 1319 a
1562 1289 1675 1321 vete-

234 1335 350 1377 ribus
380 1335 664 1386 Academicis,
698 1344 740 1376 et
774 1350 797 1376 a
837 1344 873 1366 18
892 1335 1175 1390 Peripateticis
1215 1336 1384 1386 nostris,
1427 1336 1500 1391 qui
1535 1351 1673 1392 quon-

235 1392 333 1433 dam
364 1391 490 1433 iidem
513 1400 645 1443 erant,
668 1392 740 1447 qui
760 1391 1021 1443 Academici,
1042 1406 1137 1447 quae
1168 1392 1344 1433 honesta
1364 1400 1474 1443 sunt,
1496 1402 1674 1448 antepo-

235 1458 392 1490 nuntur
419 1448 482 1498 iis,
513 1463 608 1505 quae
638 1449 831 1490 videntur
859 1448 1006 1490 utilia:
1039 1458 1180 1490 tamen
1213 1449 1470 1504 splendidius
1497 1449 1590 1490 haec
1619 1450 1674 1492 ab

234 1505 294 1546 eis
316 1504 601 1556 disseruntur,
630 1505 798 1561 quibus,
827 1505 1034 1560 quidquid
1063 1505 1286 1547 honestum
1320 1516 1399 1556 est,
1427 1506 1539 1547 idem
1569 1507 1673 1549 utile

235 1561 426 1603 videtur:
468 1576 543 1603 neo
577 1562 680 1603 utile
714 1561 960 1618 quidquam,
998 1562 1112 1616 quod
1144 1577 1228 1603 non
1259 1562 1513 1603 honestum:
1545 1577 1673 1619 quam

235 1619 289 1660 ab
325 1618 405 1668 his,
436 1619 590 1674 quibus
631 1627 703 1660 aut
743 1618 969 1659 honestum
1000 1618 1158 1673 aliquid
1196 1633 1279 1659 non
1317 1619 1435 1669 utile,
1466 1627 1540 1660 aut
1569 1619 1673 1662 utile

235 1690 320 1716 non
349 1675 592 1716 honestum.
650 1674 790 1716 Nobis
818 1682 959 1715 autem
986 1683 1126 1715 nostra
1146 1674 1380 1716 Academia
1404 1690 1603 1731 magnam
1624 1677 1673 1718 li-

234 1731 416 1773 centiam
448 1731 535 1783 dat,
566 1740 614 1773 ut
652 1731 954 1787 quodcumque
991 1732 1174 1772 maxime
1211 1731 1431 1786 probabile
1464 1741 1673 1784 occurrat,

236 1788 280 1829 id
313 1797 458 1829 nostro
487 1789 584 1845 jure
615 1787 742 1829 liceat
774 1787 1013 1829 defendere.
1072 1788 1156 1829 Sed
1185 1787 1309 1830 redeo
1343 1786 1397 1829 ad
1431 1788 1673 1832 formulam.

191 1844 473 1898 5Detrahere
492 1845 624 1901 igitur
649 1844 808 1901 aliquid
830 1844 965 1895 alteri,
984 1851 1026 1885 et
1056 1844 1273 1886 hominem
1303 1844 1486 1887 hominis
1507 1846 1673 1887 incom-

172 1922 219 1954 21
237 1901 367 1944 modo
387 1917 511 1944 suum
536 1915 691 1957 augere
718 1901 1009 1951 commodum,
1031 1902 1168 1956 magis
1199 1911 1263 1944 est
1291 1910 1438 1944 contra
1463 1912 1671 1954 naturam,

234 1973 363 2015 quam
385 1973 514 2011 mors,
536 1973 661 2015 quam
685 1967 925 2014 paupertas,
943 1972 1070 2013 quam
1097 1958 1233 2010 dolor,
1255 1973 1382 2014 quam
1402 1967 1553 2010 cetera,
1576 1974 1671 2014 quae

232 2025 412 2072 possunt
432 2025 504 2057 aut
530 2016 697 2070 corpori
724 2014 930 2065 accidere,
958 2023 1032 2055 aut
1057 2015 1182 2057 rebus
1211 2015 1402 2056 externis.
1431 2029 1528 2056 nam
1558 2016 1673 2070 prin-

233 2072 347 2128 cipio
386 2081 423 2106 19
437 2072 549 2113 tollit
579 2071 818 2113 convictum
852 2070 1101 2122 humanum,
1133 2080 1176 2112 et
1205 2072 1464 2113 societatem.
1495 2071 1530 2113 si
1559 2072 1671 2113 enim

233 2129 294 2173 sic
323 2129 478 2170 erimus
509 2128 662 2178 affecti,
684 2136 733 2169 ut
759 2136 932 2184 propter
959 2142 1083 2169 suum
1120 2128 1298 2184 quisque
1330 2128 1668 2170 emolumentum

233 2185 402 2242 spoliet,
441 2193 514 2227 aut
539 2185 667 2226 violet
694 2184 888 2235 alterum,
918 2184 1124 2241 disrumpi
1151 2199 1319 2226 necesse
1350 2193 1415 2227 est
1441 2199 1550 2237 eam,
1575 2200 1670 2241 quae

234 2242 418 2284 maxime
438 2250 501 2283 est
520 2241 753 2283 secundum
781 2250 986 2292 naturam,
1009 2240 1184 2283 humani
1211 2241 1378 2298 generis
1407 2242 1670 2284 societatem.

171 2302 223 2339 22
237 2300 315 2351 Ut,
346 2299 380 2340 si
413 2298 750 2355 unumquodque
776 2298 1015 2340 membrum
1051 2313 1219 2340 sensum
1254 2299 1366 2340 hunc
1400 2299 1590 2350 haberet,
1622 2306 1672 2340 ut

233 2370 358 2413 posse
390 2364 572 2411 putaret,
602 2369 646 2396 se
665 2355 814 2406 valere,
844 2356 879 2397 si
907 2355 1087 2411 proximi
1114 2355 1294 2397 membri
1319 2354 1588 2397 valitudinem
1616 2355 1671 2397 ad

232 2427 277 2454 se
311 2412 592 2464 traduxisset3
629 2411 850 2464 debilitari,
887 2420 930 2454 et
963 2411 1132 2453 interire
1171 2422 1312 2454 totum
1345 2426 1501 2469 corpus
1533 2421 1574 2445 2⁰
1593 2426 1669 2453 ne-

276 2532 315 2558 16
332 2526 488 2567 praeclaris
506 2526 619 2568 factis]
652 2527 759 2558 Immo
784 2526 929 2567 praeclare

219 2570 330 2611 factis.

278 2619 311 2648 17
337 2612 422 2643 immo
435 2624 504 2642 vero
517 2612 689 2642 honestalem
705 2611 818 2642 utilitas
833 2619 929 2642 secuta

227 2654 283 2695 fest]
311 2656 362 2687 Sic
383 2656 478 2686 edidit
502 2656 657 2692 Pearcius,
674 2662 710 2686 ut
728 2662 879 2695 repererat
896 2656 928 2686 in

229 2698 315 2730 llbris
331 2699 553 2730 vetustioribus
574 2699 734 2735 Muretus,
753 2700 815 2738 ipse
832 2699 928 2729 etiam

231 2742 263 2772 in
290 2743 426 2773 duobus.
454 2749 548 2782 atque
573 2742 614 2772 ita
640 2751 750 2772 sensus
779 2741 928 2781 postulat,

229 2785 285 2824 qui
309 2793 355 2816 est
376 2786 449 2816 hic:
473 2796 526 2815 nrm
542 2795 588 2815 res
612 2791 736 2825 propter
758 2785 928 2816 utilitatem

231 2829 364 2861 honesta
378 2828 444 2861 visa
459 2835 516 2867 est,
533 2829 586 2860 sed
609 2838 656 2861 res
680 2829 813 2862 honesta
831 2829 929 2860 etiam

972 2526 1058 2558 utilis
1075 2534 1194 2567 reperta
1209 2533 1265 2557 est.

1018 2577 1055 2601 18
1081 2571 1180 2609 Perip.
1195 2568 1310 2609 nostris]
1338 2570 1475 2611 Reposui
1495 2569 1597 2600 nostris
1614 2579 1670 2610 pro

971 2612 1090 2650 vestris,
1109 2620 1144 2643 ut
1159 2622 1262 2652 supra.

1018 2663 1054 2689 19
1078 2655 1156 2685 tollit
1167 2656 1330 2686 convictum
1342 2653 1512 2695 humanum]
1529 2655 1671 2693 Librarii,

971 2700 1027 2739 qui
1057 2709 1154 2730 usum
1178 2699 1263 2730 verbi
1295 2700 1441 2729 convictus
1470 2699 1669 2737 ignorabant,

973 2749 1177 2773 mutaverunt
1201 2742 1233 2772 in
1257 2739 1450 2782 confide-tum,
1474 2742 1669 2779 convinctum,

973 2792 1009 2817 ut
1025 2786 1057 2816 in
1074 2786 1151 2816 Mss.
1170 2786 1267 2816 Goth.
1284 2785 1360 2815 Cur.

1016 2836 1057 2863 20
1079 2840 1186 2860 necesse
1211 2827 1294 2870 esset]
1326 2827 1408 2861 Dedi
1436 2836 1514 2860 cum
1542 2826 1668 2860 Pearcio
