1844 3202
591 100 768 139 LIBER
806 95 1047 136 PRIMUS.
1458 102 1532 142 715

106 207 214 250 Sunt
233 208 299 251 his
320 208 390 250 alii
410 208 589 250 multum
616 206 814 262 dispares,
837 204 1047 258 simplices
1076 210 1118 243 et
1139 202 1299 257 aperti:
1329 204 1400 258 qui
1430 205 1624 254 nihi1109

105 279 158 306 ex
186 265 369 315 occulto,
401 264 503 306 nihil
531 278 581 304 ex
610 263 769 303 insidiis
798 260 1011 317 agendum
1043 266 1206 314 putant,
1238 259 1415 301 veritatis
1444 262 1533 303 eul-

107 330 235 372 tores,
256 321 410 363 fraudis
430 320 611 361 inimici:
642 320 827 374 itemque
846 317 930 367 alii,
952 316 1023 372 qui
1054 314 1214 370 quidvis
1236 317 1535 375 perpetiantur,

107 377 236 418 cuivis
258 377 501 427 deserviant,
522 376 639 427 dum,
659 375 775 431 quod
795 373 933 424 velint,
951 380 1286 427 consequantur:
1320 380 1353 407 17
1373 381 1418 412 ut
1439 375 1534 414 Sul-

108 433 160 474 lae
190 435 255 474 M.
280 433 478 474 Crassum
507 433 764 473 videbamus.
787 445 872 486 quo
899 431 940 471 in
966 443 1119 484 genere
1143 428 1473 470 versutissimum
1495 439 1538 471 et

108 489 461 544 patientissimum
484 488 851 530 Lacedaemonium
871 485 1135 543 Lysandrum
1152 486 1411 540 accepimus:
1435 500 1537 526 con-

109 556 254 600 traque
290 545 617 596 Callicraticlam,
654 545 725 601 qui
763 544 986 600 praefectus
1025 541 1146 583 classi
1187 542 1403 596 proximus
1443 552 1540 597 post

109 601 374 657 Lysandrum
402 603 508 643 fuit:
541 603 727 657 itemque
761 602 800 641 in
831 599 1094 641 sermonibus
1128 606 1164 630 18
1179 598 1323 648 alium,
1354 599 1541 654 quamvis

106 667 345 712 praepotens
365 658 432 709 sit,
454 659 630 709 efficere,
651 668 698 699 ut
719 672 827 699 unus
849 656 901 697 de
923 655 1068 697 multis
1087 669 1177 696 esse
1196 654 1397 696 videatur.
1427 654 1541 710 quod

110 713 151 754 in
184 714 354 765 Catulo,
384 724 427 755 et
457 715 497 755 in
527 724 659 770 patre,
689 723 732 755 et
760 714 801 754 in
836 713 949 753 filio:
987 711 1183 767 idemque
1221 711 1263 752 in
1303 712 1359 753 Q.
1391 712 1542 753 Mucio

108 771 281 811 Mancia
301 771 492 812 vidimus.
551 771 706 812 Audivi
725 785 776 811 ex
796 768 1025 825 majoribus
1046 777 1160 818 natu,
1180 768 1261 809 hoc
1282 768 1393 809 idem
1415 768 1542 809 fuisse

109 826 152 867 in
192 827 235 867 P.
273 827 469 882 Scipione
498 828 682 868 Nasica:
714 835 944 882 contraque
974 834 1136 880 patrem
1167 825 1273 880 ejus,
1302 825 1436 876 illum,
1468 825 1585 881 quib·

108 883 174 924 Ti.
206 883 391 925 Gracchi
420 894 597 925 conatus
627 883 813 939 perditos
843 882 1076 932 vindicavit,
1107 881 1265 922 nullam
1297 882 1542 923 comitatem

110 939 308 980 habuisse
343 941 576 982 sermonis:
608 955 660 981 ne
698 941 981 981 Xenocratem
1018 937 1203 994 quidem,
1239 939 1543 980 severissimum

109 995 480 1052 philosophorum,
500 998 556 1038 ob
583 1011 761 1052 eamque
787 1011 876 1037 rem
904 995 1038 1050 ipsam
1067 1009 1270 1051 magnum
1298 995 1544 1052 clarumque

110 1052 254 1093 fuisse.
308 1053 636 1094 Innumerabiles
658 1054 749 1094 aliae
771 1051 1128 1094 dissimilitudines
1150 1061 1249 1093 sunt
1269 1061 1426 1093 naturae
1448 1068 1541 1094 mo-

111 1123 304 1164 rumque,
327 1110 500 1150 minime
520 1118 659 1151 tamen
681 1108 1067 1165 vituperandorum.
1126 1107 1374 1149 Admodum
1400 1118 1541 1151 autem
1554 1100 1618 1147 31

109 1165 291 1206 tenenda
311 1175 410 1207 sunt
429 1181 504 1207 sua
524 1167 692 1222 cuique,
713 1181 797 1207 non
817 1166 979 1214 vitiosa,
1000 1164 1074 1205 sed
1094 1173 1236 1205 tamen
1256 1165 1436 1220 propria,
1457 1181 1543 1221 quo

111 1221 275 1262 facilius
301 1222 504 1262 decorum
533 1222 652 1272 illud,
673 1221 789 1277 quod
816 1221 1057 1278 quaerimUS,
1090 1221 1330 1262 retineatur.
1352 1223 1410 1262 sic
1430 1222 1544 1263 enim

108 1287 173 1318 est
194 1277 449 1330 faciendum,
470 1288 518 1320 ut
543 1287 689 1320 contra
715 1278 946 1319 universam
975 1286 1165 1318 naturam
1186 1277 1291 1318 nihil
1319 1278 1546 1320 contenda—

113 1348 236 1375 mus:
269 1349 318 1376 ea
351 1343 493 1376 tamen
529 1343 784 1386 conservata,
819 1333 1031 1390 propriam
1067 1342 1259 1375 naturam
1293 1349 1544 1391 sequamur:

113 1397 174 1442 ut,
210 1391 337 1432 etiam
373 1392 406 1433 si
446 1391 528 1432 sint
565 1391 647 1433 alia
683 1392 875 1447 graviora
909 1400 1036 1446 atque
1071 1390 1260 1442 meliora,
1295 1400 1435 1432 tamen
1469 1407 1547 1434 nos

113 1455 149 1481 19
167 1447 306 1488 studia
323 1457 464 1489 nostra
485 1457 637 1489 nostrae
660 1458 818 1489 naturae
847 1447 995 1503 regula
1014 1447 1253 1489 metiamur.
1275 1461 1413 1503 neque
1433 1449 1546 1490 enim

110 1503 260 1545 attinet
280 1518 514 1561 repugnare
535 1513 710 1556 naturae,
732 1519 807 1546 nec
836 1503 1066 1560 quidquam
1092 1503 1226 1559 sequi,
1249 1506 1365 1560 quod
1384 1506 1548 1561 assequi

113 1574 310 1615 nequeas.
368 1562 432 1602 Ex
452 1575 538 1617 quo
558 1562 695 1617 magis
713 1561 908 1617 emergit,
930 1569 970 1593 ‘20
984 1560 1106 1616 quale
1127 1561 1181 1601 sit
1203 1560 1404 1602 decorum
1426 1561 1549 1613 illud,

111 1615 222 1667 ideo,
244 1617 343 1673 quia
362 1617 466 1659 nihil
485 1617 607 1659 decet
625 1618 752 1659 invita
776 1621 839 1672 (ut
858 1618 991 1670 aiunt)
1015 1616 1220 1668 Minerva,
1241 1617 1284 1658 id
1304 1626 1382 1667 est,
1403 1618 1548 1660 adver-

112 1683 230 1714 sante
249 1682 292 1715 et
312 1683 573 1730 repugnante
593 1684 754 1716 natura.
813 1674 1000 1717 Omnino
1030 1673 1064 1714 si
1084 1673 1317 1729 quidquam
1337 1683 1401 1715 est
1422 1674 1550 1717 deco·
1565 1682 1634 1716 111

114 1744 224 1780 rum,
257 1729 360 1770 nihil
393 1740 458 1772 est
486 1731 679 1828 profecto
709 1731 861 1787 magis,
891 1745 1019 1787 quam
1057 1730 1317 1786 aequabilitas
1348 1731 1550 1773 universae

115 1785 226 1836 vitae,
248 1795 340 1827 tum
361 1787 486 1843 singu
504 1802 621 1828 arum
645 1787 860 1829 actionum
878 1805 887 1828 ι
918 1801 1046 1842 quam
1075 1801 1319 1828 conservare
1348 1803 1431 1829 non
1451 1803 1551 1844 pos-

115 1842 186 1893 sis,
203 1842 237 1883 si
257 1842 435 1884 aliorum
455 1852 649 1885 naturam
669 1844 852 1895 imitans,
868 1844 1039 1885 omittas
1058 1851 1191 1884 tuam.
1250 1844 1313 1885 Ut
1331 1844 1442 1885 enim
1463 1860 1550 1886 ser-

114 1913 241 1940 mone
270 1913 322 1940 eo
352 1899 555 1947 debemus
585 1901 662 1952 uti,
692 1901 765 1956 qui
795 1909 920 1941 notus
947 1908 1013 1941 est
1042 1899 1177 1950 nobis,
1199 1914 1265 1951 ne,
1285 1909 1335 1942 ut
1363 1901 1551 1957 quidam,

118 1955 271 1997 Graeca
299 1956 424 1997 verba
453 1956 711 1998 inculcantes
742 1966 778 1990 21
789 1955 885 2013 jure
915 1956 1078 2012 optimo
1107 1955 1382 1998 irrideamur:
1412 1958 1471 2000 sic
1509 1959 1552 2001 in

115 2011 316 2064 actiones,
350 2026 607 2070 omnemque
641 2013 784 2066 vitam,
817 2012 977 2054 nullam
1008 2012 1328 2069 discrepantiam
1361 2015 1555 2057 conferre

159 2142 195 2172 17
221 2143 254 2166 ut
275 2135 370 2168 Sullae
394 2138 444 2169 Μ.
470 2138 606 2169 Crassum
627 2137 811 2178 videbamus]

856 2147 931 2168 men
956 2145 1082 2175 naturae,
1106 2145 1138 2169 et
1152 2140 1222 2170 edd.
1239 2139 1333 2172 Rom.
1349 2140 1482 2172 Mediol.
1499 2142 1556 2173 Vi-

114 2179 166 2210 Sic
190 2180 270 2210 bene
293 2180 357 2212 Ms.
373 2182 501 2219 Graevii,
524 2183 578 2222 qui
601 2190 632 2212 et
647 2183 692 2212 sic
707 2182 813 2212 edidit.

856 2182 972 2212 ctorius
995 2183 1092 2212 edidit
1108 2189 1216 2217 nostra,
1232 2193 1330 2223 quem
1345 2185 1438 2214 ceteri
1454 2187 1555 2220 secuti

115 2223 173 2253 int.
195 2223 342 2253 deservire
362 2234 402 2254 ex
417 2226 620 2255 antecedente
635 2224 816 2255 deserviant.

118 2266 241 2296 Frustra
255 2266 437 2307 obloquitur
452 2268 608 2299 Pearcius.

161 2315 197 2339 18
221 2308 325 2347 alium,
347 2310 399 2352 qui
414 2311 551 2352 quamvis
568 2317 601 2350 p.
619 2307 656 2348 s.]
680 2309 732 2340 Sic
748 2310 813 2340 le.

116 2351 215 2382 Goth.
230 2352 348 2383 omisso
362 2364 502 2395 quemque
515 2361 586 2394 post
607 2353 713 2391 alium,
728 2354 815 2392 quod

115 2400 146 2425 et
163 2394 306 2425 Graevius
319 2395 415 2427 deleri
436 2397 572 2427 volebat.
615 2396 675 2427 Sed
694 2405 752 2426 nec
767 2396 813 2426 sic

115 2438 189 2467 satis
205 2445 300 2467 sanus
315 2437 404 2469 locus
419 2439 552 2470 videtur.
569 2439 674 2476 alium,
690 2439 747 2469 int.
763 2439 812 2468 vi-

115 2479 219 2510 dimus.
246 2480 306 2511 Sed
321 2483 408 2520 sequi
423 2483 568 2520 debebat,
583 2482 721 2524 quamvis
730 2488 812 2521 prae-

110 2527 211 2562 potetis
233 2529 314 2560 essct,
336 2522 454 2563 ffcere,
474 2526 711 2556 ut—videretur.
725 2526 812 2564 quod

115 2566 142 2596 si
158 2566 191 2596 in
207 2564 298 2596 alium
319 2565 526 2606 intelligimus
546 2568 690 2606 videmus,
705 2577 750 2599 sc.
766 2569 814 2598 in-

116 2609 256 2646 terdum,
281 2608 474 2649 aliquand03
499 2611 578 2642 nihil
595 2612 627 2642 in
651 2612 701 2642 his
723 2611 815 2641 vitio-

116 2659 192 2681 sum
211 2652 264 2682 sit.
286 2661 365 2682 mox
385 2662 441 2692 pro
463 2653 592 2696 idemque
606 2655 684 2686 forte
700 2654 816 2685 melius

117 2694 157 2724 sit
171 2693 273 2734 legere
287 2694 421 2737 itemque.

165 2742 203 2769 19
224 2736 321 2767 studia
343 2744 439 2767 nostra
463 2744 576 2767 naturae
592 2751 623 2777 Ar.
647 2738 700 2779 m.]
727 2739 818 2770 Pear-

120 2778 190 2810 cius
204 2788 246 2810 ex
260 2779 340 2813 Mss.
354 2787 385 2812 et
399 2782 469 2812 edd.
484 2781 677 2822 quibusdam
692 2793 738 2823 pr.
753 2783 818 2813 edi-

117 2821 164 2852 dit
179 2828 291 2857 nostre.
313 2824 358 2859 sic
381 2830 411 2856 et
435 2825 498 2858 Ms.
521 2825 618 2857 Goth.
633 2826 750 2860 omissa
770 2832 819 2857 ta·

856 2230 942 2255 sunt.
959 2225 1040 2254 mihi
1062 2226 1185 2255 videtur
1206 2225 1378 2266 legendum
1395 2228 1490 2258 studia
1506 2240 1556 2259 no-

855 2274 916 2297 stra
931 2275 1035 2297 nostrae
1049 2275 1164 2298 naturae
1179 2269 1280 2308 regula
1295 2270 1458 2303 metiamur.
1475 2281 1555 2303 neu-

856 2316 942 2340 trum
964 2311 1053 2341 enim
1081 2313 1251 2342 commode
1280 2313 1424 2344 abfuerit.
1450 2321 1556 2345 nostra·

856 2359 971 2383 naturae
986 2353 1105 2384 habent
1119 2354 1189 2385 edd.
1205 2355 1275 2385 Col.
1293 2356 1382 2396 Mog.

899 2403 940 2428 20
963 2396 1048 2437 quale
1065 2397 1104 2426 sit
1125 2396 1255 2427 decorum
1272 2398 1358 2436 illud,
1375 2399 1447 2437 ideo,
1464 2399 1552 2442 quia]

855 2438 919 2470 Hie
939 2439 1030 2470 locus
1053 2450 1105 2471 me
1125 2450 1250 2480 semper
1270 2443 1417 2479 offendit,
1431 2454 1490 2474 nec
1505 2454 1555 2474 sa-

854 2492 937 2513 num
959 2489 1047 2522 puto.
1090 2483 1194 2514 Etiam
1217 2484 1286 2515 libri
1308 2495 1368 2516 scr.
1389 2496 1455 2516 non
1477 2496 1555 2517 con-

854 2526 1005 2556 sentiunt.
1050 2526 1120 2560 Sed,
1133 2527 1227 2564 nihil,
1243 2530 1329 2566 quod
1351 2530 1554 2566 satisfaceret,

857 2570 967 2608 reperi.
983 2569 1046 2599 Ms.
1063 2569 1160 2599 Goth.
1178 2570 1284 2601 habet.
1328 2571 1380 2601 Ex
1394 2583 1447 2613 quo
1462 2572 1553 2612 magt}

857 2612 989 2651 emergit,
1006 2611 1092 2654 quale
1111 2612 1150 2642 sit
1164 2612 1392 2644 decorum—nil
1405 2621 1445 2643 es!
1455 2615 1554 2654 prefe—

858 2661 902 2683 cto
917 2655 1021 2695 magis.
1037 2654 1115 2685 illud
1134 2654 1206 2692 ideo,
1231 2657 1300 2698 quia
1324 2658 1382 2688 ὅτε.
1400 2657 1461 2687 MS.
1479 2657 1555 2687 Cur.

859 2698 956 2728 habet
970 2698 1086 2740 ideoque
1097 2708 1152 2737 pro
1168 2698 1229 2727 ideo
1243 2700 1324 2741 quia.

904 2748 941 2771 21
956 2741 1028 2779 jure
1039 2739 1158 2781 optimo]
1177 2741 1241 2771 Ms.
1258 2743 1354 2773 Goth.
1369 2741 1440 2780 jure
1457 2742 1558 2774 merito

860 2783 989 2820 melius,
1014 2793 1073 2814 nec
1100 2790 1209 2814 tamen
1239 2786 1311 2815 satis
1341 2783 1453 2824 placet.
1483 2792 1556 2822 tum

859 2825 1001 2867 plerique
1017 2825 1089 2860 libri
1102 2828 1223 2867 antiqui
1240 2827 1359 2859 habent
1374 2827 1529 2859 ridmmur.
