1844 3202
539 109 718 149 LIBER
758 107 1089 147 SECUNDUS.
1451 111 1526 150 653

97 217 270 260 fortium
290 219 584 274 bonorumque
603 216 778 257 divinos.
836 215 951 257 Bene
983 229 1095 266 vero,
1128 216 1241 270 quod
1270 217 1411 267 Mens,
1435 218 1526 259 Pie·
1538 229 1589 261 28

93 283 172 325 tas,
202 275 364 325 Virtus,
395 274 529 324 Fides,
561 281 600 305 84
617 280 887 314 consecratur
922 286 1076 312 manu·
1117 286 1293 327 quarum
1335 276 1527 316 omnium

96 331 243 372 Romae
265 332 456 372 dedicata
474 329 641 385 publice
671 329 829 385 templa
848 337 960 377 sunt,
980 337 1028 368 ut
1047 327 1118 368 illa
1140 328 1211 383 qui
1230 328 1412 370 habeant
1435 330 1527 382 (ha-

95 386 197 428 bent
226 400 368 428 autem
399 401 546 428 omnes
576 386 694 438 boni)
727 385 829 426 deos
859 385 972 440 ipsos
1002 384 1044 425 in
1065 385 1214 425 animis
1237 384 1322 426 suis
1343 386 1529 426 colloca-

94 451 161 483 tos
199 453 362 498 putent.
420 444 534 484 Nam
570 441 674 483 illud
708 442 919 491 vitiosum,
956 440 1135 481 Athenis
1173 441 1304 496 quod,
1342 441 1529 496 Cylonio

94 499 249 540 scelere
279 500 460 555 expiato,
481 497 727 554 Epimenide
758 497 886 539 Crete
911 496 1125 548 suadente,
1147 497 1338 538 fecerunt
1359 498 1528 539 Contu-

93 554 231 596 meliae
263 556 407 596 fanum
437 565 480 597 et
511 555 805 609 Impudentiae.
837 555 1009 595 virtutes
1040 553 1167 604 enim,
1188 569 1273 595 non
1303 554 1401 595 vitia
1424 569 1528 595 con-

91 625 254 652 secrare
275 612 410 653 decet.
467 620 504 644 8⁵
518 612 690 667 Araque
711 620 828 652 vetus
848 619 931 652 stat
946 610 989 650 in
1011 610 1184 660 Palatio,
1206 610 1372 651 Febris:
1402 619 1446 652 et
1466 611 1526 652 al·

92 675 182 708 tera
208 669 419 724 Esquiliis,
453 674 491 700 86
511 669 639 709 Malae
675 668 886 717 Fortunae,
918 667 1136 707 detestatae
1140 681 1236 722 que,
1271 681 1365 731 quae
1386 667 1530 710 omnia

92 722 304 780 ejusmodi
325 724 581 781 repudianda
601 732 711 765 sunt.
769 722 901 779 Quod
930 724 963 764 si
983 682 1178 778 fingendqa
1199 738 1382 774 nomina,
1400 724 1529 765 Vice-

91 789 204 834 potae
238 782 380 834 potius
408 780 612 831 vincendi,
642 789 767 844 atque
796 779 1003 834 potiundi,
1035 787 1072 815 87
1093 780 1427 836 statassandique
1453 795 1528 821 co-

91 838 312 891 gnoinina,
335 838 527 887 Statoris,
547 846 589 878 et
611 836 760 877 Invicti
780 836 921 877 Jovis:
953 850 1179 900 rerumque
1199 837 1528 901 expetendarum

92 894 279 943 nomina,
310 894 480 944 Salutis,
511 894 714 943 Honoris,
746 893 866 956 Opis,
895 892 1110 933 Victoriae.
1141 894 1427 949 quoniamque
1456 908 1528 934 ex-

91 950 351 1002 spectatione
381 965 520 991 rerum
550 950 758 990 bonarum
789 949 965 1004 erigitur
992 950 1172 1000 animus,
1203 959 1315 991 recte
1346 950 1475 991 etiam
1506 964 1530 991 a

95 1004 293 1047 Calatino
324 1007 428 1062 Spes
459 1017 702 1048 consecrata
730 1014 821 1046 est:
860 1007 1127 1061 Fortunaque
1157 1006 1211 1047 sit
1240 1006 1303 1047 vel
1336 1006 1576 1063 Hujusceb

92 1062 189 1112 diei,
211 1078 307 1104 nam
329 1065 465 1104 valet
456 1079 499 1104 m
520 1077 666 1104 omnes
687 1062 791 1113 dies,
812 1063 876 1103 vel
896 1063 1153 1127 Respiciens,
1169 1063 1223 1103 ad
1243 1078 1369 1118 opem
1391 1066 1528 1104 feren-

93 1118 221 1169 dam3
253 1120 316 1160 vel
351 1121 468 1170 Fors,
503 1120 543 1160 in
580 1134 665 1175 quo
702 1118 850 1159 incerti
887 1132 1007 1159 casus
1047 1119 1337 1174 significantur
1376 1120 1529 1176 magis,

94 1182 132 1206 8⁸
152 1174 214 1215 vel
236 1176 489 1230 Primigenia
508 1183 548 1210 89
564 1190 587 1216 a
605 1174 838 1230 gignendO,
861 1174 1033 1215 Comes·
1056 1183 1163 1216 tum.

648 1251 810 1292 Desunt
827 1261 975 1305 pauca.

147 1333 174 1358 ²*
192 1331 404 1372 Feriarum
427 1331 716 1394 festorumque
735 1328 899 1370 dierum
929 1329 1037 1370 ratio
1055 1329 1097 1370 in
1123 1329 1264 1370 liberis
1294 1330 1525 1386 requietem
1543 1328 1606 1375 12

91 1387 222 1428 habet
250 1387 389 1428 litium
417 1396 461 1428 et
483 1385 752 1450 jurgiorum3
783 1386 826 1426 in
856 1386 995 1436 servis,
1026 1400 1204 1441 operum
1227 1397 1270 1428 et
1304 1387 1524 1429 laborum.
1515 1402 1590 1443 ·29

91 1458 197 1500 quas
228 1452 268 1478 90
283 1443 544 1508 compositor
573 1443 669 1483 anni
699 1447 890 1483 conterre
922 1442 1050 1484 debet
1079 1452 1121 1483 et
1150 1443 1202 1483 ad
1223 1443 1529 1498 perfectionem

89 1515 267 1556 operum
297 1501 566 1541 11151100111111.
598 1508 634 1533 91
654 1499 771 1555 quod
800 1508 983 1554 tempus,
1014 1511 1061 1540 tt
1094 1500 1392 1540 sacrificiorum
1422 1501 1531 1542 liba-

91 1565 235 1598 menta
251 1566 479 1606 serventur,
507 1557 716 1620 faetusque
736 1570 904 1611 11300111-
898 1571 954 1600 .,n
975 1571 1068 1611 quae
1104 1556 1245 1596 dicta'
1236 1572 1278 1597 m
1297 1556 1395 1612 lege
1417 1566 1532 1609 sunt,

89 1613 316 1669 diligenter
351 1612 544 1654 habenda
576 1614 684 1654 ratio
719 1612 991 1654 intercalandi
1025 1621 1101 1653 est.
1139 1612 1254 1668 quod
1288 1613 1531 1656 institutum

91 1671 226 1726 perite
255 1685 281 1711 a
309 1671 469 1720 Numa,
506 1670 784 1724 posteritrun
823 1684 871 1724 p<
883 1669 1073 1710 ntificum
1104 1669 1365 1725 negligentia
1395 1670 1529 1712 disso-

90 1727 228 1769 lutum
253 1735 330 1768 est.
379 1727 403 1768 J
408 1741 475 1767 am
495 1721 601 1767 iilud
619 1741 670 1766 ex
690 1726 892 1767 institutis
912 1726 1219 1781 13011111101111101
1208 1725 1531 1782 haruspicum,

91 1797 176 1824 non
205 1783 457 1824 mutandum
484 1791 562 1833 est,
593 1782 746 1839 quibus
769 1782 917 1823 hostiis
938 1782 1245 1824 immolandum
1266 1783 1418 1839 cuique
1435 1784 1531 1835 deo,

133 1937 174 1962 84
196 1936 374 1959 consecratur
397 1927 496 1967 manu]
516 1929 620 1959 Verbo
636 1939 721 1957 manu
742 1939 787 1959 re-

62 1995 64 1997 >
89 1974 166 2014 spici
189 1981 303 2013 putant
325 1974 364 2003 ad
385 1973 481 2002 ritum
497 1973 785 2003 consecrandorum

88 2017 298 2057 templorum,
322 2018 355 2046 in
370 2025 434 2054 quo
451 2016 488 2050 is,
504 2016 560 2053 qui
577 2023 784 2052 consecraret,

89 2069 213 2099 postem
236 2060 353 2089 forium
379 2068 479 2088 manu
505 2058 642 2088 tenebat.
669 2059 720 2087 sed
746 2060 784 2088 ad

90 2103 181 2133 hunc
206 2103 302 2132 ritum
327 2101 468 2131 allusisse
495 2100 528 2130 in
556 2102 589 2130 h.
616 2100 637 2130 l.
663 2101 788 2131 Cicero-

89 2155 180 2182 nem,
197 2152 262 2175 non
286 2145 387 2184 placet
410 2144 552 2179 Davisio‚
568 2144 624 2182 qui
647 2145 786 2184 corrigit,

81 2188 205 2230 jamque
219 2188 270 2217 diu
284 2188 388 2217 harum
402 2199 422 2216 ο.
443 2197 508 2216 non
524 2186 638 2226 placet.

133 2237 172 2262 85
196 2231 318 2273 Araque
341 2236 422 2260 vetus
444 2228 516 2268 stzt]
543 2231 563 2260 i.
578 2239 606 2259 e.
623 2239 676 2259 ara
690 2230 787 2260 etiam

89 2274 141 2304 vel
163 2283 312 2323 quoque:
336 2274 499 2312 quomodo
526 2279 557 2302 et
581 2271 654 2302 alibi
682 2280 729 2302 est
752 2273 785 2303 in

89 2317 243 2357 principio
263 2317 412 2347 orationis
435 2328 500 2357 que,
523 2316 661 2345 serviens
675 2317 787 2346 transi,

89 2360 179 2390 tioni.
223 2360 306 2391 Libri
328 2360 460 2399 quidam
475 2359 580 2397 scripti
596 2359 716 2388 habent
732 2370 786 2388 ve-

90 2401 249 2432 tristissima
271 2410 324 2441 cst,
348 2402 414 2439 alii,
436 2408 474 2432 ut
488 2409 519 2432 et
534 2401 642 2432 Guelf.
659 2402 786 2431 vetusti-

89 2456 139 2475 ma
155 2452 206 2475 est.

134 2493 174 2519 86
199 2485 296 2518 Malae
323 2486 459 2516 Fortunae
481 2485 700 2528 detestataeque]
730 2486 785 2517 Vi-

89 2531 173 2562 tium
195 2539 261 2561 esse
285 2529 317 2559 in
339 2529 500 2566 detestare,
517 2530 609 2560 facile
629 2531 732 2560 credo.
747 2531 785 2560 de

87 2574 312 2605 emendatione
340 2573 433 2603 variae
468 2580 544 2603 sunt
579 2572 784 2611 conjecturae,

89 2625 202 2647 omnes
237 2616 389 2646 dun'ores.
431 2615 574 2654 Sequens
600 2626 666 2657 quae
696 2616 785 2646 abest

89 2660 154 2691 Ms.
181 2658 288 2690 Guelf.
313 2658 406 2688 bene.
427 2659 550 2697 opinor.
574 2668 652 2689 narn
675 2669 784 2701 quae—

90 2701 224 2748 q'usmodi
238 2702 347 2732 durius
363 2707 420 2731 est.

134 2750 172 2779 87
197 2743 389 2783 statassandirj
414 2751 446 2774 vn
470 2742 559 2774 Clav.
580 2744 613 2774 in
637 2744 671 2774 h.
692 2753 723 2774 v.
740 2755 785 2774 co-

88 2786 224 2827 gnomina
239 2788 296 2817 int.
312 2787 488 2826 fingamus,
506 2785 556 2816 vel
579 2795 783 2826 usurpemus,

88 2830 217 2861 velsint.

146 2883 264 2913 vel..
289 2884 357 2912 lv.
380 2883 421 2912 Ρ.
443 2882 500 2911 11.

877 1935 914 1959 88
939 1927 993 1958 vel
1007 1926 1204 1968 Primigenia]
1228 1929 1334 1970 Vulgo
1358 1930 1443 1960 male
1459 1930 1529 1961 Pri-

831 1972 998 2011 migeniam.
1010 1971 1089 2001 illud
1104 1973 1225 2002 edidere
1236 1972 1420 2009 Turnebus,
1435 1973 1528 2004 Lam-

830 2014 924 2044 binus
940 2022 970 2044 et
986 2015 1146 2050 Davisius,
1159 2016 1317 2054 habetque
1332 2017 1394 2046 Ms.
1406 2017 1528 2048 Harlei.

873 2063 912 2090 89
935 2070 953 2085 α
965 2057 1119 2097 gignendo,
1140 2057 1251 2096 Comes]
1270 2059 1321 2088 Sic
1334 2060 1528 2098 interpunxi-

831 2109 908 2129 nam
932 2110 1019 2129 comes
1041 2107 1088 2130 est
1109 2101 1271 2140 epitheton
1289 2102 1445 2132 Fortunae.
1467 2110 1527 2132 tum

831 2143 960 2180 indicat,
985 2143 1136 2173 excidisse
1158 2144 1220 2174 alia
1237 2145 1430 2184 cognomina
1454 2145 1527 2175 For-

830 2192 929 2215 tunae.
974 2186 1122 2216 Davisius
1144 2187 1270 2217 delevit.
1293 2195 1325 2217 et
1347 2189 1468 2218 variant
1489 2188 1527 2219 li·

830 2228 889 2259 bri.
905 2229 1000 2259 multi
1017 2229 1137 2259 habent
1152 2241 1215 2259 cum
1231 2231 1391 2271 estferiam
1409 2236 1468 2261 istc.

872 2278 913 2304 90
935 2272 1100 2311 compositor
1121 2273 1202 2312 anni]
1230 2273 1284 2303 Est
1299 2275 1453 2313 pontifex,
1470 2275 1528 2313 qui

829 2314 937 2345 Fastos
958 2316 1092 2345 ordinat.
1137 2316 1219 2346 Libri
1243 2316 1296 2346 alii
1323 2324 1440 2348 veteres
1469 2318 1527 2347 ha-

827 2358 905 2387 bent
920 2358 1090 2398 compositio,
1107 2360 1193 2397 quod
1209 2366 1239 2388 et
1252 2370 1357 2399 ipsum
1368 2360 1437 2390 ferri
1455 2370 1528 2399 pos-

827 2407 884 2430 set.
901 2410 979 2430 mox
995 2408 1022 2430 er
1036 2401 1152 2432 delevit
1166 2401 1324 2432 Davisius.
1363 2403 1393 2432 Si
1411 2403 1528 2433 intelli-

827 2444 912 2482 gitur
925 2444 1050 2474 dictum
1065 2454 1120 2483 pro
1135 2445 1235 2482 etiam,
1251 2455 1362 2476 sensus
1386 2446 1423 2476 fit
1436 2455 1526 2477 corn-

828 2487 955 2516 modus.
971 2494 1041 2517 tum
1066 2489 1098 2518 in
1121 2490 1345 2527 componendo
1365 2498 1450 2519 anno
1471 2490 1526 2519 de-

827 2530 882 2559 bet
903 2531 980 2560 ratio
1003 2530 1296 2569 haberi-feriarum,
1314 2538 1350 2562 ut
1365 2532 1473 2562 rustici
1494 2538 1525 2561 et

828 2572 907 2602 servi
923 2573 1062 2603 habeant
1077 2575 1237 2604 interdum
1253 2574 1372 2613 aliquid
1386 2575 1453 2610 otii,
1470 2575 1525 2604 sed

826 2615 880 2651 ita,
905 2622 942 2645 ut
964 2625 1004 2645 ne
1027 2626 1074 2646 res
1101 2617 1217 2647 rustica
1244 2619 1316 2647 inde
1344 2619 1525 2647 incommo-

825 2659 907 2688 dum
931 2659 1048 2698 capiat,
1069 2668 1129 2689 nec
1153 2669 1247 2699 opera
1266 2661 1383 2691 rustica
1402 2662 1524 2699 possint

824 2700 957 2731 absolvi.

875 2751 911 2776 91
939 2744 1016 2786 quod
1028 2743 1151 2785 tempus]
1170 2745 1242 2775 Hoc
1257 2755 1321 2784 quo
1337 2745 1483 2783 referam,
1499 2751 1532 2775 et

825 2788 989 2825 quomodo
1004 2787 1194 2827 intelligam,
1212 2788 1332 2824 nescio,
1346 2796 1405 2818 nec
1418 2789 1527 2819 dixere

827 2829 894 2866 alii,
909 2831 995 2869 quod
1009 2831 1122 2862 sciam.

824 2883 906 2911 Uu
