1844 3202
273 160 348 192 802
778 152 940 190 CATO
979 152 1186 190 MAJOR

211 272 262 313 29
267 259 528 316 juventutis?
561 260 630 301 An
661 275 712 301 ne
742 275 809 302 eas
840 261 1008 318 quidem
1034 261 1139 302 vires
1169 259 1369 301 senectuti
1397 259 1696 314 relinquemus,

274 325 322 358 ut
356 316 691 359 adolescentulos
727 317 890 368 doceat,
926 318 1130 367 instituat,
1162 317 1214 357 ad
1241 331 1365 358 omne
1393 316 1515 356 officii
1545 330 1697 356 munus

273 372 473 414 instruat?
493 389 578 430 quo
596 374 764 429 quidem
781 387 907 428 opere
922 373 1023 428 quid
1041 382 1180 428 potest
1195 388 1284 414 esse
1303 373 1561 428 praeclarius?
1586 370 1698 411 Mihi

272 443 371 470 vero
399 429 483 470 Cn.
513 439 555 471 et
586 431 629 471 P.
655 430 886 485 Scipiones,
910 439 952 470 et
984 429 1046 470 avi
1076 429 1137 469 tui
1167 429 1266 479 duo,
1286 431 1334 470 L.
1354 428 1567 478 AEmilius,
1589 436 1632 468 et
1655 428 1699 467 P.

273 486 500 527 Africanus
528 487 733 527 comitatu
761 486 964 527 nobilium
989 487 1193 541 juvenum
1220 485 1418 525 fortunati
1439 484 1697 526 videbantur.

166 557 197 587 P·
213 553 351 584 ⁸8·nec
380 543 455 583 ulli
482 543 687 583 bonarum
716 542 867 583 artium
896 542 1086 596 magistri
1108 556 1190 581 non
1210 540 1321 581 beati
1340 541 1529 595 putandi,
1550 555 1700 596 quam-

233 599 262 619 ³·
275 600 332 641 vis
354 599 649 640 consenuerint
671 599 788 649 vires,
803 607 928 653 atque
949 597 1192 638 defecerint.
1215 597 1291 637 etsi
1313 598 1392 637 ista
1411 597 1498 652 ipsa
1519 596 1699 637 defectio

273 656 436 705 virium,
456 655 751 696 adolescentiae
779 655 885 696 vitiis
917 654 1094 695 efficitur
1125 653 1290 709 saepiuS‚
1312 668 1436 709 quam
1461 653 1700 694 senectutis.

273 711 496 756 libidinosa
512 712 667 753 etenim
684 720 727 752 et
749 711 1027 766 intemperans
1044 710 1325 751 adolescentia
1340 710 1527 750 effoetum
1548 723 1703 764 corpus

210 775 263 806 30
274 768 401 810 tradit
421 768 642 809 senectuti.
703 768 842 824 Cyrus
864 767 1033 823 quidem
1056 767 1168 822 apud
1190 766 1519 821 Xenophontem
1541 780 1592 806 co
1614 780 1700 806 ser-

272 839 414 875 mone,
436 840 562 881 quem
582 825 764 866 moriens
785 824 946 875 habuit,
969 839 1065 865 cum
1087 823 1315 864 admodum
1339 837 1462 863 senex
1484 831 1606 873 esset,
1628 835 1702 862 ne-

271 891 348 936 gat
369 896 412 922 se
433 896 636 936 umquam
657 881 847 931 sensisse,
867 889 1124 921 senectutem
1151 894 1269 921 suam
1300 878 1616 919 imbecilliorem
1637 879 1700 918 fa-

271 948 401 988 ctam,
422 952 548 992 quam
569 937 852 977 adolescentia
872 937 1031 978 fuisset.
1090 938 1185 991 Ego
1207 938 1256 976 L.
1280 935 1506 976 Metellum
1530 934 1701 975 memini

271 1007 389 1048 puer,
415 994 503 1048 (qui
531 1008 630 1034 cum
659 993 933 1049 quadriennio
961 1001 1057 1047 post
1077 993 1254 1033 alterum
1276 991 1539 1032 consulatum
1562 991 1701 1046 ponti-

271 1049 340 1090 fex
361 1050 568 1090 maximus
589 1049 725 1090 factus
749 1057 872 1099 esset,
893 1049 1039 1104 viginti
1066 1059 1108 1089 et
1129 1048 1235 1089 duos
1257 1062 1386 1088 annos
1407 1047 1445 1087 ei
1466 1047 1700 1088 sacerdotio

271 1106 456 1161 praefuit)
492 1106 549 1148 ita
579 1106 701 1147 bonis
731 1120 821 1146 esse
853 1105 1008 1146 viribus
1036 1113 1222 1145 extremo
1254 1114 1444 1158 tempore
1475 1103 1625 1153 aetatis,
1654 1112 1703 1144 ut

271 1162 598 1204 adolescentiam
621 1178 705 1204 non
726 1162 967 1218 requireret.
1005 1161 1127 1203 Nihil
1149 1175 1316 1202 necesse
1338 1169 1400 1200 est
1421 1160 1540 1210 mihi,
1562 1159 1613 1200 de
1635 1175 1702 1200 me

272 1218 363 1274 ipso
383 1219 541 1260 dicere:
566 1234 825 1275 quamquam
846 1227 910 1259 est
929 1218 971 1259 id
988 1218 1159 1274 quidem
1180 1218 1321 1268 senile,
1336 1217 1531 1272 aetatique
1549 1226 1702 1257 nostrae

194 1271 260 1318 10
272 1276 531 1317 conceditur.
590 1284 629 1307 ³³2
645 1276 877 1326 Videtisne,
898 1284 945 1316 ut
967 1275 1078 1330 apud
1101 1275 1339 1315 Homerum
1361 1273 1589 1328 saepissime
1611 1273 1702 1327 Ne-

208 1346 254 1376 31
273 1342 360 1373 stor
381 1332 433 1373 de
454 1332 676 1374 virtutibus
699 1333 783 1373 suis
813 1331 1044 1388 praedicet?
1078 1331 1243 1372 tertiam
1274 1330 1383 1370 enim
1411 1331 1500 1385 jam
1533 1339 1702 1370 aetatem

271 1388 493 1430 hominum
523 1390 683 1430 vivebat
702 1405 711 1429 :
742 1404 816 1429 nec
843 1398 933 1430 erat
952 1388 990 1428 ei
1010 1387 1251 1436 verendum,
1274 1401 1324 1427 ne
1346 1400 1439 1427 vera
1459 1385 1511 1426 de
1532 1400 1574 1426 se
1595 1400 1702 1440 prae-

270 1445 429 1496 dicans,
450 1445 574 1486 nimis
600 1446 808 1486 videretur
840 1456 912 1486 aut
941 1444 1137 1494 insolens,
1163 1453 1235 1485 aut
1262 1443 1429 1498 loquax.
1461 1443 1614 1483 etenim
1640 1446 1703 1492 (ut

271 1501 330 1542 ait
362 1497 592 1555 Hofnerus)
625 1517 675 1543 ex
705 1501 794 1557 ejus
825 1502 968 1556 lingua
999 1500 1121 1541 melle
1156 1500 1320 1540 dulcior
1350 1499 1506 1540 fluebat
1537 1499 1700 1539 oratio:

271 1572 397 1613 quam
419 1557 471 1601 ad
492 1559 738 1604 suavitatem
767 1557 890 1598 nullis
911 1558 1062 1612 egebat
1083 1556 1269 1611 corporis
1289 1556 1441 1596 viribus
1461 1573 1470 1596 ε
1502 1564 1542 1596 et
1563 1565 1703 1596 tamen

272 1622 311 1646 33
331 1614 415 1656 dux
434 1614 504 1657 ille
528 1615 707 1655 Graeeiae
727 1629 934 1670 nusquam
956 1622 1090 1669 optat,
1113 1622 1159 1653 ut
1188 1612 1332 1668 Ajacis
1365 1611 1520 1652 similes
1551 1611 1704 1652 habeat

272 1670 434 1718 decem,
455 1680 499 1711 at
531 1680 580 1712 ut
609 1671 805 1711 Nestoris
824 1686 835 1721 ;
866 1669 982 1726 quod
1003 1669 1037 1710 si
1057 1669 1269 1719 acciderit,
1291 1684 1373 1709 non
1402 1668 1581 1718 dubitat,
1603 1668 1704 1724 quin

207 1735 259 1768 32
271 1727 385 1769 brevi
412 1727 541 1783 Troja
561 1727 614 1770 sit
631 1726 829 1782 peritura.
888 1726 972 1767 Sed
992 1725 1119 1766 redeo
1141 1725 1194 1766 ad
1216 1740 1297 1766 me.
1330 1733 1526 1780 quartum
1548 1739 1703 1765 annum

271 1798 355 1840 ago
389 1791 432 1825 et
464 1784 799 1839 octogesimum:
831 1782 1027 1838 equidem
1058 1797 1181 1837 posse
1211 1781 1359 1822 vellem
1386 1781 1497 1822 idem
1518 1780 1705 1835 gloriari,

272 1839 387 1897 quod
413 1840 579 1897 Cyrus:
610 1840 681 1881 sed
703 1849 844 1881 tamen
864 1839 946 1880 hoc
968 1853 1076 1894 queo
1098 1838 1252 1886 dicere,
1274 1853 1356 1878 non
1377 1852 1444 1878 me
1464 1837 1633 1892 quidem
1656 1837 1705 1878 iis

270 1911 361 1938 esse
381 1897 551 1948 viribus,
574 1897 727 1953 quibus
755 1905 828 1937 aut
854 1895 975 1937 miles
1004 1895 1115 1936 bello
1139 1894 1310 1945 Punico,
1331 1903 1404 1935 aut
1424 1902 1609 1949 quaestor
1630 1908 1703 1934 eo-

273 1953 369 1995 dem
391 1953 522 2003 bello,
543 1964 616 1994 aut
645 1952 792 1994 consul
824 1953 865 1993 in
897 1951 1104 2007 Hispania
1133 1952 1303 2001 fuerim,
1329 1959 1401 1991 aut
1433 1949 1704 2005 quadriennio

227 2023 260 2053 b.
272 2019 384 2065 post,
401 2018 439 2042 84
451 2025 548 2050 culn
570 2010 762 2050 tribunus
782 2009 972 2049 militaris
995 2008 1229 2063 depugnavi
1251 2007 1364 2062 apud
1382 2005 1705 2062 Thermopylas,

272 2068 348 2108 M?
373 2066 514 2108 Acilio
537 2066 767 2107 Glabrione
787 2064 981 2106 consule:
1003 2063 1076 2105 scd
1095 2072 1234 2104 tamen
1259 2066 1323 2116 (ut
1343 2077 1414 2103 vos
1435 2061 1596 2115 videtis)
1621 2077 1705 2104 non

270 2122 394 2177 plane
429 2137 497 2163 me
530 2121 752 2172 enervavit,
784 2136 861 2163 nec
897 2120 1041 2162 afflixit
1076 2128 1292 2161 senectus:
1337 2133 1419 2160 non
1455 2119 1571 2160 curia
1599 2119 1702 2160 vires

270 2193 387 2220 meas
420 2178 642 2229 desiderat,
677 2193 761 2219 non
793 2179 958 2228 Rostra,
990 2192 1074 2218 non
1110 2176 1249 2227 amici,
1284 2190 1368 2216 non
1398 2175 1583 2225 clientes,
1619 2190 1704 2219 non

270 2234 474 2290 hospites.
505 2249 581 2276 nec
603 2235 715 2275 enim
735 2249 939 2290 umquam
959 2249 1051 2275 sum
1074 2247 1264 2274 assensus
1285 2232 1412 2273 veteri
1432 2231 1492 2272 illi
1512 2230 1705 2273 laudato-

272 2306 355 2348 que
376 2291 610 2347 proverbio,
631 2291 747 2348 quod
767 2298 927 2341 monet,
949 2298 1112 2331 mature
1144 2289 1231 2331 fieri
1259 2302 1414 2339 senem,
1437 2288 1471 2332 si
1501 2287 1573 2335 diu
1604 2287 1702 2334 velis

271 2362 362 2393 esse
392 2362 530 2390 senex.
589 2349 686 2403 Ego
720 2362 815 2389 vero
848 2362 917 2388 me
952 2347 1090 2387 minus
1120 2346 1193 2387 diu
1224 2359 1365 2387 senem
1398 2358 1487 2385 esse
1517 2343 1703 2395 mallem,

273 2419 400 2460 quam
431 2417 522 2445 esse
552 2418 693 2446 senem
725 2414 836 2454 ante,
863 2418 989 2459 quam
1020 2417 1171 2443 essem.
1232 2402 1380 2458 Itaque
1411 2414 1534 2441 nemo
1563 2400 1702 2443 adhuc

273 2460 493 2502 convenire
513 2475 581 2501 me
602 2460 748 2511 voluit,
769 2461 837 2501 cui
858 2460 1010 2501 fuerim
1031 2467 1277 2514 occupatus.
1322 2458 1384 2509 At
1404 2457 1543 2498 minus
1564 2456 1702 2498 habeo

210 2528 259 2562 33
273 2516 436 2567 virium,
470 2531 596 2572 quam
635 2519 817 2557 vestrum
849 2516 1017 2558 utervis.
1076 2516 1146 2556 Ne
1181 2530 1252 2555 vos
1283 2513 1453 2569 quidem
1483 2514 1532 2554 T.
1566 2513 1706 2557 Pontii

272 2573 528 2627 centurionis
555 2573 660 2624 vires
689 2573 868 2625 habetis.
899 2587 1000 2614 num
1028 2571 1185 2613 idcirco
1215 2580 1278 2612 est
1307 2571 1376 2611 ille
1406 2569 1700 2626 praestantior?

312 2714 352 2739 32
387 2705 549 2747 Videtisne]
581 2707 699 2737 Melius
730 2707 807 2737 foret
837 2707 869 2737 V
867 2706 962 2742 idetis,
1050 2711 1091 2736 34
1121 2716 1184 2734 cum
1212 2704 1342 2734 tribunus
1371 2703 1433 2734 mil.
1461 2703 1630 2743 depugnavi
1654 2710 1703 2743 ap.

268 2751 370 2781 deleto
391 2762 436 2781 ne.
473 2751 533 2780 Sed
549 2757 579 2781 et
593 2750 666 2780 alibi
687 2750 834 2780 Videtisne
848 2757 893 2780 est
909 2759 964 2789 pro
1010 2746 1109 2788 Thau]
1139 2748 1312 2778 Quomodo
1336 2748 1382 2777 vir
1412 2746 1584 2777 consularis
1611 2747 1704 2777 fuerit

268 2804 358 2823 nonne
372 2793 490 2824 videtis.
1007 2791 1077 2821 trib.
1096 2791 1187 2821 mih?
1214 2792 1316 2821 immo
1338 2790 1456 2829 legatus
1473 2790 1545 2827 suit,
1562 2796 1596 2820 ut
1612 2790 1702 2820 tradit

313 2842 350 2866 :33
379 2836 438 2865 dux
467 2835 517 2865 ille
548 2832 692 2874 Graeciae]
724 2834 962 2874 Agamemnon.
1009 2834 1114 2866 Livius
1131 2835 1165 2865 L.
1176 2834 1328 2866 XXXVI.
1344 2842 1372 2865 c.
1388 2838 1438 2868 17.
1453 2838 1501 2875 te,

270 2878 358 2909 locus
378 2878 509 2910 Homeri
525 2884 571 2910 est
586 2878 624 2909 ΙΙ.
640 2880 670 2913 β.
689 2882 761 2913 :370.
776 2888 802 2909 s-
