1844 3202
270 102 347 145 748
796 99 877 138 DE
913 101 1184 140 OFFICIIS

270 215 311 241 ⁶0
324 207 515 250 decumae
550 207 721 250 nomine
751 223 909 265 magno
944 209 1095 251 honori
1129 210 1311 252 fuerunt.
1347 225 1399 251 ne
1433 210 1500 252 M.
1531 211 1706 268 quidem

268 264 367 306 Seio
387 265 486 307 vitio
508 265 654 307 datum
677 275 754 316 est,
772 266 887 322 quod
908 273 942 297 ⁶¹
958 267 999 307 in
1019 282 1195 307 annonae
1212 268 1384 308 caritate
1402 283 1492 309 asse
1509 270 1702 312 modium

267 322 429 385 populo
452 323 584 364 dedit.
616 337 770 378 magua
790 324 900 363 enim
922 338 980 372 se,
999 334 1042 364 et
1062 324 1286 365 inveterata
1307 324 1472 371 invidia,
1491 341 1565 366 nee
1588 327 1703 382 turpi

260 387 444 434 jactura,
467 379 635 435 quando
656 389 744 419 erat
764 379 910 429 aedilis,
932 395 1008 420 nec
1040 380 1221 422 maxima
1249 380 1449 422 liberarit.
1511 382 1593 422 Sed
1622 383 1702 424 ho-

266 435 359 477 nori
394 451 563 477 summo
595 450 727 490 nuper
760 449 905 477 nostro
937 437 1093 477 Miloni
1128 437 1223 487 fuit,
1254 438 1368 492 quod
1397 438 1703 493 gladiatoribus

265 492 391 533 emtis
419 493 662 547 reipublicae
693 507 831 543 causa,
865 507 958 548 quae
990 493 1124 533 salute
1156 503 1296 534 nostra
1325 497 1633 545 continebatur,
1655 510 1702 537 o-

266 563 386 590 mnes
405 550 448 590 P.
465 549 607 591 Clodii
628 559 819 599 conatus,
838 549 1084 605 furoresque
1103 550 1364 606 compressit.
1407 551 1548 593 Causa
1570 553 1702 607 igitur

203 611 255 652 59
267 606 502 662 largitionis
534 615 611 656 est,
643 606 677 646 si
702 615 775 646 aut
804 620 972 647 necesse
1001 617 1079 657 est,
1107 617 1180 647 aut
1207 607 1324 647 utile.
1382 608 1431 648 ln
1462 609 1538 649 his‘
1556 620 1698 649 autem

265 663 366 718 ipsis
388 663 688 704 mediocritatis
714 663 863 718 regula
888 663 1051 718 optima
1080 672 1158 704 est.
1216 664 1267 704 L.
1290 664 1459 718 quidem
1484 665 1698 720 Philippus

263 722 322 777 Q.
344 722 389 762 F.
410 735 566 776 magno
594 720 654 760 vir
683 719 870 776 ingenio,
893 720 934 760 in
965 720 1194 775 primisque
1221 721 1371 771 clarus,
1392 721 1561 776 gloriari
1587 722 1698 762 sole-

262 777 350 829 bat,
373 792 417 819 se
440 777 528 818 sine
548 775 636 817 ullo
663 791 838 818 munere
859 776 1062 831 adeptum
1084 791 1175 817 esse
1196 777 1352 828 onmia,
1375 793 1468 832 quae
1491 778 1695 819 haberen-

261 843 333 876 tur
361 834 634 890 amplissima.
665 839 704 865 62
722 833 893 874 dicebat
920 833 1034 874 idem
1067 833 1119 874 C.
1153 833 1298 874 Curio.
1356 835 1496 875 Nobis
1526 850 1698 890 quoque

261 889 363 932 licet
391 891 434 932 in
465 890 548 931 hoc
579 889 899 945 quodammodo
928 890 1116 945 gloriari.
1175 891 1287 931 Nam
1315 905 1392 945 pro
1417 891 1697 946 amplitudine

262 947 491 998 honorum,
523 960 630 1002 quos
666 946 831 987 cunctis
865 947 1075 1002 suffragiis
1115 947 1258 1001 adepti
1295 962 1454 998 sumus,
1492 954 1530 979 62³
1549 958 1694 989 nostro

262 1004 434 1059 quidem
460 1017 588 1054 anno,
608 1002 724 1058 quod
757 1003 940 1058 contigit
967 1017 1113 1043 eorum
1146 1003 1317 1053 nemini,
1339 1018 1445 1058 quos
1467 1004 1598 1044 modo
1618 1019 1697 1045 no-

197 1060 431 1112 60111inavi,
461 1074 561 1101 sane
591 1059 770 1115 exiguus
801 1068 965 1100 sumtus
996 1059 1208 1100 aedilitatis
1238 1060 1333 1100 fuit.
1393 1060 1537 1115 Atque
1567 1060 1697 1102 etiam

259 1116 345 1158 illae
377 1117 580 1173 impensae
612 1115 822 1166 meliores,
845 1116 970 1167 muri,
994 1115 1166 1167 navalia,
1188 1124 1349 1171 portus,
1378 1130 1583 1171 aquarum
1612 1116 1692 1158 du-

258 1184 369 1226 ctus,
391 1174 633 1229 omniaque,
656 1188 751 1229 quae
780 1172 835 1213 ad
863 1187 989 1214 usum
1014 1173 1256 1229 reipublicae
1288 1174 1511 1228 pertinent.
1543 1188 1693 1229 quam-

220 1276 223 1277 .
257 1246 387 1287 quam
413 1230 532 1287 quod
560 1244 742 1285 praesens
773 1238 989 1285 tamquam
1020 1231 1062 1270 iu
1092 1245 1265 1271 manum
1296 1230 1434 1281 datur,
1458 1230 1700 1285 jucundius

257 1296 354 1330 est:
385 1297 528 1329 tamen
560 1287 652 1327 haec
687 1286 729 1327 in
760 1295 978 1342 posterum
1005 1287 1205 1342 gratiora.
1263 1286 1460 1337 Theatra,
1490 1288 1692 1342 porticus,

258 1359 366 1386 nova
395 1344 569 1400 templa,
600 1343 876 1385 verecundius
906 1343 1183 1399 reprehendo,
1212 1353 1384 1399 propter
1416 1344 1692 1399 Pompeium:

257 1402 333 1444 sed
362 1400 596 1443 doctissimi
624 1415 708 1441 non
739 1401 935 1456 probant,
956 1409 1005 1441 ut
1033 1409 1077 1441 et
1105 1400 1174 1441 hic
1204 1400 1293 1456 ipse
1320 1401 1542 1449 Panaetius,
1564 1415 1691 1455 quem

256 1459 443 1500 multum
466 1459 507 1499 in
528 1458 593 1498 his
613 1457 729 1498 libris
749 1466 917 1498 secutus
940 1472 1049 1509 sum,
1067 1472 1151 1498 non
1172 1457 1493 1513 interpretatus:
1517 1467 1559 1498 ct
1584 1457 1693 1498 Pha-

256 1515 394 1557 lereus
426 1515 687 1565 Demetrius,
709 1515 780 1570 qui
808 1515 1026 1565 Periclem,
1048 1515 1279 1570 principem
1312 1515 1505 1564 Graeciae,
1527 1514 1690 1569 vitupe-

255 1582 335 1624 rat,
369 1572 485 1628 quod
520 1579 557 1603 64
574 1580 734 1612 tantam
767 1571 989 1626 pecuniam
1021 1573 1115 1612 05in
1146 1570 1346 1626 praeclara
1374 1571 1445 1611 illa
1473 1572 1690 1627 propylaea

254 1629 501 1685 conjecerit.
560 1627 643 1668 Sed
666 1629 717 1668 de
740 1628 822 1668 hoc
839 1641 994 1682 genere
1014 1637 1120 1677 toto,
1140 1629 1180 1668 in
1201 1628 1250 1668 iis
1271 1627 1401 1676 libris,
1422 1642 1529 1681 quos
1551 1628 1603 1668 de
1626 1643 1691 1668 re-

254 1687 428 1741 publica
455 1685 615 1741 scripsi,
638 1685 862 1740 diligenter
886 1693 950 1725 est
970 1685 1247 1739 disputatum.
1307 1685 1416 1725 Tota
1435 1685 1564 1739 igitur
1584 1685 1690 1725 ratio

253 1743 405 1785 talium
434 1742 723 1798 largitionum,
752 1755 923 1797 genere,
943 1742 1092 1782 vitiosa
1122 1749 1209 1792 est3
1242 1741 1519 1795 temporibus,
1541 1755 1687 1781 neces-

145 1801 383 1850 P·45·saria;
406 1807 448 1841 et
469 1809 558 1840 tum
583 1799 674 1855 ipsa
693 1809 736 1839 et
757 1798 810 1839 ad
830 1798 1052 1840 facultates
1069 1797 1444 1848 accommodanda,
1460 1807 1503 1837 et
1524 1798 1687 1838 inedio-

215 1857 402 1899 a‘oritate
423 1856 682 1898 moderanda
702 1864 778 1896 est.
821 1856 869 1895 In
887 1855 960 1896 illo
979 1863 1120 1896 autem
1139 1855 1272 1895 altero
1291 1869 1446 1910 genere
1467 1854 1688 1910 largiendi,

173 1897 241 1944 18
255 1915 370 1971 quod
392 1929 416 1955 a
435 1914 687 1955 libcwalitate
708 1911 1003 1968 proficiscitur,
1024 1927 1108 1953 non
1129 1927 1214 1952 uno
1235 1911 1365 1952 modo
1387 1911 1429 1951 in
1451 1911 1686 1965 disparibus

189 1966 237 2003 61
253 1972 393 2014 causis
411 1971 550 2012 affecti
569 1984 660 2011 esse
679 1966 897 2010 debemus.
945 1969 1044 2009 Alia
1065 1983 1190 2009 causa
1209 1977 1274 2009 est
1293 1969 1399 2024 erS,
1421 1967 1493 2022 qui
1513 1968 1685 2008 calami-

252 2038 339 2070 tate
360 2029 580 2084 premitur,
597 2037 640 2068 et
658 2027 764 2083 ejus,
782 2026 855 2081 qui
877 2041 940 2066 res
961 2025 1155 2066 meliores
1178 2025 1342 2081 quaerit,
1363 2024 1490 2064 nullis
1511 2025 1597 2064 suis
1620 2039 1686 2065 re-

186 2084 240 2123 62
251 2086 332 2128 bus
353 2085 548 2126 adversis.
580 2083 830 2139 Propensior
849 2083 1087 2137 benignitas
1108 2096 1197 2123 esse
1215 2081 1385 2122 debebit
1405 2081 1445 2120 in
1468 2080 1685 2122 calamito-

249 2157 336 2194 sos,
359 2142 436 2183 nisi
466 2141 575 2181 forte
606 2149 731 2181 eruut
760 2139 879 2194 digni
909 2140 1162 2179 calamitate.
1193 2139 1235 2179 in
1268 2137 1331 2178 his
1361 2146 1517 2188 tamen,
1537 2138 1610 2193 qui
1639 2151 1683 2178 se

248 2198 438 2256 adjuvari
459 2198 612 2247 volent,
635 2212 719 2238 non
753 2205 801 2237 ut
830 2210 882 2237 ne
912 2195 1166 2251 affligantur,
1187 2194 1259 2235 sed
1293 2204 1341 2235 ut
1371 2194 1561 2235 altiorem
1583 2208 1681 2249 gra-

248 2255 352 2297 dum
373 2255 646 2305 adscendant,
660 2253 839 2295 restricti
860 2253 1033 2294 omnino
1054 2267 1144 2293 esse
1165 2251 1282 2293 nullo
1302 2251 1432 2292 modo
1451 2250 1680 2292 debemust

246 2313 323 2354 sed
349 2314 390 2354 iu
410 2311 646 2366 deligendis
666 2310 842 2362 idoneis,
868 2309 1080 2367 judicium
1111 2318 1154 2351 et
1173 2308 1437 2365 diligentiam
1467 2306 1681 2351 adhibere.

247 2383 344 2411 nam
367 2368 566 2425 praeclare
585 2368 746 2409 Ennius
764 2384 774 2408 z

289 2516 330 2542 60
356 2510 482 2539 decumae
511 2506 636 2548 nomine]
663 2509 773 2538 Quam
801 2517 845 2538 sc.
876 2506 941 2546 ipse
986 2516 1079 2537 mum
1100 2516 1140 2537 ex
1162 2506 1282 2545 legibus
1307 2514 1416 2545 capere
1433 2505 1534 2544 potui,
1553 2513 1588 2535 ut
1604 2515 1683 2544 prae-

244 2555 303 2585 diis
320 2564 358 2584 cx
375 2555 453 2592 agris
470 2554 533 2583 suis:
550 2559 770 2582 consecrasset.
984 2557 1088 2580 turam
1121 2560 1206 2580 anno
1243 2549 1494 2587 quadragesimo,
1525 2548 1682 2579 Consula-

289 2603 323 2627 61
354 2597 383 2626 in
404 2607 521 2626 annonae
537 2594 675 2634 caritate]
693 2594 805 2625 Addidi
821 2603 940 2622 annonae
983 2600 1053 2623 tum
1070 2594 1310 2631 quadragesimo
1324 2594 1424 2622 tertio.

244 2651 285 2671 ex
303 2641 365 2670 Ms.
383 2640 457 2670 Cur.
473 2647 503 2668 ei
519 2639 589 2668 cdd.
602 2648 650 2677 pr.
1029 2641 1068 2666 64
1103 2642 1215 2664 tamam
1242 2634 1409 2674 pecuniam]
1444 2635 1494 2664 Bis
1524 2633 1613 2665 mille
1643 2643 1681 2665 ac

289 2689 329 2714 ω
361 2683 474 2712 dicebat
503 2682 576 2710 idem
611 2681 647 2711 C.
678 2678 777 2718 Curio]
807 2680 858 2710 Sic
887 2689 941 2718 pro
984 2679 1153 2709 duodecim
1169 2678 1296 2709 talenta.

244 2727 382 2764 Vulgato
402 2726 487 2756 Cotta
507 2724 595 2755 Curio
618 2724 699 2754 edidi
722 2733 799 2753 cum
822 2723 939 2761 Langio
1027 2727 1065 2753 65
1091 2722 1120 2750 in
1140 2721 1289 2761 praeclam
1316 2719 1369 2750 illa
1394 2716 1559 2761 propylaea]
1588 2719 1679 2750 Quo-

243 2778 273 2800 et
293 2770 429 2800 Graevio.
984 2774 1056 2795 rum
1073 2765 1169 2794 etiam
1188 2765 1298 2794 rudera
1319 2764 1503 2794 admiranda
1522 2769 1615 2792 sunt:
1640 2763 1677 2792 de

288 2818 327 2843 62)
351 2820 442 2842 nostro
466 2823 495 2854 q.
521 2809 607 2850 anno]
638 2811 656 2840 i.
678 2820 705 2841 e.
731 2819 769 2840 eo
789 2819 858 2851 ‘quo
881 2809 941 2849 pri·
983 2808 1099 2848 quibus
1116 2818 1144 2839 v.
1161 2807 1200 2838 les
1216 2807 1310 2840 ruines
1324 2807 1358 2837 de
1372 2805 1402 2836 la
1420 2806 1513 2837 Grece
1528 2815 1558 2847 p.
1577 2813 1626 2837 11·
