1844 3202
630 144 708 182 DE
745 139 1054 180 AMICITIA.
1479 142 1556 177 835

123 252 255 296 currit
292 251 477 295 amicitia
514 250 741 308 judicium,
779 247 978 304 tollitque
1014 244 1250 304 experiendi
1287 254 1553 302 potestatem.

125 311 201 352 Est
230 310 360 366 igitur
392 307 622 365 prudentis,
653 306 871 355 sustinere,
901 313 940 337 4³
959 312 1017 346 ut'
1036 319 1224 354 currum,
1253 303 1312 344 sic
1347 304 1552 358 impetum
1567 299 1615 336 63

125 367 452 407 benevolentiae:
484 378 569 419 quo
601 372 785 414 utamur,
811 370 851 394 44
870 362 990 416 quasi
1011 361 1129 417 equis
1155 360 1341 410 tentatis,
1362 360 1419 399 sic
1450 359 1555 400 arni-

123 422 247 473 citiis,
267 422 407 478 aliqua
435 430 552 476 parte
582 419 825 475 periclitatis
851 418 1039 459 moribus
1064 417 1312 458 amicorum.
1370 415 1556 471 Quidam

125 492 238 533 saepe
263 479 305 519 in
334 491 458 533 parva
487 477 662 531 pecunia
691 475 1017 531 perspiciuntur,
1038 488 1163 530 quam
1186 473 1268 514 sint
1293 472 1429 513 leves:
1461 472 1555 525 qui-

123 535 235 584 dam,
256 548 363 590 quos
383 547 507 589 parva
527 547 691 574 movere
711 547 793 573 non
814 531 968 586 potuit,
988 539 1307 587 cognoscuntur
1326 529 1368 569 in
1388 541 1557 582 magna.

123 591 185 631 sin
207 604 302 631 vero
328 599 451 631 erunt
482 589 612 645 aliqui
636 588 804 645 reperti,
832 587 905 643 qui
935 587 1153 642 pecuniam
1186 586 1382 642 praeferre
1410 583 1558 625 amici-

125 646 210 697 tiae,
232 646 447 687 sordidum
472 646 734 687 existiment:
768 645 840 685 ubi
867 658 940 684 eos
963 644 1235 694 inveniemus,
1263 651 1302 674 4⁵
1321 642 1393 697 qui
1422 641 1559 682 hono-

123 717 203 754 res,
231 703 517 757 magistratus,
538 702 725 758 imperia,
753 710 995 757 potestates,
1016 714 1115 755 opes
1141 699 1337 740 amicitiae
1369 713 1452 738 non
1483 711 1558 738 an-

123 767 324 814 teponant
342 760 355 800 ‚³
388 769 450 809 ut,
471 773 567 799 cum
590 773 640 799 ex
659 758 790 798 altera
809 766 924 812 parte
949 756 1165 812 proposita
1194 756 1285 796 haec
1307 756 1402 805 sint,
1425 769 1474 795 ex
1495 754 1558 795 al-

122 815 295 871 terajus
316 815 527 865 amicitiae,
548 829 632 855 non
653 813 788 855 multo
809 813 878 853 illa
898 813 1046 853 malint
1066 813 1078 852 ?
1111 812 1322 853 imbecilla
1341 811 1451 852 enim
1479 825 1554 851 na-

123 880 217 912 tura
235 881 299 913 est
319 872 371 913 ad
390 870 740 913 contemnendam
760 870 991 926 potentiam
1013 885 1021 909 :
1053 883 1181 924 quam
1202 870 1329 909 etiam
1350 868 1383 909 si
1412 867 1556 923 negle-

122 938 190 971 cta
224 928 410 969 amicitia
442 927 658 969 consecuti
689 936 802 976 sunt,
834 932 873 958 4⁶
891 926 1165 967 obscuratum
1199 925 1248 966 iri
1285 925 1554 974 arbitrantur,

121 984 222 1040 quia
241 999 324 1026 non
346 985 434 1026 sine
453 998 608 1039 magna
626 997 753 1024 causa
772 983 824 1024 sit
844 983 1037 1037 neglecta
1055 982 1254 1023 amicitia.
1316 983 1466 1037 Itaque
1485 994 1553 1022 ve·
1566 981 1616 1019 64

124 1056 179 1082 rae
208 1041 404 1082 amicitiae
434 1040 676 1082 difficillime
701 1039 964 1095 reperiuntur
991 1038 1032 1079 in
1059 1039 1123 1089 iis,
1144 1039 1217 1094 qui
1238 1039 1279 1079 in
1309 1037 1556 1089 honoribus,

119 1111 246 1153 reque
276 1098 445 1153 publica
464 1106 692 1138 versantur.
754 1096 838 1137 Ubi
861 1095 973 1136 enim
1001 1095 1128 1136 istum
1155 1095 1352 1145 invenias,
1373 1094 1445 1151 qui
1474 1094 1555 1135 ho-

124 1168 267 1194 norem
290 1154 412 1194 amici
433 1163 662 1207 anteponat
680 1167 758 1194 suo
779 1154 792 1193 ?
823 1151 940 1208 Quid
959 1153 971 1192 ?
1004 1151 1096 1192 haec
1120 1161 1169 1193 ut
1195 1152 1405 1202 omittam,
1425 1165 1558 1208 quarn-

119 1223 280 1264 graoes,
302 1225 429 1265 quam
459 1209 645 1250 difficiles
674 1210 882 1264 plerisque
901 1208 1094 1249 videntur
1110 1209 1401 1249 calamitatum
1422 1208 1558 1249 socie-

121 1276 227 1307 tates
246 1267 259 1307 ?
293 1266 346 1307 ad
365 1280 467 1322 quas
487 1281 570 1307 non
590 1275 655 1307 est
671 1265 793 1306 facile
810 1265 993 1316 inventu,
1015 1264 1088 1321 qui
1107 1263 1346 1306 descendat.
1390 1266 1557 1322 Quam-

121 1337 250 1378 quam
270 1323 430 1364 Ennius
449 1332 585 1364 recte:

225 1403 362 1440 Amicus
381 1412 488 1440 certus
508 1403 543 1439 in
563 1415 597 1439 re
613 1402 740 1439 incerta
758 1402 905 1439 cernitur
918 1417 931 1438 .·
1566 1400 1600 1433 b.

121 1498 264 1530 tamen
301 1489 393 1530 haec
423 1488 509 1529 duo
539 1487 731 1538 levitatis,
761 1495 805 1529 et
839 1486 1089 1528 infirmitatis
1122 1485 1346 1542 plerosque
1383 1487 1555 1529 convin-

120 1555 224 1587 cunt
239 1562 251 1597 3
281 1556 357 1587 aut
376 1545 471 1586 siin
497 1545 618 1585 bonis
646 1544 771 1585 rebus
800 1552 1094 1593 contemnunt,
1114 1552 1188 1584 aut
1214 1543 1257 1584 in
1285 1543 1407 1584 malis
1435 1543 1555 1585 dese-

120 1611 233 1643 runt.
292 1602 380 1659 Qui
407 1601 540 1657 igitur
565 1610 745 1656 utraque
773 1601 816 1641 in
842 1615 885 1641 re
911 1614 1097 1655 gravem,
1117 1608 1396 1650 constantem,
1424 1600 1555 1642 stabi·-
1572 1600 1638 1648 18

121 1658 204 1700 lem
226 1673 270 1701 se
288 1659 329 1699 in
348 1658 532 1699 amicitia
547 1657 802 1713 praestiterit,
818 1656 933 1698 hunc
951 1670 1002 1696 ex
1019 1656 1200 1696 maxime
1218 1671 1312 1698 raro
1331 1656 1555 1699 hominum

121 1729 274 1770 genere
286 1714 478 1771 judicare
498 1714 716 1763 debemus,
737 1723 780 1754 et
798 1726 918 1768 paene
936 1712 1091 1753 divino.

178 1771 511 1812 Firmamentum
524 1779 665 1812 autem
689 1769 941 1819 stabilitatis,
956 1768 1285 1824 constantiaeque
1303 1767 1410 1825 ejus,
1426 1783 1554 1826 quam
1566 1772 1616 1810 65

117 1828 160 1868 in
179 1828 365 1869 amicitia
382 1828 630 1883 quaerimus,
652 1826 751 1867 fides
772 1835 849 1867 est.
899 1825 1021 1867 Nihil
1039 1825 1152 1866 enim
1173 1825 1322 1866 stabile
1341 1836 1419 1876 est,
1441 1826 1557 1882 quod

121 1883 298 1925 infidum
328 1892 406 1925 est.
465 1883 706 1938 Simplicem
743 1893 959 1937 praeterea,
988 1891 1032 1923 et
1064 1895 1349 1933 communem,
1379 1892 1424 1924 et
1452 1897 1556 1924 con-

122 1940 386 1991 sentientem,
414 1940 487 1997 qui
516 1939 642 1981 rebus
672 1939 818 1980 iisdem
849 1947 1082 1989 moveatur,
1102 1938 1203 1993 eligi
1231 1952 1307 1994 par
1334 1949 1428 1980 est:
1459 1955 1555 1995 quae

123 1997 266 2038 omnia
286 1996 566 2053 pertinentad
585 1995 843 2037 fidelitatem.
862 2009 997 2051 neque
1017 1995 1128 2036 enim
1149 1995 1277 2036 fidum
1308 2004 1449 2051 potest
1466 2010 1558 2038 esse

121 2053 343 2109 multiplex
361 2053 593 2109 ingenium,
614 2060 657 2095 et
677 2061 933 2094 tortuosum.
989 2052 1143 2107 Neque
1158 2066 1271 2101 vem,
1292 2052 1364 2108 qui
1381 2067 1465 2094 non
1483 2053 1561 2095 iis-

122 2110 216 2153 dem
249 2110 373 2151 rebus
404 2118 612 2161 movetur,
632 2118 676 2151 et
705 2118 854 2151 natura
877 2109 1101 2159 consentit,
1121 2118 1196 2149 aut
1227 2108 1348 2160 fidus,
1365 2117 1440 2150 aut
1470 2119 1556 2151 sta·-

120 2166 217 2208 bilis
246 2175 390 2222 potest
417 2181 520 2208 esse.
576 2165 837 2209 Addendum
866 2165 1015 2207 eodem
1047 2173 1124 2216 est,
1144 2173 1193 2206 ut
1221 2179 1272 2206 ne
1295 2165 1557 2217 criminibus,

121 2232 195 2264 aut
213 2222 436 2265 inferendis
454 2223 702 2272 delectetur,
722 2232 796 2264 aut
813 2221 956 2264 credat
975 2221 1152 2263 oblatis:
1183 2236 1279 2278 quae
1299 2222 1441 2264 omnia
1458 2236 1556 2279 per-

120 2279 254 2320 tinent
286 2279 341 2321 ad
372 2294 480 2331 eam,
512 2294 640 2336 quam
665 2278 920 2336 jamdudum
953 2287 1103 2329 tracto,
1135 2279 1431 2320 constantiam.
1490 2280 1558 2322 Ita

121 2335 170 2380 fit
188 2348 331 2378 verum
349 2336 470 2388 illud,
490 2336 606 2393 quod
634 2336 754 2378 initio
782 2335 882 2387 dixi,
902 2334 1145 2387 amicitiam,
1165 2335 1245 2376 nisi
1268 2335 1376 2378 inter
1403 2336 1558 2388 bonos,

164 2455 204 2480 43
227 2455 261 2478 ut
276 2448 406 2489 currum]
427 2450 510 2481 Libri
526 2451 656 2490 quidam
672 2457 708 2480 ut
722 2456 753 2480 et
768 2450 820 2480 ed.
863 2449 958 2480 Rom.
975 2449 1040 2479 Ms.
1055 2449 1168 2480 Salisb.

121 2492 217 2522 Rom.
234 2502 359 2529 cursum,
375 2502 434 2523 nec
449 2493 544 2525 male.
559 2495 613 2525 sed
629 2504 744 2523 currum
757 2494 818 2524 mi·
904 2497 944 2523 46
967 2492 1144 2522 obscuratum
1161 2492 1201 2521 iri
1215 2503 1243 2522 se
1257 2492 1456 2534 arbitrantur]
1482 2494 1556 2525 Hoc

123 2535 157 2565 hi
175 2537 208 2566 h.
225 2534 245 2565 l.
263 2535 363 2574 magis
379 2535 491 2574 placet.
861 2536 929 2566 sine
946 2536 1044 2565 dubio
1058 2537 1208 2566 vitiosum
1233 2543 1289 2566 est.
1312 2546 1388 2567 nam
1411 2544 1557 2568 constru-

166 2585 207 2609 44
230 2577 314 2619 quasi
329 2578 409 2619 cquis
423 2576 556 2618 tentatis]
574 2579 668 2609 Hanc
685 2589 750 2609 esse
764 2588 819 2608 ve·
862 2579 924 2608 ctio
940 2589 1005 2608 non
1017 2586 1152 2616 constat,
1164 2588 1223 2609 nec
1238 2589 1360 2610 sensus.
1375 2580 1452 2620 quid
1467 2581 1556 2610 enim

123 2627 190 2651 ram
207 2621 391 2657 lectionem,
408 2630 473 2651 non
489 2622 665 2661 temperatis,
681 2622 818 2652 dubitari
860 2629 906 2651 est
922 2622 956 2652 h.
972 2621 994 2652 l.
1011 2633 1038 2651 se
1052 2622 1231 2652 obscuratum
1244 2622 1293 2651 iri.
1312 2623 1373 2653 Ms.
1390 2633 1474 2653 unus
1491 2623 1556 2653 Erf-

122 2673 188 2693 non
213 2671 325 2703 potest,
349 2670 522 2704 utrumque
541 2664 615 2694 alias
639 2665 758 2695 habent
780 2665 819 2696 li-
860 2665 957 2694 habet
971 2665 1148 2694 obscuratum
1162 2676 1216 2694 esse
1230 2665 1424 2695 arbitrantur.
1453 2665 1555 2702 Alter,

124 2706 170 2737 bri
186 2715 245 2736 scr.
261 2713 292 2736 et
307 2707 375 2736 edd.
861 2708 910 2737 ed.
936 2708 1031 2738 Rom.
1049 2715 1080 2738 et
1099 2707 1150 2738 alii
1169 2708 1238 2738 libri
1255 2709 1373 2738 habent
1388 2715 1554 2738 excusatum

167 2756 205 2779 45
230 2747 511 2791 qui—anteponant]
522 2748 627 2788 Vulgo
637 2756 815 2790 anteponent.
859 2750 908 2780 iri.
953 2751 1017 2781 Ms.
1041 2752 1138 2781 Goth.
1165 2751 1321 2787 obscurari,
1349 2753 1381 2781 in
1411 2752 1554 2790 margine

123 2791 218 2822 male.
251 2798 285 2822 ut
312 2798 497 2831 anteponunt,
524 2793 609 2831 quod
636 2801 721 2823 unus
751 2793 816 2824 Ms.
858 2793 1002 2830 excusari,
1017 2795 1103 2833 quod
1125 2793 1239 2833 placet.
1255 2805 1282 2822 se
1295 2794 1450 2834 plerisque
1469 2793 1555 2824 libris

125 2834 188 2864 Erf.
210 2835 317 2871 habet,
335 2835 412 2865 alter
432 2836 592 2875 antiquior
606 2835 761 2874 anteponit.
779 2835 817 2866 il·
859 2836 956 2866 abest.
978 2845 1044 2867 non
1058 2837 1150 2868 video
1169 2837 1243 2867 satis
1259 2844 1366 2877 aptam
1387 2837 1556 2868 correctio·-

128 2877 183 2908 lud
209 2877 345 2909 latinitas
370 2878 509 2918 postulat
531 2885 561 2909 et
584 2878 629 2909 sic
650 2878 746 2910 habet
771 2879 820 2910 ed.
861 2887 950 2909 nem.

863 2932 996 2974 3114
