1844 3202
286 123 363 165 738
812 127 890 166 DE
927 128 1188 169 OFFICIIS

281 227 427 292 gladio
440 229 621 286 jubebat
641 235 798 277 anteire.
817 253 826 277 ε
858 238 1229 295 praemittebatque
1251 239 1302 280 de
1324 238 1596 295 stipatoribus
1617 239 1719 292 suis,

282 298 356 349 qul
377 298 665 331 scrutarentur
690 292 850 334 arculas
872 295 1115 346 muliebres,
1137 305 1194 347 et,
1215 311 1266 337 ne
1287 295 1401 352 quod
1429 296 1471 337 in
1491 296 1716 338 vestimen-

172 348 334 406 Ῥώμης
364 344 651 388 occultaretur
679 348 826 400 telum,
857 351 1136 406 exquirerent.
1197 352 1234 393 O
1266 353 1482 403 miserum,
1509 353 1583 409 qui
1614 352 1715 394 fide-

239 397 430 441 ³·horem
451 411 494 443 et
513 403 738 445 barbarum
759 416 801 446 et
821 406 1082 461 stigmatiam
1109 417 1289 463 putaret,
1311 424 1438 465 quam
1461 408 1714 465 conjugem!

281 463 322 489 29
334 472 410 498 nec
428 473 526 500 eum
544 459 708 502 fefellit.
727 462 779 502 ab
797 477 846 503 ea
863 463 975 504 enim
992 474 1056 504 est
1076 464 1180 520 ipse,
1200 475 1372 520 propter
1388 466 1608 521 pellicatus
1627 480 1720 506 sus-

278 514 503 569 picionem,
532 515 791 558 interfectus.
850 520 945 560 Nec
976 534 1072 561 vero
1103 521 1189 561 ulla
1219 521 1276 561 vis
1307 521 1470 576 imperii
1492 530 1608 564 tanta
1637 530 1716 572 est,

214 573 268 611 26
281 586 376 627 quae
412 582 630 626 premente
661 583 792 625 metu,
824 576 958 630 possit
985 590 1075 617 esse
1097 577 1307 618 diuturna.
1365 579 1501 619 Testis
1514 588 1585 622 est
1607 578 1715 619 Pha-

276 627 389 677 laris,
411 628 534 684 cujus
555 638 619 670 est
647 640 800 685 praeter
819 642 982 674 ceteros
1003 633 1225 674 nobilitata
1245 634 1468 676 crudelitas
1492 652 1501 676 ε
1534 634 1607 691 qui
1629 648 1714 675 non

276 698 328 725 ex
348 684 508 727 insidiis
530 686 701 737 interiit,
721 697 769 729 ut
788 688 838 740 is,
891 705 986 730 uem
1009 691 1138 731 modo
1167 690 1267 741 dixi,
1285 691 1523 732 Alexander
1542 707 1554 742 3
1587 705 1669 732 non
1693 706 1719 732 a

275 741 435 797 paucis,
457 752 504 784 ut
524 743 593 784 hic
615 754 781 786 noster:
812 705 887 787 sed
909 746 951 786 in
974 761 1101 802 quem
1124 748 1314 789 universa
1334 748 1718 803 Agrigentinorum

275 798 508 840 multitudo
530 800 738 855 impetum
761 802 873 843 fecit.
933 803 1051 845 Quid
1070 805 1083 844 ?
1117 804 1376 845 Macedones
1397 819 1535 845 nonne
1555 805 1716 845 Deme-

274 854 403 896 trium
435 856 710 911 reliquerunt,
732 859 996 916 universique
1026 875 1070 900 se
1100 860 1152 901 ad
1185 861 1392 917 Pyrrhum
1413 861 1714 902 contulerunt?

274 911 392 966 Quid
412 913 424 952 ?
472 912 820 956 Lacedaemonios
859 916 1015 972 injuste
1055 916 1324 972 imperantes,
1363 932 1500 959 nonne
1542 928 1715 973 repente

273 981 420 1008 omnes
442 969 529 1009 fere
550 969 653 1015 socii
681 970 970 1021 deseruerunt,
993 982 1336 1029 spectatoresque
1359 989 1402 1015 se
1423 975 1583 1015 otiosos
1606 989 1716 1028 prae-

227 1017 259 1064 8
273 1022 458 1065 buerunt
479 1025 716 1067 Leuctricae
739 1027 991 1069 calamitatis
1013 1030 1025 1068 ?
1060 1031 1243 1071 Externa
1262 1030 1462 1071 libentius
1484 1030 1526 1070 in
1555 1030 1627 1071 tali
1655 1045 1715 1082 re,

272 1095 402 1135 quam
441 1081 690 1134 domestica,
725 1084 937 1126 recordor.
997 1086 1300 1127 Verumtamen
1340 1087 1544 1143 quamdiu
1579 1087 1714 1142 impe-

270 1137 381 1178 rium
404 1138 553 1194 populi
584 1140 764 1181 Romani
792 1141 1006 1183 benefieiis
1039 1143 1275 1194 tenebatur,
1299 1159 1381 1184 non
1406 1143 1580 1200 injuriis,
1604 1143 1716 1185 bella

270 1205 345 1236 aut
364 1209 442 1250 pro
465 1196 604 1247 sociis,
625 1205 699 1238 aut
730 1197 784 1239 de
810 1198 989 1254 imperio
1009 1200 1266 1254 gerebantur
1285 1218 1294 1242 ι
1326 1200 1462 1241 exitus
1483 1210 1600 1241 erant
1621 1201 1711 1241 bel-

270 1250 409 1293 lorum
450 1261 524 1293 aut
553 1253 692 1305 mites,
723 1264 797 1296 aut
827 1256 1061 1297 necessarii.
1121 1257 1304 1312 Regum,
1335 1257 1607 1313 populorum,
1639 1272 1713 1298 na-

206 1307 258 1350 27
273 1308 437 1349 tionum
459 1320 608 1364 portus
628 1320 717 1352 erat
736 1320 778 1353 et
798 1312 1029 1368 refugium,
1050 1322 1232 1356 senatus.
1281 1314 1433 1355 Nostri
1454 1324 1595 1354 autem
1618 1328 1709 1354 ma-

267 1365 486 1420 gistratus,
518 1367 879 1425 imperatoresque
910 1384 959 1410 ex
990 1369 1069 1411 hac
1099 1385 1183 1412 una
1213 1385 1257 1413 re
1287 1371 1513 1412 maximam
1541 1370 1711 1411 laudem

266 1436 416 1477 capere
437 1423 679 1476 studebant,
698 1425 731 1466 si
751 1425 999 1481 provinciaS,
1021 1426 1054 1467 si
1075 1427 1213 1468 socios
1236 1428 1450 1484 aequitate,
1473 1436 1516 1468 ct
1535 1427 1615 1468 fide
1636 1427 1711 1467 de-

267 1479 513 1522 fendissent.
588 1482 738 1537 Itaque
775 1482 882 1524 illud
919 1484 1203 1538 patrocinium
1244 1485 1358 1525 orbis
1398 1493 1521 1525 terrae
1559 1483 1711 1534 verius,

296 1551 392 1576 uam
416 1536 644 1593 imperium
675 1546 842 1593 poterat
868 1539 1089 1581 nominari.
1150 1541 1313 1582 Sensim
1349 1540 1456 1582 hanc
1478 1550 1710 1582 consuetu-

295 1592 408 1633 inem
447 1603 490 1635 et
525 1594 789 1650 disciplinam
822 1597 914 1652 jam
953 1607 1076 1638 antea
1116 1597 1411 1638 minuebamus
1432 1615 1441 1638 ε
1474 1607 1570 1652 post
1610 1612 1709 1638 vero

265 1649 396 1689 Sullae
426 1650 644 1692 victoriam
676 1651 841 1706 penitus
872 1652 1104 1694 amisimus.
1137 1654 1319 1695 desitum
1349 1663 1414 1695 est
1443 1655 1554 1694 enim
1581 1653 1710 1695 videri

265 1705 497 1762 quidquam
530 1707 571 1748 in
602 1709 741 1749 socios
769 1709 977 1765 iniquum,
1008 1725 1105 1750 cum
1138 1711 1365 1752 exstitisset
1394 1710 1437 1752 in
1464 1711 1572 1751 cives
1593 1719 1710 1751 tanta

222 1762 507 1804 b-erudelitas.
566 1765 683 1820 Ergo
714 1765 756 1807 in
787 1766 861 1807 illo
892 1775 1036 1807 secuta
1066 1776 1128 1807 est
1160 1767 1383 1809 honestam
1414 1782 1586 1808 causam
1623 1781 1708 1807 non

264 1819 445 1861 honesta
474 1820 661 1862 victoria.
692 1831 754 1863 est
785 1822 898 1863 enim
929 1838 1057 1864 ausus
1089 1823 1240 1875 dicere,
1272 1824 1394 1865 hasta
1423 1824 1576 1879 posita,
1607 1838 1708 1865 cum

261 1875 375 1917 bona
404 1877 446 1917 in
476 1878 570 1919 foro
590 1879 790 1921 venderet
817 1888 859 1920 et
888 1879 1100 1921 bonorum
1131 1880 1331 1933 virorum,
1353 1889 1395 1921 et
1425 1881 1707 1936 locupletum,

262 1941 306 1974 et
326 1941 439 1974 certe
471 1934 640 1986 civium,
663 1935 852 1990 praedam
875 1951 993 1977 suam
1017 1952 1060 1977 se
1080 1936 1270 1979 vendere.
1330 1938 1511 1978 Secutus
1533 1945 1609 1987 est,
1633 1937 1708 1992 qui

261 1990 303 2030 in
334 2005 461 2031 causa
491 1991 635 2048 impia,
654 1992 829 2034 victoria
857 1993 985 2034 etiam
1017 1993 1210 2044 foediore,
1231 2009 1315 2034 non
1345 1994 1613 2049 singulorum
1644 1993 1704 2033 ci-

261 2046 373 2087 vium
406 2048 519 2088 bona
545 2049 794 2103 publicaret,
817 2049 889 2090 sed
920 2050 1130 2090 universas
1160 2050 1396 2105 provincias
1426 2050 1706 2106 regionesque

198 2106 248 2138 28
262 2111 302 2135 80
321 2119 407 2144 uno
438 2105 689 2146 calamitatis
709 2106 808 2161 jure
837 2106 1231 2161 comprehenderet.
1291 2107 1455 2162 Itaque,
1476 2107 1633 2148 vexatis
1661 2114 1705 2146 et

258 2159 435 2215 perditis
465 2162 617 2202 exteris
650 2162 906 2212 nationibus,
938 2170 973 2194 31
996 2163 1048 2204 ad
1088 2163 1330 2218 exemplum
1361 2163 1504 2204 amissi
1541 2163 1706 2217 imperii

259 2217 418 2272 portari
438 2217 479 2258 in
501 2218 720 2273 triumpho
743 2219 978 2260 Massiliam
1001 2219 1196 2269 vidimus,
1218 2229 1261 2260 et
1286 2234 1336 2260 ex
1357 2234 1406 2260 ea
1426 2219 1529 2260 urbe
1552 2221 1707 2260 trium-

259 2272 396 2328 phari,
418 2274 506 2315 sine
528 2290 613 2331 qua
643 2290 878 2331 numquam
899 2276 1030 2317 nostri
1053 2276 1326 2332 imperatores
1347 2290 1396 2317 ex
1416 2276 1704 2331 Transalpinis

258 2328 382 2371 bellis
403 2330 732 2386 triumpharunt.
754 2332 890 2373 multa
909 2341 1115 2388 praeterea
1135 2347 1514 2374 commemorarem
1548 2333 1706 2374 nefaria

259 2385 302 2427 in
325 2387 476 2437 socios,
499 2388 533 2429 si
554 2388 637 2429 hoc
658 2403 745 2429 uno
766 2389 829 2430 sol
852 2388 1086 2446 quidquam
1107 2389 1277 2431 vidisset
1305 2388 1537 2445 indignius·
1595 2390 1701 2431 Jure

260 2442 391 2499 igitur
420 2444 663 2500 plectimur.
685 2445 763 2487 nisi
783 2445 895 2487 enim
916 2445 1152 2488 multorum
1173 2445 1383 2502 impunita
1404 2445 1562 2488 scelera
1580 2446 1702 2488 tulis-

303 2610 344 2635 29
367 2613 417 2631 nec
435 2600 638 2643 eumfefellit]
658 2603 739 2633 Libri
756 2603 887 2641 quidam
905 2604 958 2633 ad-
1003 2610 1077 2634 runt
1095 2615 1215 2643 genere:
1239 2606 1324 2644 quod
1347 2612 1393 2635 cst
1416 2605 1563 2635 facilius:
1587 2605 1641 2634 sed
1665 2604 1705 2634 li-

257 2646 340 2675 dunt
355 2645 460 2683 opinio,
477 2653 512 2675 ut
528 2652 557 2675 et
582 2646 679 2675 Goth.
699 2647 775 2676 Cur.
792 2653 885 2684 atque
902 2647 957 2676 cti·
1002 2647 1047 2677 bri
1065 2656 1122 2677 scr.
1142 2648 1172 2677 in
1200 2647 1253 2677 illo
1269 2649 1475 2678 consentiunt
1498 2654 1607 2686 praeter
1624 2657 1702 2686 pau-

257 2697 311 2718 am
335 2689 405 2718 edd.
428 2694 504 2718 vett.
528 2695 563 2718 ut
587 2689 682 2718 Rom.
699 2690 779 2718 Ven.
802 2690 855 2718 sed
874 2689 958 2719 dele·
1001 2699 1065 2725 σος,
1084 2691 1115 2719 in
1132 2691 1249 2728 quibus
1265 2699 1310 2721 est
1327 2692 1424 2721 Goth.
1443 2692 1517 2720 item
1534 2691 1604 2720 edd.
1622 2700 1667 2729 pr.

257 2739 328 2760 vere
346 2731 483 2770 Langius
499 2738 528 2761 et
545 2731 607 2761 alii.
625 2738 654 2760 et
669 2732 715 2762 sic
738 2731 812 2761 alibi
829 2741 957 2771 quoque
1044 2739 1081 2763 81
1108 2733 1150 2761 ad
1162 2733 1322 2772 exemplum
1339 2734 1437 2762 amissi
1453 2731 1582 2772 imperii]
1603 2734 1647 2763 Ut
1662 2742 1699 2762 ea

257 2773 368 2803 Cicero
383 2775 456 2804 dicit
473 2775 668 2814 simpliciter.
1000 2786 1031 2805 re
1047 2782 1078 2805 et
1102 2776 1250 2815 exemplo
1271 2777 1508 2815 intelligeretur,
1526 2776 1697 2815 imperium

301 2824 342 2847 ,ιο
366 2828 418 2845 nno
445 2817 623 2846 calamitatis
641 2815 728 2857 jure]
757 2817 776 2847 i.
803 2826 831 2847 e.
859 2824 955 2855 statu,
998 2828 1064 2849 esse
1077 2819 1245 2857 amissum,
1263 2819 1494 2859 rempublicam
1512 2820 1648 2857 periisse.

257 2860 448 2890 conditione.
473 2860 526 2891 alii
550 2861 622 2891 inde
638 2870 657 2890 a
672 2861 828 2891 Lambino
851 2861 955 2892 edide-
