1844 3202
594 130 994 169 FRAGMENTA.
1434 135 1508 177 893

365 365 1225 453 FRAGMENTA

759 510 821 538 Ex

513 600 1053 665 EPISTOLIS.

315 842 396 883 EX
425 841 712 884 EPISTOLA
742 841 828 882 AD
861 842 926 882 M.
957 838 1267 881 TITINIUM.

71 902 251 974 SUET.
274 931 325 972 cl.
343 932 478 987 Rloet.)
513 933 722 989 Equidem
744 932 950 974 memoria
969 940 1108 981 teneo,
1124 929 1264 986 pueris
1286 929 1407 970 nobis
1428 929 1514 985 pri-

71 1004 188 1030 mum
211 990 359 1031 Latine
379 989 532 1031 docere
553 991 734 1046 coepisse
756 991 805 1030 L.
830 988 1038 1030 Plautium
1062 986 1289 1043 quendam,
1312 986 1364 1027 ad
1383 1001 1511 1042 quem

71 1060 169 1087 cum
192 1045 308 1087 fieret
327 1061 572 1097 concursus,
589 1047 706 1103 quod
727 1045 1059 1088 studiosissimus
1077 1044 1255 1100 quisque
1275 1043 1389 1099 apud
1410 1058 1511 1084 eum

69 1112 345 1154 exerceretur,
368 1103 563 1144 dolebam
596 1104 699 1144 mihi
731 1103 843 1144 idem
875 1117 960 1143 non
990 1101 1129 1142 licere.
1165 1100 1412 1141 continebar
1435 1115 1512 1141 au-

71 1168 156 1200 tem
184 1158 528 1201 doctissimorum
559 1160 781 1202 hominum
812 1158 1078 1208 auctoritate,
1099 1156 1171 1213 qui
1199 1157 1512 1208 existimabant,

70 1215 231 1256 Graecis
251 1217 621 1258 exercitationibus
643 1217 698 1258 ali
720 1216 872 1258 melius
893 1214 1064 1271 ingenia
1083 1228 1221 1269 posse.
1497 1218 1499 1221 '

238 1303 324 1345 AD
348 1303 611 1346 CORNELI
623 1307 714 1347 ΠΜ
741 1304 1029 1347 NEPOTEM
1052 1302 1170 1358 epist.
1193 1300 1262 1343 lib.
1282 1302 1340 1342 ΙΙ.

127 1385 294 1426 MACR.
315 1385 386 1427 lib.
405 1395 443 1427 2.
471 1396 559 1442 cap.
582 1397 616 1427 l.
641 1386 826 1439 Satura.)
871 1386 1021 1441 Itaque
1051 1384 1198 1434 nostri,
1225 1398 1321 1426 cum
1354 1384 1512 1437 omnia,

69 1457 164 1498 quae
186 1441 450 1495 dixissemus,
468 1443 581 1485 dicta
597 1452 757 1484 essent:
781 1458 875 1497 quae
894 1443 1045 1491 facete,
1062 1450 1105 1482 et
1121 1441 1314 1492 breviter,
1329 1451 1371 1482 et
1388 1453 1510 1484 acute

68 1498 202 1540 locuti
217 1513 419 1552 essemus,
434 1514 484 1541 ea
498 1500 669 1555 proprio
686 1500 858 1540 nomine
873 1497 1074 1554 appellari
1089 1497 1263 1539 dicteria
1275 1498 1509 1540 voluerunt.

396 1572 412 1589 ‘
482 1577 554 1618 Ad
574 1576 742 1618 eundem
760 1591 811 1617 ex
833 1575 903 1616 lib.
923 1576 1090 1616 incerto.

126 1645 290 1686 Pmsc.
310 1644 380 1686 lib.
398 1647 454 1698 8.)
490 1647 588 1687 Hoc
615 1645 825 1687 restiterat
852 1645 995 1695 etiam,
1017 1654 1065 1685 ut
1098 1659 1123 1684 a
1151 1652 1193 1685 te
1222 1643 1329 1684 fictis
1356 1658 1511 1700 aggre-

69 1701 188 1743 derer
209 1701 345 1742 donis.

126 1758 288 1799 Pmsc.
310 1757 424 1811 ibid.)
459 1758 544 1815 Qui
571 1757 715 1809 habet,
747 1758 860 1799 ultro
885 1756 1112 1813 appetitur,
1134 1756 1207 1812 qui
1243 1764 1307 1797 est
1335 1771 1510 1813 pauper,

70 1822 327 1869 aspernatur.

125 1872 275 1911 SUET.
297 1870 339 1911 in
353 1869 441 1911 Jul.
460 1871 583 1924 Coes.)
617 1871 759 1928 Quid?
782 1880 999 1911 oratorum
1018 1884 1142 1925 quem
1164 1869 1263 1912 huic
1281 1881 1511 1926 antepones

67 1941 231 1977 eorum,
253 1927 325 1982 qui
358 1927 462 1968 nihil
494 1927 608 1969 aliud
636 1930 841 1983 egerunt?
875 1927 968 1982 quis
998 1927 1216 1967 sententiis
1236 1937 1310 1967 aut
1330 1927 1510 1978 acutior,

69 1992 144 2024 aut
163 1983 375 2024 crebrior?
409 1984 514 2039 quis-
526 1985 659 2025 verbis
681 1993 754 2025 aut
775 1985 975 2034 ornatior,
995 1992 1067 2024 aut
1088 1982 1322 2038 elegantior
1340 1985 1353 2024 Ρ

126 2040 378 2092 MARCEL.)
414 2042 566 2096 Neque
585 2041 695 2082 enim
718 2041 949 2096 quidquam
981 2040 1095 2080 aliud
1127 2049 1192 2081 est
1217 2040 1407 2090 felicitas,
1430 2040 1510 2082 nisi

69 2096 341 2137 honestarum
374 2111 514 2137 rerum
545 2099 825 2153 prosperitas:
857 2097 935 2147 vel,
958 2105 1003 2137 ut
1033 2096 1117 2136 alio
1144 2097 1274 2137 modo
1296 2097 1508 2149 definiam,

70 2152 263 2194 Felicitas
285 2162 349 2193 est
365 2154 547 2205 fortuna,
568 2154 751 2209 adjutrix
770 2154 1043 2195 consiliorum
1072 2153 1283 2194 bonorum
1304 2171 1313 2195 :
1355 2154 1510 2210 quibus

68 2209 140 2264 qui
163 2224 245 2250 non
266 2209 413 2260 utitur,
435 2209 533 2251 felix
554 2211 671 2251 nullo
693 2221 819 2265 pacto
839 2224 930 2251 esse
952 2218 1107 2266 potest.
1168 2212 1284 2265 Ergo
1304 2211 1346 2251 in
1369 2210 1509 2266 perdi-

67 2266 137 2315 tis,
157 2265 380 2321 impiisque
405 2266 606 2317 consiliis,
630 2268 784 2323 quibus
806 2267 951 2308 Caesar
974 2281 1076 2307 usus
1104 2275 1207 2315 erat,
1228 2266 1343 2308 nulla
1368 2267 1509 2322 potuit

69 2336 159 2362 esse
193 2321 399 2364 felicitas:
447 2323 693 2379 feliciorque
725 2338 821 2364 meo
853 2323 1018 2379 judicio
1041 2322 1261 2364 ‘Camillus
1300 2324 1509 2375 exsulans,

69 2392 196 2432 quam
217 2379 480 2434 temporibus
504 2379 653 2420 iisdem
675 2380 879 2430 Manlius,
902 2379 1081 2430 etiamsi,
1103 2379 1145 2420 id
1167 2379 1282 2435 quod
1303 2381 1510 2436 cupierat,

69 2448 244 2490 regnare
263 2435 486 2490 potuisset.

380 2522 466 2564 AD
499 2523 551 2564 C.
585 2524 890 2566 CAESAREM
922 2525 1040 2580 epist.
1067 2524 1136 2566 lib.
1161 2527 1195 2566 Ι.

519 2592 589 2633 Μ.
610 2592 744 2634 Cicero
767 2593 813 2634 C.
833 2593 990 2635 Caesarc'
1015 2593 1058 2635 S.

124 2670 257 2711 NON.
281 2668 467 2721 Dicare.)
499 2669 681 2711 Balbum
702 2671 848 2726 quanti
870 2672 1038 2724 faciam,
1061 2687 1274 2729 quamque
1295 2673 1332 2715 ei
1355 2689 1423 2716 me
1443 2685 1510 2716 to·

70 2735 163 2768 tum
181 2725 419 2776 dicaverim,
440 2739 491 2766 ex
509 2726 602 2781 ipso
624 2727 744 2768 scies.

127 2783 259 2824 NON.
294 2781 505 2837 consequi.
535 2783 707 2837 Honor.)
751 2784 860 2824 Tum
898 2798 996 2827 cum
1024 2801 1086 2836 ea,
1110 2801 1202 2840 quae
1226 2801 1269 2826 es
1292 2786 1343 2828 ab
1364 2797 1511 2828 senatu

70 2853 240 2880 summo
261 2853 360 2880 cum
384 2837 546 2880 honore
566 2849 832 2881 consecutus.

130 2908 245 2937 vor„
268 2908 336 2937 1v.
360 2909 399 2936 P.
423 2909 479 2936 11.
818 2911 841 2950 3
866 2910 900 2937 M
