1844 3202
555 99 734 136 LIBER
773 98 1016 136 PRIMUS.
1411 100 1489 137 633

64 209 251 260 mandas,
271 214 314 248 et
346 216 384 240 ⁵0
401 206 452 248 ad
482 205 751 248 stabiliendas
772 204 889 255 vires,
910 203 1115 245 sanandos
1136 205 1331 259 populos,
1354 205 1492 247 omnis

64 275 207 306 nostra
236 264 375 320 pergit
399 263 549 304 oratio.
608 262 820 319 Quocirca
850 275 991 302 vereor
1020 260 1300 310 committere,
1330 270 1377 302 ut
1405 276 1492 303 non

62 321 166 362 bene
186 321 349 375 provisa
366 328 409 360 et
428 319 652 374 diligenter
680 318 894 374 explorata
913 316 1118 373 principia
1144 327 1354 372 ponantur
1374 334 1382 356 ε
1415 332 1491 358 ncc

61 385 203 418 tamen
224 386 271 418 ut
300 376 497 417 omnibus
526 375 770 430 probentur,
806 377 918 427 (nam
948 373 992 414 id
1019 373 1106 413 fieri
1126 387 1210 413 non
1239 374 1394 427 potest)
1419 374 1492 414 sed

62 441 110 474 ut
141 432 205 483 iis,
226 433 298 488 qui
325 432 467 473 omnia
493 442 607 472 recta
638 441 763 486 atque
787 430 979 480 honesta,
1000 443 1072 484 per
1101 443 1144 469 se
1162 427 1395 484 expetenda
1414 428 1492 468 du·
1503 438 1534 468 b.

60 498 223 539 xerunt,
242 498 285 529 et
303 498 376 529 aut
396 488 499 529 nihil
519 488 691 529 omnino
712 488 754 528 in
776 487 897 527 bonis
928 485 1250 535 numerandum,
1272 484 1350 524 nisi
1376 484 1493 540 quod

60 559 136 600 per
156 545 340 600 seipsum
362 544 570 586 laudabile
590 553 714 595 esset,
731 554 803 584 aut
823 553 935 584 certe
958 541 1121 583 nullum
1142 541 1383 582 habendum
1401 555 1494 581 ma-

58 614 192 656 gnum
215 602 391 652 bonum,
414 601 490 642 nisi
511 600 623 656 quod
653 615 744 641 vere
766 599 925 641 laudari
952 613 1026 640 sua
1053 608 1203 653 sponte
1224 605 1366 653 posset
1386 613 1395 637 :
1426 596 1492 638 his

61 658 258 698 omnibus
292 657 392 711 (sive
431 658 472 698 in
503 657 736 698 Academia
764 666 900 697 vetere
935 669 1033 696 cum
1065 655 1315 710 Speusippo,
1347 654 1494 694 Xeno-

61 721 191 765 crate,
216 714 441 755 Polemone
462 722 704 755 manserunt
723 731 731 754 :
764 713 855 753 Sive
876 711 1167 761 Aristotelem,
1184 721 1227 751 et
1245 709 1556 766 Theophra-33

62 778 190 822 stum,
211 785 308 811 cum
334 771 415 811 illis
437 786 479 811 re
511 779 807 825 congruentes,
827 783 981 824 genere
1000 767 1180 809 docendi
1199 767 1389 822 paullum
1410 766 1494 806 dif-

62 825 258 877 ferentes,
281 827 412 868 secuti
447 837 571 869 sunt:
604 827 700 877 sive,
721 836 767 867 ut
797 825 960 866 Zenoni
990 825 1122 865 visum
1158 834 1236 874 est,
1257 824 1381 864 rebus
1410 837 1496 864 non

61 883 347 934 commutatis,
382 884 707 924 immutaverunt
747 882 975 923 vocabula:
1008 881 1089 922 sive
1122 881 1250 921 etiam
1282 879 1496 920 Aristonis

62 938 274 980 difficilem
307 951 433 995 atque
465 940 654 990 arduam,
687 939 758 981 sed
781 938 871 995 jam
905 947 1047 979 tamen
1078 937 1253 978 fractam
1278 945 1320 977 et
1352 936 1497 977 convi-

62 1004 175 1037 ctam
204 1005 360 1037 sectam
389 997 521 1038 secuti
553 1006 664 1047 sunt,
684 1005 745 1047 ut,
768 995 988 1036 virtutibus
1009 994 1193 1049 exceptis
1224 1002 1350 1048 atque
1373 992 1496 1044 vitiis,

61 1061 202 1093 cetera
221 1053 262 1093 in
284 1067 450 1094 summa
471 1053 708 1109 aequalitate
728 1054 948 1108 ponerent)
972 1051 1037 1091 his
1059 1050 1254 1091 omnibus
1274 1050 1380 1100 haee,
1401 1064 1496 1104 quae

63 1108 163 1159 dixi,
193 1109 438 1164 probantur.
497 1110 586 1150 Sibi
613 1119 757 1150 autem
784 1107 1065 1163 indulgentes,
1090 1115 1133 1148 et
1159 1106 1327 1161 corpori
1356 1105 1496 1146 deser·
1506 1119 1558 1161 39

62 1165 233 1216 vientes,
251 1175 377 1221 atque
399 1165 554 1216 omnia,
575 1181 670 1221 quae
692 1174 919 1219 sequantur
938 1165 979 1204 in
999 1163 1095 1212 vita,
1117 1177 1294 1218 quaeque
1315 1162 1495 1216 fugiant,

62 1221 347 1276 voluptatibus
368 1231 411 1262 et
445 1221 661 1262 doloribus
689 1220 984 1276 ponderantes,
1006 1219 1133 1260 etiam
1159 1219 1193 1260 si
1222 1233 1315 1259 vera
1335 1218 1497 1270 dicunt,

65 1276 187 1329 (nihil
215 1277 327 1318 enim
356 1292 462 1333 opus
491 1287 554 1318 est
580 1277 663 1318 hoc
683 1277 780 1318 loco
802 1276 961 1328 litibus)
982 1276 1024 1317 in
1044 1275 1223 1316 hortulis
1245 1275 1329 1315 suis
1343 1274 1496 1330 jubea-

62 1347 157 1374 mus
179 1334 331 1386 dicere,
351 1345 477 1390 atque
505 1334 634 1374 etiam
656 1334 708 1375 ab
729 1333 845 1374 omni
867 1333 1068 1374 societate
1089 1331 1344 1387 reipublicae,
1375 1330 1499 1386 cujus

61 1400 224 1444 partem
247 1405 322 1432 nec
342 1400 498 1432 norunt
513 1390 658 1442 ullam,
675 1404 751 1431 nec
772 1404 960 1445 unquam
981 1401 1104 1429 nosse
1124 1388 1358 1438 voluerunt,
1376 1388 1511 1442 paul-⁶

61 1446 188 1502 lisper
226 1447 446 1498 facessant,
485 1461 699 1502 rogemus.
759 1446 1109 1488 Perturbatricem
1159 1453 1300 1486 autem
1349 1444 1499 1484 harum

62 1502 252 1544 omnium
283 1519 423 1546 rerum
452 1503 745 1553 Academiam,
775 1503 883 1543 hanc
914 1503 966 1544 ab
988 1501 1182 1542 Arcesila
1210 1510 1253 1542 et
1283 1499 1501 1542 Carneade

63 1570 293 1612 recentem,
311 1575 546 1611 exoremus,
566 1570 614 1601 ut
645 1560 778 1601 sileat.
800 1574 896 1601 nam
917 1559 952 1599 si
982 1558 1177 1599 invaserit
1203 1558 1246 1598 in
1277 1557 1383 1608 haec,
1405 1572 1502 1612 quae

64 1615 165 1658 satis
186 1617 290 1658 scite
312 1618 433 1659 nobis
462 1617 668 1658 instructa
692 1626 735 1658 et
755 1615 991 1671 composita
1008 1614 1214 1665 videntur,
1236 1613 1384 1655 nimias
1405 1613 1503 1654 edet

63 1672 217 1771 ruipas.
252 1689 380 1731 quam
420 1673 591 1731 quidem
627 1687 709 1729 ego
746 1672 911 1729 placare
948 1671 1090 1727 cupio,
1130 1671 1378 1712 submovere
1415 1684 1501 1711 non

62 1742 116 1770 au
147 1744 212 1772 eo.

118 1811 254 1848 Desunt
270 1810 481 1861 bfo-fortasse
498 1810 657 1848 nonnulla
677 1809 717 1847 de
729 1810 857 1862 peccati
877 1809 1071 1847 conscientia
1089 1818 1121 1846 et
1138 1809 1295 1846 scelerum
1308 1808 1430 1859 poeni5.

66 1885 182 1925 Nam
203 1892 246 1925 et
266 1884 309 1925 in
338 1884 387 1926 iis
417 1884 504 1925 sine
535 1883 646 1925 illius
668 1882 912 1924 suffimentis
934 1881 1088 1937 expiati
1107 1896 1266 1922 sumus.
1324 1882 1386 1922 At
1405 1893 1501 1922 vero
1520 1892 1587 1938 14,

66 1941 272 1982 scelerum
302 1941 344 1981 in
375 1941 568 1981 homines
598 1951 725 1996 atque
754 1939 1021 1995 impietatum
1053 1938 1168 1979 nulla
1206 1937 1386 1993 expiatio
1424 1946 1500 1978 est.
1513 1964 1567 1996 40

67 1998 217 2053 Itaque
238 2012 384 2053 poenas
414 1997 538 2039 luunt
567 2012 652 2038 non
682 2006 770 2038 tam
793 1995 980 2053 judiciis,
1015 1998 1127 2051 (quae
1158 1993 1371 2050 quondam
1402 2007 1501 2034 nus-

64 2068 192 2110 quam
212 2062 344 2104 erant,
365 2053 784 2095 hodie'multifariam
806 2052 921 2094 nulla
942 2060 1053 2101 sunt,
1081 2060 1115 2084 ⁵1
1133 2051 1206 2093 ubi
1227 2060 1324 2092 sunt
1344 2059 1500 2101 tamen,

95 2124 252 2167 ersaepe
281 2110 388 2152 falsa
416 2111 528 2163 sunt)
564 2119 601 2142 ⁵2
618 2124 745 2166 quam
775 2119 823 2151 ut
852 2124 924 2150 eos
955 2108 1131 2164 agitent,
1161 2108 1500 2163 insectenturque
1512 2124 1635 2164 p.164.

64 2124 202 2218 Eariae,
223 2182 308 2209 non
326 2167 569 2209 ardentibus
589 2166 724 2217 taedis,
746 2166 854 2207 sicut
874 2166 917 2207 in
937 2165 1105 2216 fabulis,
1127 2164 1199 2205 sed
1220 2178 1379 2220 angore
1397 2178 1502 2205 con-

67 2224 266 2275 scientiae,
296 2223 538 2280 fraudisque
566 2223 770 2266 cruciatu.
828 2222 959 2279 Quod
989 2221 1024 2263 si
1053 2221 1245 2263 homines
1275 2221 1327 2261 ab
1354 2220 1506 2278 injuria

67 2294 207 2337 poena,
227 2295 313 2322 non
339 2289 488 2322 natura
519 2295 659 2322 arcere
684 2279 870 2330 deberet,
893 2293 1089 2335 quaenam
1117 2277 1360 2319 sollicitudo
1380 2292 1506 2318 vexa-

68 2345 133 2378 ret
177 2337 345 2393 impios,
390 2337 558 2379 sublato
599 2336 904 2392 suppliciorum
947 2336 1096 2377 metu?
1144 2349 1326 2390 quorum
1363 2342 1506 2375 tamen

70 2407 195 2436 nemo
225 2401 313 2435 tam
339 2394 477 2436 audax
496 2408 698 2450 umquam
716 2393 810 2443 fuit,
831 2393 933 2448 quin
952 2401 1026 2434 aut
1046 2392 1250 2433 abnueret
1268 2405 1293 2431 a
1313 2405 1357 2432 se
1385 2405 1505 2432 com-

69 2450 247 2491 missum
276 2464 367 2492 esse
396 2450 573 2501 facinus,
604 2458 677 2491 aut
699 2449 808 2506 justi
837 2449 901 2490 sui
932 2448 1089 2490 doloris
1120 2462 1289 2489 causam
1320 2447 1509 2503 aliquam.

71 2505 263 2563 fingeret,
283 2507 654 2564 defensionemque
673 2506 868 2548 facinoris
887 2521 912 2548 a
933 2515 1092 2548 naturae
1107 2505 1205 2562 jure
1225 2504 1367 2560 aliquo
1389 2518 1506 2559 quae-

116 2661 155 2685 50
177 2653 219 2683 ad
234 2653 420 2683 stabiliendas
434 2652 529 2694 vires]
550 2654 632 2685 Vires
647 2654 767 2685 habent
853 2661 892 2686 52
931 2663 1018 2694 quam
1033 2658 1067 2682 ut
1081 2662 1125 2681 eos
1140 2650 1264 2691 agitent,
1281 2651 1506 2691 insecunturque

73 2696 135 2727 fere
150 2706 262 2728 omnes
284 2696 366 2727 libri.
409 2697 556 2729 Davisius
580 2698 711 2737 conjicit
726 2697 766 2726 Ie·
799 2694 914 2738 furiae]
934 2696 985 2727 Sic
1001 2696 1049 2725 ed.
1068 2696 1200 2725 Ascens.
1221 2695 1335 2734 prima.
1357 2703 1444 2734 quam
1460 2702 1506 2723 re·

71 2750 134 2779 ges,
150 2740 234 2779 quod
250 2739 364 2780 placet.
810 2739 906 2779 quirit
921 2739 1099 2778 praecedens
1116 2744 1186 2768 tam.
1203 2737 1315 2776 agitent
1327 2741 1355 2765 et
1370 2735 1507 2765 insecten—

118 2789 165 2822 51·
179 2781 228 2812 ubi
240 2789 304 2812 sunt
315 2789 424 2819 tamen,
431 2780 492 2822 pL]
511 2782 561 2814 Sic
576 2783 646 2814 dedi
661 2793 702 2814 ex
716 2783 766 2814 ed.
811 2789 859 2812 tur
876 2782 994 2813 habent
1009 2781 1079 2814 edd.
1092 2786 1168 2812 vett.

73 2823 156 2855 Ven.
175 2831 266 2858 1494.
281 2825 414 2857 Mediol.
433 2825 490 2864 διε.
