1844 3202
273 135 352 173 646
797 132 878 170 DE
915 131 1181 170 LEGIBUS

275 242 310 282 si
331 232 536 296 regnante
553 239 783 296 Tarquinio
801 239 916 281 nulla
931 248 1019 281 erat
1040 241 1186 280 Romae
1206 239 1360 296 scripta
1379 239 1445 280 lex
1466 239 1518 281 de
1534 239 1702 304 stupris,

274 297 428 339 iccirco
460 312 543 338 non
564 306 710 338 contra
731 296 845 337 illam
868 296 1008 350 legem
1030 296 1325 350 sempiternam
1346 297 1439 337 Sex.
1454 296 1704 352 Tarquinius

275 353 359 395 vim
389 354 613 405 Lucretiae,
639 352 874 408 Tricipitini
898 352 1008 403 filiae,
1031 352 1185 393 attulit.
1211 363 1299 394 erat
1327 353 1438 393 enim
1468 353 1574 393 ratio
1605 367 1704 407 pro-

277 411 388 452 fecta
414 425 439 450 a
467 425 606 451 rerum
640 419 801 459 natura,
821 417 864 449 et
888 408 940 449 ad
970 417 1083 449 recte
1103 408 1339 450 faciendum
1365 409 1598 473 impellens,
1620 417 1663 449 et
1683 423 1707 448 a

276 466 433 508 delicto
463 480 666 507 avocans·
704 480 798 520 quae
830 472 866 500 27
886 479 971 505 non
1000 473 1089 505 tum
1122 464 1302 520 denique
1331 465 1477 520 incipit
1507 465 1572 505 lex
1602 479 1707 516 esse,

278 538 376 564 cum
398 523 552 577 scripta
573 531 649 571 est,
671 521 743 562 sed
764 532 868 571 tum,
890 535 986 561 cum
1009 530 1101 561 orta
1121 529 1196 561 est.
1217 530 1308 562 orta
1327 531 1469 562 autem
1491 521 1615 562 simul
1644 529 1708 562 est

279 594 378 621 cum
418 590 558 619 mente
599 578 748 618 divina.
790 577 1065 632 quamobrem
1105 577 1171 617 lex
1203 592 1298 618 vera
1335 586 1460 633 atque
1499 578 1708 641 princeps,

281 645 380 690 apta
408 634 460 675 ad
485 634 739 689 jubendum,
770 644 812 675 et
842 633 894 674 ad
918 633 1156 683 vetandum,
1186 634 1293 674 ratio
1323 643 1387 674 est
1415 642 1528 674 recta
1557 633 1710 674 summi

236 685 411 734 5Jovis.
469 692 526 733 Q.
558 691 793 740 Assentior,
824 691 963 739 frater,
1004 699 1063 739 ut,
1094 689 1209 744 quod
1247 699 1311 730 est
1350 698 1526 740 rectum,
1567 704 1709 730 verum

237 753 270 782 b·
285 762 454 804 quoque
483 748 549 796 sit,
570 762 705 803 neque
731 761 830 788 cum
858 745 1022 796 litteris,
1048 746 1198 801 quibus
1224 746 1328 787 scita
1357 746 1610 796 scribuntur,
1638 756 1712 786 aut

224 803 264 833 Η
283 805 455 855 oriatur,
477 814 551 845 aut
572 803 752 845 occidat.
810 804 876 844 Μ.
908 804 1024 857 Ergo
1057 811 1103 844 ut
1132 802 1203 843 illa
1233 802 1369 843 divina
1394 817 1527 852 mens,
1548 816 1714 843 summa

282 861 348 901 lex
367 871 458 911 est3
491 869 663 911 281tem,
689 875 787 901 cum
813 860 853 900 in
887 859 1057 899 homine
1089 867 1166 909 est,
1194 860 1382 914 perfecta
1409 869 1473 900 est
1503 859 1543 900 in
1573 867 1715 899 mente

283 892 494 972 sapientis.
553 918 661 973 Quae
683 925 781 957 sunt
805 924 945 956 autem
966 916 1088 966 varie,
1109 924 1150 956 et
1179 915 1232 956 ad
1262 925 1427 970 tempus
1449 924 1489 949 ⁹9
1506 915 1717 970 descripta

283 973 466 1037 populis,
488 974 627 1013 favore
644 973 795 1027 magis,
813 986 938 1027 quam
961 987 1019 1021 re,
1034 971 1177 1026 legum
1199 986 1352 1012 nomen
1370 981 1526 1013 tenent.
1545 985 1714 1012 omnem

283 1030 396 1069 enim
417 1030 572 1084 legem,
594 1043 687 1083 quae
709 1027 886 1090 quidem
901 1039 1014 1068 recte
1042 1028 1108 1068 lex
1127 1028 1325 1083 appellari
1349 1028 1496 1082 possit,
1515 1041 1603 1068 esse
1624 1027 1716 1068 lau-

285 1084 486 1135 dabilem,
527 1083 779 1140 quibusdam
818 1082 971 1124 talibus
1011 1084 1271 1139 argumentis
1309 1083 1477 1124 docent.
1537 1083 1718 1124 Constat

286 1142 479 1198 profecto
500 1141 553 1182 ad
581 1141 758 1182 salutem
781 1139 949 1190 civium,
971 1140 1270 1204 civitatumque
1290 1139 1638 1189 incolumitatem,
1659 1139 1718 1180 vi-

286 1208 458 1253 tamque
488 1198 709 1238 hominum
741 1197 927 1259 quietam
958 1206 1002 1238 et
1031 1197 1213 1247 beatam,
1235 1196 1420 1237 inventas
1451 1211 1541 1237 esse
1570 1196 1717 1252 leges:

286 1269 458 1310 eosque,
480 1254 551 1310 qui
578 1254 760 1318 primum
790 1252 1000 1308 ejusmodi
1021 1253 1125 1293 scita
1145 1253 1369 1302 sanxerint,
1390 1252 1556 1308 populis
1576 1263 1719 1293 osten-

287 1311 413 1361 disse,
443 1325 492 1350 ea
522 1325 565 1351 se
596 1311 822 1365 scripturos
853 1319 978 1364 atque
1008 1309 1181 1359 laturos,
1207 1317 1247 1342 30
1268 1309 1420 1365 quibus
1458 1309 1517 1349 illi
1549 1308 1720 1350 adscitis

289 1367 592 1423 susceptisque,
623 1367 798 1407 honeste
829 1366 1035 1421 beateque
1062 1366 1269 1407 viverent:
1300 1380 1478 1422 quaeque
1512 1365 1570 1405 ita
1601 1379 1721 1406 com-

288 1424 429 1480 posita
469 1433 696 1479 sanctaque
736 1431 888 1473 essent,
926 1437 996 1463 eas
1035 1422 1152 1486 leges
1193 1422 1387 1463 videlicet
1434 1422 1718 1463 nominarunt.

288 1482 353 1522 Ex
371 1494 456 1536 quo
475 1480 652 1535 intelligi
670 1494 744 1535 par
763 1487 840 1528 est,
861 1493 949 1530 eos,
972 1486 1007 1510 31
1029 1480 1100 1535 qui
1129 1479 1364 1534 perniciosa
1388 1487 1431 1519 et
1460 1479 1615 1534 injusta
1644 1493 1722 1533 po·

289 1536 431 1592 pulis
417 1551 535 1593 Jussa
561 1535 870 1600 descripserint,
891 1550 988 1576 eum
1009 1544 1156 1576 contra
1183 1535 1371 1585 fecerint,
1395 1550 1519 1590 quam
1546 1534 1725 1591 polliciti

290 1594 551 1649 professique
573 1593 669 1643 sint,
693 1592 853 1648 quidvis
874 1593 1015 1656 potius
1041 1592 1200 1642 tulisse,
1221 1607 1346 1648 quam
1373 1592 1516 1646 leges:
1548 1602 1597 1633 ut
1625 1605 1722 1646 per-

292 1650 484 1714 spieuum
516 1664 605 1690 6556
640 1649 787 1704 possit,
817 1656 856 1679 ‘³2
873 1663 914 1689 1n
945 1649 1038 1703 ipso
1067 1649 1236 1689 nomine
1275 1648 1381 1703 legis
1410 1647 1723 1712 interpretando
1773 1662 1781 1663 ’

235 1714 281 1745 12
294 1706 427 1747 inesse
448 1721 528 1747 vim
552 1715 595 1747 et
615 1705 862 1746 sententiam
885 1705 992 1760 justi
1020 1713 1062 1745 et
1084 1705 1192 1760 juris
1222 1704 1404 1759 legendi.
1463 1703 1651 1761 Quaero
1641 1704 1724 1759 lgi-

294 1773 363 1804 tur
386 1777 411 1803 a
431 1771 488 1812 te,
509 1763 682 1818 Quinte,
707 1762 815 1802 sicut
845 1761 905 1801 illi
933 1762 1094 1812 solent,
1127 1763 1227 1804 Quo
1255 1777 1289 1802 5ι
1313 1761 1455 1803 civitas
1484 1769 1636 1812 careat,
1669 1761 1725 1802 ob

292 1834 387 1860 eam
416 1819 551 1874 ipsam
573 1832 759 1868 causam,
780 1817 895 1881 quod
924 1832 975 1858 eo
997 1826 1149 1868 careat,
1172 1833 1247 1873 pro
1278 1817 1409 1859 nihilo
1439 1817 1633 1858 habenda
1658 1817 1726 1867 sit,

292 1875 335 1916 id
366 1885 482 1916 estne
512 1874 820 1916 numerandum
851 1889 893 1914 m
927 1874 1079 1915 bonis?
1133 1876 1189 1931 Q.
1218 1876 1285 1915 Ac
1316 1874 1508 1915 maximis
1537 1873 1724 1930 quidem.

293 1933 362 1973 Μ.
392 1933 509 1987 Lege
539 1941 681 1972 autem
713 1945 857 1971 carens
887 1931 1045 1982 civitas,
1066 1946 1172 1971 anne
1203 1932 1259 1972 ob
1290 1931 1332 1972 id
1362 1931 1501 1985 ipsum
1533 1930 1726 1971 habenda

294 1987 412 2030 nullo
432 1988 558 2029 loco?
592 1989 647 2044 Q.
679 1987 778 2027 Dici
797 1987 916 2027 aliter
936 2002 1018 2028 non
1041 1996 1196 2050 potest.
1256 1988 1322 2028 M.
1354 1989 1539 2028 Necesse
1559 1995 1624 2028 est
1645 1986 1727 2042 igi-

238 2055 281 2087 13
296 2052 378 2095 tur,
409 2043 548 2099 legem
579 2044 723 2084 haberi
753 2043 795 2083 in
824 2043 948 2084 rebus
978 2044 1163 2107 optimis.
1222 2045 1276 2100 Q.
1311 2044 1483 2085 Prorsus
1508 2043 1728 2084 assentior.

296 2102 363 2142 M.
393 2100 525 2157 Quid,
559 2100 675 2156 quod
714 2099 850 2140 multa
878 2100 1124 2159 perniciose,
1154 2101 1289 2141 multa
1317 2100 1513 2156 pestifere
1543 2100 1729 2142 sciscun-

339 2220 375 2249 27
402 2226 454 2244 non
470 2221 529 2244 tum
545 2211 680 2255 denique]
700 2214 778 2244 Mss.
794 2214 963 2252 quidam‚'
957 2224 989 2244 in

295 2259 345 2288 his
369 2258 474 2287 Guelf.
505 2264 533 2286 et
563 2258 633 2287 edd.
656 2263 730 2286 vett.
760 2258 907 2296 quaedam
937 2268 990 2285 non

297 2308 358 2329 mm
373 2301 494 2329 demum.
533 2300 593 2329 Sed
609 2300 728 2341 denique
744 2306 774 2329 et
789 2299 863 2330 alibi
879 2306 924 2329 est
936 2309 991 2339 pro

296 2343 419 2373 demum.
431 2353 461 2372 v.
477 2343 568 2373 Clav.

1034 2214 1130 2244 abest.
1152 2214 1289 2253 denique
1314 2224 1368 2253 pro
1385 2225 1414 2243 re
1431 2214 1544 2244 malim
1564 2223 1641 2244 cum
1665 2214 1729 2245 Da-

1033 2256 1198 2296 visiojure.
1215 2265 1365 2287 neutrum
1381 2265 1427 2287 est
1443 2258 1473 2286 in
1492 2258 1555 2287 Ms.
1572 2257 1679 2287 Guels.
1702 2265 1732 2287 et

1034 2300 1083 2329 ed.
1108 2301 1188 2330 Ven.
1214 2307 1306 2332 1494.
1330 2312 1359 2329 re
1380 2307 1427 2329 est
1453 2301 1485 2330 in
1517 2299 1648 2330 Mediol.
1673 2301 1731 2331 As-

341 2392 380 2416 28
404 2386 472 2415 item
487 2396 550 2414 cum
567 2385 596 2414 in
611 2385 720 2414 homine
736 2392 787 2421 est,
803 2384 934 2424 petfecta
953 2391 993 2413 es!

297 2428 328 2457 in
343 2435 435 2458 mente
451 2426 599 2467 sapientis]
626 2429 693 2457 item
711 2428 823 2458 frustra
846 2428 993 2458 Davisius

295 2472 431 2502 correxit
453 2470 506 2500 ita.
531 2480 607 2500 nam
630 2477 660 2500 et
683 2470 756 2500 alibi
780 2471 848 2499 item
871 2478 918 2500 est
938 2481 993 2510 pro

295 2514 409 2544 eodem
433 2515 540 2544 modo.
584 2514 644 2543 Sed
668 2523 722 2552 pro
732 2514 896 2553 perfectum
913 2513 994 2543 bene

297 2558 436 2597 reposuit
452 2557 605 2597 persi-cta.-
635 2556 721 2595 quod
744 2562 774 2586 et
797 2557 860 2588 Ms.
886 2556 995 2588 Guelf.

298 2600 394 2630 habet
409 2606 439 2630 et
454 2600 523 2629 edd.
540 2600 686 2638 quaedam
703 2600 889 2629 veterrimae.

342 2650 383 2675 29
406 2642 547 2681 descripta
557 2641 792 2681 populi,favore
808 2640 917 2683 magis]
937 2642 994 2672 Pro

298 2685 442 2725 descripta
462 2684 533 2714 libri
555 2685 685 2724 quidam
710 2692 740 2714 et
762 2685 831 2714 edd.
848 2691 923 2714 vett.
947 2684 995 2714 de-

298 2728 427 2768 scriptae,
456 2734 525 2767 post
549 2727 650 2767 populi
681 2727 830 2758 Davisius
861 2729 995 2758 correxit

291 2770 408 2808 populis
424 2772 516 2801 bene.
531 2771 576 2800 sic
593 2777 622 2800 et
638 2770 733 2810 paulo
754 2777 823 2809 post
838 2778 895 2800 est.
909 2772 994 2801 idem

298 2813 424 2848 delevit,
440 2814 526 2852 quod
543 2814 574 2843 in
587 2813 722 2852 vulgatis
738 2813 880 2852 sequitur
895 2813 931 2849 si,
949 2823 994 2843 re·

298 2862 368 2884 cte:
393 2866 468 2886 narn
492 2864 521 2887 et
544 2866 561 2886 a
584 2856 669 2886 libris
691 2865 750 2887 scr.
773 2863 805 2886 et
827 2857 897 2886 edd.
920 2863 995 2887 vett.

1034 2352 1119 2372 cens.
1136 2344 1194 2372 ἃς.

1077 2391 1118 2415 30
1140 2384 1239 2426 quibus
1255 2384 1302 2413 illi
1314 2384 1466 2424 adscriptis
1479 2396 1549 2415 susc.
1553 2382 1566 2424 ]
1580 2376 1733 2424 adscriptis

1034 2427 1185 2458 vitiosum
1201 2437 1280 2464 esse,
1291 2429 1346 2458 viri
1363 2428 1444 2458 docti
1461 2429 1584 2458 dudum
1597 2437 1731 2458 sensere.

1038 2471 1212 2501 Lambinus
1242 2471 1413 2509 corrigebat
1443 2471 1553 2507 ascitis,
1585 2470 1731 2501 Davisius

1037 2513 1212 2553 subscriptis.
1229 2514 1307 2543 illud
1331 2514 1458 2550 melius,
1474 2514 1650 2553 eodemque
1664 2522 1733 2543 ver-

1037 2556 1078 2586 bo
1092 2556 1137 2586 sie
1154 2566 1231 2587 mox
1247 2557 1344 2586 utitur
1356 2556 1477 2587 Cicero.

1081 2605 1117 2629 81
1144 2600 1195 2640 qui
1214 2599 1372 2638 perniciosa
1389 2598 1506 2639 populis
1523 2598 1607 2639 jussa
1629 2597 1734 2627 descri-

1032 2642 1160 2682 pserint]
1176 2642 1261 2681 jussa
1289 2642 1426 2681 glossam
1449 2643 1540 2681 sapit,
1563 2647 1658 2680 atque
1680 2641 1735 2670 de-

1038 2685 1183 2722 lendum,
1214 2685 1327 2715 saltem
1348 2685 1421 2724 jura
1445 2684 1666 2723 corrigendum
1688 2684 1736 2714 vi·

1037 2728 1138 2758 detur.

1081 2777 1120 2801 39.
1145 2770 1174 2799 in
1187 2770 1208 2800 i.
1225 2770 1334 2800 nomine
1346 2770 1415 2811 Iegis
1428 2766 1654 2809 interpretando]
1669 2768 1734 2799 Cur

1040 2815 1072 2844 in
1096 2813 1335 2852 interprrtando?
1368 2815 1470 2844 immo
1493 2812 1524 2844 in
1545 2813 1604 2852 ipso
1625 2811 1734 2852 nomin(

1041 2856 1111 2898 Iegis
1128 2857 1207 2887 inest
1221 2857 1267 2887 vis
1279 2856 1365 2895 justi.
