1844 3202
268 134 347 175 806
776 136 937 175 CATO
973 137 1184 178 MAJOR
1216 134 1218 136 ’

265 251 391 299 atque
410 244 670 299 praeclarum,
687 245 800 302 quod
822 262 896 288 sua
916 254 1063 302 sponte
1079 254 1304 310 peteretur,
1322 245 1535 302 quodque,
1549 256 1686 302 spreta

202 311 254 342 44
266 308 308 340 et
327 310 542 342 contemta
560 301 789 357 voluptate,
811 304 996 358 optimus
1024 303 1200 358 quisque
1229 311 1485 359 sequeretur.
1542 304 1686 367 Quor-

266 370 361 397 sum
383 357 513 413 igitur
533 367 619 398 tam
642 358 776 401 multa
795 359 848 400 de
867 359 1108 414 voluptate?
1140 360 1239 414 quia
1266 374 1347 401 non
1376 359 1505 400 modo
1526 360 1688 415 vitupe-

266 413 373 454 ratio
402 414 530 465 nulla,
561 414 634 454 sed
664 415 791 456 etiam
829 429 994 455 summa
1021 415 1112 455 laus
1139 416 1362 457 senectutis
1389 425 1466 465 est,
1494 416 1609 472 quod
1640 430 1689 456 ea

263 469 498 533 voluptates
526 470 660 511 nullas
685 485 943 526 magnopere
970 471 1189 511 desiderat.
1214 482 1326 513 caret
1351 447 1499 527 epulis,
1521 483 1685 513 exstru-

262 525 341 566 ctis
374 540 425 566 ue
456 527 625 576 mensis,
655 535 697 566 et
727 528 1013 591 frequentibus
1043 527 1237 590 poculis?
1280 538 1394 569 caret
1422 544 1527 584 ergo
1557 529 1684 570 etiam

263 582 357 623 vino
377 582 501 633 entia,
537 592 579 624 et
610 582 832 634 cruditate,
863 592 905 624 et
932 583 1162 624 insomniis.
1221 584 1304 624 Sed
1334 585 1368 625 si
1397 585 1555 639 aliquid
1584 585 1687 625 dan-

261 637 366 678 dum
396 648 461 680 est
488 638 708 702 voluptati,
738 639 936 694 quoniam
967 639 1058 695 ejus
1097 639 1308 680 blanditiis
1346 655 1428 681 non
1458 641 1579 681 facile
1609 641 1686 681 ob-

261 694 447 735 sistimus
472 694 623 748 (divine
644 695 754 736 enim
787 696 903 737 Plato
925 710 1064 737 escam
1085 696 1310 760 malorum,
1332 697 1587 751 voluptatem
1610 711 1684 751 ap-

260 751 403 805 pellat,
425 752 540 807 quod
560 766 610 793 ea
630 751 821 793 videlicet
842 752 1033 793 homines
1054 753 1285 807 capiantur,
1306 761 1355 794 ut
1383 752 1509 793 hamo
1531 754 1681 808 pisces)

260 821 517 872 quamquam
549 808 836 849 immoderatis
866 808 1000 864 epulis
1028 817 1168 850 careat
1193 819 1400 859 senectus,
1423 809 1599 850 modicis
1621 819 1684 850 ta-

260 877 357 904 men
393 865 588 905 conviviis
627 864 825 906 delectari
865 874 1017 920 potest.
1078 865 1128 906 C.
1168 866 1392 916 Duillium,
1423 866 1490 905 Μ.
1531 867 1574 906 F.
1614 866 1685 921 qui

261 919 411 960 Poenos
448 920 578 960 classe
617 921 776 975 primus
808 921 1030 973 devicerat,
1068 921 1313 962 redeuntem
1346 936 1369 961 a
1401 936 1504 962 cena
1541 936 1684 963 senem

258 989 370 1030 saepe
391 975 582 1017 videbam
612 990 743 1030 puer3
774 976 1062 1018 delectabatur
1089 978 1235 1018 crebro
1260 977 1404 1027 funali,
1430 987 1472 1018 et
1501 978 1685 1028 tibicine,

259 1046 354 1087 quae
387 1032 466 1073 sibi
501 1032 617 1073 nullo
651 1033 845 1087 exemplo
878 1033 1060 1087 privatus
1095 1043 1324 1074 sumserat:
1357 1042 1521 1074 tantum
1555 1034 1684 1074 licen-

195 1098 244 1131 45
259 1088 327 1128 tiae
350 1088 476 1129 dabat
495 1089 645 1144 gloria.
705 1089 789 1130 Sed
808 1089 909 1145 quid
931 1103 1012 1144 ego
1033 1090 1166 1130 alios?
1199 1090 1250 1130 ad
1279 1090 1484 1144 meipsum
1506 1092 1596 1145 jam
1614 1105 1684 1137 re-

257 1155 405 1185 vertar.
465 1145 652 1186 Primum
694 1146 824 1187 habui
855 1161 1020 1201 semper
1054 1145 1233 1186 sodales.
1269 1146 1508 1187 sodalitates
1539 1155 1683 1187 autem

257 1216 327 1242 me
355 1210 565 1257 quaestore
596 1203 836 1243 constitutae
873 1212 984 1253 sunt,
1011 1203 1136 1243 sacris
1167 1202 1290 1243 Idaeis
1324 1204 1497 1257 Magnae
1532 1203 1684 1244 Matris

213 1269 245 1301 b.
257 1259 452 1313 acceptis.
474 1259 675 1314 epulabar
699 1259 830 1314 igitur
859 1274 958 1300 cum
980 1259 1194 1300 sodalibus
1214 1259 1387 1300 omnino
1409 1259 1588 1310 modice,
1610 1260 1683 1301 sed

255 1324 345 1356 erat
379 1315 553 1379 quidam
585 1316 720 1356 fervor
754 1316 916 1356 aetatis:
949 1331 1033 1380 qua
1065 1315 1375 1370 progrediente,
1409 1316 1552 1356 omnia
1587 1316 1684 1357 fient

253 1370 385 1412 indies
415 1372 597 1413 mitiora.
638 1387 774 1428 neque
805 1372 917 1413 enim
953 1373 1142 1427 ipsorum
1172 1373 1455 1412 convivlorum
1497 1372 1681 1413 delecta-

253 1427 413 1469 tionem
434 1428 722 1483 voluptatibus
743 1429 930 1484 corporis
955 1429 1106 1484 magis,
1129 1443 1257 1491 quam
1292 1437 1407 1469 coetu
1434 1429 1683 1479 amicorum,

253 1493 297 1525 et
325 1485 587 1526 sermonibus
615 1485 832 1526 metiebar.
863 1485 970 1525 bene
997 1486 1109 1526 enim
1142 1499 1321 1548 maJores
1350 1486 1482 1525 nostri
1511 1486 1682 1526 accubi-

251 1540 411 1582 tionem
443 1541 656 1605 epularem
687 1542 937 1605 amicorum,
969 1542 1069 1596 quia
1096 1542 1191 1582 vitae
1223 1541 1567 1596 conjunctionem
1604 1542 1681 1582 ba-

251 1596 384 1647 beret,
419 1597 653 1638 convivium
692 1598 977 1648 nominarunt,
1015 1597 1180 1646 melius,
1220 1612 1348 1653 quam
1390 1598 1557 1648 Graeci3
1607 1599 1679 1654 qui

251 1652 333 1694 hoc
363 1653 478 1694 idem
506 1662 598 1694 tum
619 1654 998 1709 compotationem,
1021 1663 1113 1695 tum
1135 1654 1480 1695 concenationem
1504 1664 1680 1695 vocant.

252 1718 314 1759 ut,
336 1709 483 1766 quod
474 1726 515 1751 1n
535 1725 586 1751 eo
606 1724 760 1765 genere
788 1710 1013 1751 minimum
1045 1719 1123 1774 est,
1144 1710 1186 1750 id
1217 1712 1397 1750 maxime
1427 1710 1602 1764 probare
1622 1711 1682 1751 vi·-

173 1767 241 1815 14.
252 1765 442 1808 deantur
501 1768 596 1822 Ego
617 1781 713 1807 vero
744 1774 915 1831 propter
939 1767 1143 1807 sermonis
1174 1766 1496 1807 delectationem
1519 1776 1680 1821 tempe-

187 1832 327 1872 45st1x
332 1837 364 1863 is
395 1838 566 1879 quoque
596 1823 793 1864 conviviis
819 1823 1019 1873 delector,
1042 1837 1119 1863 nec
1149 1837 1246 1863 cum
1281 1822 1512 1878 aequalibus
1542 1823 1681 1864 solum

254 1879 342 1934 (qui
374 1880 497 1935 pauci
521 1880 754 1921 admodum
782 1880 955 1933 restant)
990 1879 1061 1919 sed
1092 1894 1190 1920 cum
1220 1888 1353 1919 vestra
1382 1880 1510 1920 etiam
1542 1889 1680 1929 aetate‚

248 1942 374 1990 atque
393 1936 611 1978 vobiscum
631 1952 640 1976 :
670 1936 893 1991 habeoque
913 1936 1118 1976 senectuti
1147 1950 1346 2000 magnam
1366 1936 1561 1990 gratiam,
1583 1951 1680 1991 quae

248 1992 354 2033 mihi
388 1993 592 2034 sermonis
630 1993 870 2034 aviditatem
907 1992 1036 2041 auxit,
1067 1992 1252 2047 potionis
1291 2002 1333 2033 et
1371 1992 1455 2032 cibi
1493 1992 1678 2033 sustulit.

247 2048 379 2112 Ouod
410 2049 442 2090 si
465 2064 592 2105 quem
614 2049 741 2090 etiam
762 2050 842 2090 ista
862 2048 1073 2089 delectant
1096 2051 1164 2102 (ne
1186 2048 1359 2089 omnino
1388 2047 1549 2089 bellum
1570 2048 1679 2090 indi·

247 2119 355 2144 xlsse
375 2104 514 2146 videar
538 2105 758 2160 voluptati,
787 2104 910 2160 cujus
943 2113 1007 2145 est
1041 2104 1169 2145 etiam
1202 2105 1379 2145 fortasse
1407 2104 1581 2160 quidam
1607 2120 1680 2146 na-

248 2161 392 2201 turalis
419 2161 589 2212 modus)
621 2177 705 2202 non
734 2161 942 2216 intelligo,
976 2175 1028 2201 ne
1062 2161 1105 2201 in
1134 2161 1224 2201 istis
1254 2160 1425 2216 quidem
1453 2161 1679 2216 voluptati-

247 2217 362 2258 bus
353 2218 467 2271 ipsis,
489 2232 628 2259 carere
654 2233 779 2259 sensu
809 2226 1084 2259 senectutem.
1143 2218 1219 2257 Me
1239 2232 1336 2258 vero
1365 2227 1408 2258 et
1437 2217 1679 2272 magisteria

246 2272 470 2325 delectant,
491 2289 515 2315 a
535 2274 766 2331 majoribus
785 2274 1003 2315 instituta.
1033 2283 1075 2315 et
1100 2273 1134 2314 is
1165 2288 1317 2325 sermo,
1339 2273 1411 2329 qui
1440 2288 1559 2314 more
1587 2288 1677 2314 ma-

238 2328 387 2385 jorum
409 2338 446 2367 87
466 2346 490 2372 a
511 2346 681 2372 summo
702 2330 956 2372 adhibetur
946 2346 988 2371 1n
1019 2329 1206 2385 poculis:
1238 2339 1280 2371 et
1308 2330 1475 2385 pocula,
1498 2330 1606 2371 sicut
1635 2330 1679 2371 in

246 2387 463 2442 symposio
496 2388 811 2443 Xenophontis,
844 2386 1022 2438 minuta,
1056 2395 1186 2451 atque
1213 2386 1408 2436 rorantia,
1430 2396 1473 2427 et
1503 2386 1679 2452 refrige-

245 2443 352 2484 ratio
375 2452 535 2493 aestate,
556 2452 598 2484 et
614 2445 794 2485 vicissim
816 2452 889 2484 aut
910 2443 988 2493 sol,
1011 2452 1084 2484 aut
1103 2443 1210 2498 ignis
1231 2442 1445 2483 hibernus.
1468 2458 1563 2498 quae
1585 2443 1678 2498 qui-

244 2498 379 2540 dem
369 2515 412 2540 in
443 2500 606 2541 Sabinis
633 2501 757 2542 etiam
788 2499 979 2555 persequi
1008 2499 1139 2549 soleo,
1168 2506 1206 2530 38
1228 2499 1549 2555 conviviumque
1577 2499 1677 2540 vici-

244 2570 397 2597 norum
426 2557 616 2615 quotidie
643 2556 860 2612 compleo:
894 2555 1010 2611 quod
1040 2555 1092 2596 ad
1123 2555 1302 2596 multam
1334 2564 1518 2606 noctem,
1548 2570 1676 2611 quam

179 2613 426 2662 47maxime
446 2627 687 2668 possumus,
708 2613 819 2654 vario
841 2626 1034 2652 sermone
1055 2612 1346 2667 producimus.
1404 2612 1467 2652 At
1496 2625 1580 2653 non
1611 2620 1675 2654 est

137 2679 166 2710 P·
182 2676 232 2743 ΒΞ·
244 2668 509 2725 voluptatum
528 2680 645 2711 tanta
666 2670 785 2725 quasi
806 2668 1018 2710 titillatio
1010 2683 1050 2709 in
1071 2668 1253 2710 senibus.
1313 2668 1487 2710 Credo.
1519 2667 1595 2709 sed
1624 2681 1676 2709 ne

284 2789 322 2819 37
347 2795 365 2812 a
381 2781 502 2824 summo]
522 2783 585 2814 Qui
602 2784 704 2824 primo
720 2784 790 2815 loco
806 2793 936 2814 aecum·
978 2783 1043 2814 vito
1068 2783 1106 2812 ad
1136 2783 1322 2815 convivium
1353 2789 1410 2820 tot,
1434 2790 1469 2813 ut
1499 2781 1673 2813 triclinium

243 2825 298 2855 bit.
978 2826 1112 2867 plenum
1129 2826 1194 2857 fiat.

283 2873 323 2899 38
346 2867 695 2910 convivium—compleo]
727 2870 855 2901 Vicinos
886 2870 933 2900 ln-
