1844 3202
639 135 930 176 PARADOX
941 137 990 174 A.
1469 142 1544 182 857

108 245 286 302 pecunia
324 254 389 288 est
426 260 546 302 opus.
587 243 722 285 duas?
756 241 929 298 majore.
969 242 1145 296 plures?
1192 241 1352 298 majore
1392 244 1536 285 etiam.

108 311 146 340 ⁴7
161 313 205 344 et
231 304 279 354 si,
306 312 354 345 ut
385 303 513 351 aiunt,
537 300 703 350 Danao,
725 297 1032 356 quinquaginta
1056 298 1138 338 sint
1164 298 1258 338 filiae
1281 315 1290 338 ε
1322 307 1385 338 tot
1414 300 1535 342 dotes

106 374 306 415 magnam
337 368 531 415 quaerunt
559 357 796 412 pecuniam.
854 355 1075 397 Quantum
1109 354 1219 394 enim
1249 354 1402 409 cuique
1429 371 1535 410 opus

107 424 187 465 est,
220 416 272 456 ad
296 415 337 456 id
369 412 731 463 accommodatur,
760 422 808 454 ut
843 420 939 452 ante
972 410 1072 460 dixi,
1100 410 1336 451 divitiarum
1368 412 1534 453 modus.

105 472 179 526 qui
216 471 346 526 igitur
378 485 462 511 non
496 470 598 511 filias
632 470 785 524 plures,
817 467 891 509 sed
926 466 1250 508 innumerabiles
1283 467 1536 521 cupiditates

106 527 250 576 habet,
283 542 378 582 quae
414 527 527 568 brevi
561 535 750 581 tempore
784 524 986 566 maximas
1017 523 1160 579 copias
1190 522 1406 564 exhaurire
1436 537 1536 578 pos-

104 582 216 632 sint3
259 581 370 624 hunc
411 598 497 639 quo
535 582 665 623 modo
705 596 786 637 ego
826 580 1049 636 appellabo
1088 579 1272 630 divitem,
1308 594 1405 621 cum
1446 579 1535 635 ipse

101 638 229 679 etiam
250 652 373 694 egere
397 655 440 681 se
468 639 650 681 sentiat?
683 638 807 679 multi
836 646 876 670 48
893 652 943 678 ex
970 647 1011 678 te
1041 636 1278 687 audierunt,
1300 651 1398 677 cum
1419 635 1535 677 dice-

103 709 183 745 res,
212 696 422 737 neminem
450 710 539 737 esse
567 695 754 745 divitem,
776 694 855 735 nisi
887 694 960 749 qui
988 693 1216 734 exercitum
1250 692 1359 734 alere
1391 703 1536 748 posset

102 751 189 792 suis
220 752 455 794 fructibus:
488 751 603 808 quod
636 751 819 807 populus
852 751 1067 791 Romanus
1103 749 1229 790 tantis
1259 748 1536 804 vectigalibus

95 804 352 863 jampridem
382 809 447 850 vix
478 816 632 865 potest.
663 823 768 863 ergo
805 807 886 847 hoc
922 805 1157 861 proposito,
1190 820 1421 861 numquam
1454 806 1534 848 eris

102 863 214 904 dives
235 873 345 916 ante,
367 880 491 921 quam
516 864 590 906 tibi
620 878 671 905 ex
699 864 782 905 tuis
810 862 1143 919 possessionibus
1172 870 1337 903 tantum
1374 862 1534 903 reficia-

101 930 185 971 tur,
206 929 253 962 ut
275 935 326 961 eo
347 922 456 962 tueri
475 936 546 963 sex
566 921 768 976 legiones,
789 930 832 960 et
861 934 1017 975 magna
1046 919 1236 974 equitum
1265 934 1313 960 ac
1344 918 1532 974 peditum

101 976 254 1018 auxilia
279 978 428 1033 possis.
485 979 579 1020 Jam
609 977 748 1018 fateris
781 977 925 1032 igitur,
949 991 1031 1016 non
1065 990 1154 1016 esse
1185 985 1226 1016 te
1257 975 1444 1026 divitem,
1463 976 1533 1018 cui

100 1041 264 1074 tantum
285 1034 406 1084 desit,
427 1042 473 1076 ut
493 1034 658 1089 expleas
678 1033 735 1084 id,
757 1033 872 1089 quod
899 1041 1085 1089 exoptas.
1108 1032 1247 1088 itaque
1274 1032 1397 1073 istam
1428 1046 1533 1088 pau-

98 1099 321 1145 pertatem,
342 1091 404 1132 vel
429 1091 570 1146 potius
591 1099 822 1146 egestatem
845 1104 892 1130 ac
919 1088 1232 1130 mendicitatem
1263 1098 1380 1130 tuam
1407 1104 1531 1129 uum-

101 1160 230 1201 quam
262 1147 440 1188 obscure
472 1147 616 1188 tulisti.
675 1148 790 1188 Nam
821 1156 870 1188 ut
898 1146 963 1197 iis,
988 1146 1060 1201 qui
1091 1145 1265 1186 honeste
1294 1160 1380 1186 rem
1413 1146 1576 1201 quae-2

99 1211 199 1243 runt
231 1203 476 1244 mercaturis
510 1203 723 1253 faciendis,
757 1212 797 1237 49
815 1202 953 1258 operis
987 1202 1148 1252 dandis,
1187 1211 1226 1234 ⁵0
1244 1201 1421 1257 publicis
1458 1217 1529 1243 su-

98 1258 276 1311 mendis,
297 1259 569 1315 intelligimus
595 1274 702 1314 opus
731 1273 821 1300 esse
852 1259 1058 1314 quaesito:
1088 1259 1161 1309 sic,
1181 1260 1253 1314 qui
1273 1258 1383 1299 videt
1411 1257 1529 1299 domi

98 1324 184 1356 tuae
206 1315 361 1370 pariter
381 1325 690 1367 accusatorum,
708 1325 833 1372 atque
849 1315 1046 1371 judicum
1067 1315 1331 1356 consociatos
1352 1329 1504 1371 greges
1515 1332 1527 1367 3
1541 1336 1570 1366 p.
1590 1332 1660 1358 ηε.

99 1372 172 1427 qui
205 1381 405 1414 nocentes
437 1382 479 1414 et
505 1373 757 1428 pecuniosos
784 1387 892 1423 reos,
923 1372 1072 1413 eodem
1103 1381 1145 1412 te
1176 1381 1363 1421 auctore,
1385 1379 1569 1413 corru-a·

96 1428 255 1483 ptelam
286 1429 438 1484 judicii
471 1429 708 1480 molientes,
739 1430 812 1485 qui
841 1438 935 1469 tuas
965 1427 1208 1468 mercedum
1240 1429 1457 1483 pactiones
1487 1429 1531 1470 in

95 1485 356 1539 patrociniis,
386 1485 705 1527 intercessiones
730 1486 1004 1541 pecuniarum
1034 1485 1076 1524 in
1104 1484 1358 1525 coitionibus
1386 1484 1530 1526 candi—

95 1539 308 1592 datorum,
335 1541 598 1583 dimissiones
627 1542 873 1583 libertorum
906 1550 941 1573 ⁵1
961 1541 1014 1582 ad
1043 1541 1304 1582 foenerandas
1332 1541 1531 1597 diripien-

98 1596 258 1653 dasque
292 1598 551 1653 provincias:
584 1599 657 1655 qui
690 1598 955 1655 expulsiones
980 1597 1227 1648 vicinorum,
1257 1599 1328 1654 qui
1357 1597 1530 1639 latroci-

96 1653 166 1695 nia
185 1655 228 1695 in
248 1655 375 1711 agris,
398 1655 470 1711 qui
490 1669 589 1696 cum
610 1655 749 1706 servis,
770 1670 865 1696 cum
886 1654 1060 1704 libertis,
1082 1668 1182 1695 cum
1206 1654 1428 1695 clientibus
1460 1669 1530 1696 so-

95 1710 284 1762 cietates,
306 1711 378 1767 qui
403 1712 687 1765 possessiones
710 1725 873 1762 vacuas,
895 1711 968 1766 qui
995 1711 1319 1765 proscriptiones
1340 1710 1531 1766 locuple-

94 1766 220 1816 tium,
249 1768 321 1823 qui
350 1767 486 1808 caedes
520 1767 864 1823 municipiorum,
893 1767 965 1823 qui
993 1767 1107 1808 illam
1137 1767 1297 1807 Sullani
1328 1768 1533 1822 temporis

95 1837 276 1864 messem
312 1823 568 1875 recordetur,
604 1823 677 1879 qui
713 1832 965 1864 testamenta
998 1823 1202 1879 subjecta,
1239 1823 1311 1879 qui
1341 1824 1531 1865 sublatos

95 1887 162 1920 tot
189 1879 382 1920 homines
399 1896 411 1930 3
443 1880 516 1935 qui
548 1880 731 1935 denique
761 1880 904 1920 omnia
925 1880 1096 1929 venalia,
1127 1880 1353 1931 delectum,
1383 1880 1532 1922 decre-

94 1943 203 1987 tum,
233 1936 426 1987 alienam,
456 1951 574 1977 suam
605 1937 871 1987 sententiam,
894 1936 1048 1986 forum,
1077 1936 1270 1988 domum,
1289 1951 1451 1987 vocem,
1472 1937 1528 1977 si-

92 1991 271 2033 lentium
291 2008 300 2033 :
332 2001 370 2024 ⁵2
388 1992 481 2048 quis
502 1993 624 2040 ,hunc
645 2008 730 2034 non
755 2001 876 2048 putet
895 1992 1100 2043 confiteri,
1122 1993 1201 2033 sibi
1222 1993 1400 2048 quaesito
1420 2008 1529 2049 opus

95 2048 218 2089 esse?
249 2048 318 2090 cui
347 2057 491 2090 autem
516 2050 694 2105 quaesito
714 2063 822 2104 opus
853 2049 921 2100 sit,
943 2049 1036 2104 quis
1068 2064 1272 2105 umquam
1304 2050 1416 2090 hunc
1436 2064 1530 2092 vere

93 2103 246 2147 dixerit
273 2104 476 2148 divitem?
509 2116 574 2147 est
605 2106 718 2147 enirn
745 2105 982 2147 divitiarum
1015 2105 1177 2147 fructus
1203 2106 1245 2147 in
1270 2106 1421 2162 copia:
1453 2121 1527 2148 co-

831 2216 960 2257 vincias]
990 2217 1144 2248 Pecunias
1167 2218 1199 2248 in
1227 2218 1394 2257 provinciis
1417 2219 1529 2250 foenori

135 2222 174 2253 47
200 2223 228 2247 et
248 2217 284 2254 si,
301 2224 333 2247 ut
350 2217 446 2254 aiunt,
464 2217 581 2256 Danao]
608 2218 658 2248 Sc.
682 2218 787 2248 fuisse.

832 2261 993 2297 locandas,
1009 2262 1092 2300 quod
1111 2259 1422 2292 maxime‘usitatum
1438 2263 1529 2300 equi-

91 2259 198 2299 Vulgo
213 2267 259 2291 est
277 2260 389 2291 Danai.
405 2267 437 2290 at
451 2261 481 2290 id
496 2261 614 2291 durum
632 2268 689 2298 est,
706 2271 789 2291 sem-

93 2311 212 2342 perque
237 2304 358 2342 putavi,
383 2304 488 2333 Danao
509 2313 575 2333 esse
605 2303 788 2342 legendum.

91 2345 167 2385 quia
180 2346 225 2376 sic
241 2346 337 2377 habet
358 2347 422 2377 Ms.
443 2346 557 2376 Duisb.
578 2348 691 2385 recepi.
736 2347 790 2377 Est

92 2389 190 2419 etiam
205 2387 250 2419 sic
265 2389 298 2419 in
312 2391 362 2420 ed.
379 2390 466 2420 Med.
483 2390 564 2420 Ven.
583 2396 675 2426 1471.

136 2437 177 2461 48
201 2442 237 2460 ex
252 2430 293 2471 te]
311 2432 363 2462 Sc.
379 2432 500 2463 Crasse.

135 2481 178 2506 49
200 2473 291 2513 operis
305 2473 420 2513 dandis]
447 2476 536 2505 Idem
559 2481 616 2511 est,
635 2476 719 2514 quod
742 2474 788 2506 lo-

832 2303 915 2333 tibus
932 2304 991 2333 fuit
1006 2310 1037 2333 et
1057 2304 1231 2343 provincias
1246 2305 1404 2334 exhausit.
1450 2305 1529 2336 Edd.

832 2347 1017 2376 recentiores
1035 2347 1154 2377 habent
1170 2346 1386 2386 defoenerandas
1397 2359 1407 2376 .·
1430 2354 1462 2377 at
1475 2358 1529 2378 ve-

830 2395 908 2418 teres
921 2389 1124 2429 foenercmdas,
1149 2396 1184 2419 ut
1215 2389 1310 2419 Rom.
1333 2390 1414 2420 Ven.
1439 2391 1528 2422 Med.

830 2432 903 2462 Ald.
935 2434 993 2462 &Q
1020 2433 1105 2462 unde
1136 2434 1288 2463 revocavi.
1311 2432 1529 2473 defoenerandas

831 2481 944 2505 natum
959 2476 1082 2505 videtur
1097 2484 1113 2504 e
1134 2475 1268 2505 lectione
1284 2477 1332 2505 ed.
1349 2475 1462 2506 Colon.
1477 2475 1528 2504 de-

91 2517 213 2553 candis,
236 2525 280 2547 sc.
304 2518 341 2547 ad
364 2518 600 2554 aedificationes,
617 2519 702 2557 quod
725 2525 789 2548 erat
820 2517 974 2558 ferendas,
991 2518 1145 2557 quoniam
1160 2517 1345 2558 defoenernri‚
1362 2528 1380 2548 a
1397 2519 1527 2557 scripto·

92 2559 308 2590 redemtorum
324 2565 356 2589 et
374 2561 626 2592 conductorum:
650 2562 734 2600 quod
755 2571 786 2591 e-

91 2608 138 2632 rat
166 2612 267 2642 genus
295 2604 504 2642 pecuniarum
529 2605 786 2644 quaerendarum,

89 2645 185 2683 cujus
207 2646 311 2676 multa
338 2646 458 2676 mentio
479 2648 563 2686 apud
585 2647 787 2684 Ciceronem,

92 2688 236 2728 inprimis
252 2689 284 2719 in
300 2689 450 2719 Verrinis.

136 2738 177 2762 50
194 2731 319 2770 publicis
341 2730 493 2770 sumendis]
525 2732 545 2761 i.
572 2741 600 2762 e.
629 2732 786 2762 redimen-

26 2793 31 2800 ,
91 2773 150 2810 dis,
167 2780 204 2804 ut
217 2774 436 2814 vectigalibus,
452 2775 539 2814 quod
561 2780 625 2804 erat
644 2774 786 2814 publica-

91 2825 220 2847 norum.

134 2866 171 2890 ⁵1
196 2859 238 2889 aed
251 2859 444 2901 funerandas
468 2858 700 2902 diripiendasque
716 2867 787 2901 pro-

829 2561 914 2591 ribus
942 2561 1158 2591 ecclesiasticis
1188 2568 1366 2600 usurpatur.
1388 2571 1419 2591 v.
1445 2561 1533 2599 Gro-·

830 2613 904 2633 nov.
919 2604 997 2634 Obs.
1013 2604 1046 2633 in
1062 2604 1128 2634 Ser.
1143 2603 1230 2634 Eccl.
1247 2613 1277 2642 p.
1294 2611 1341 2634 1ο.

874 2654 912 2677 52
936 2647 1000 2687 quis
1021 2646 1096 2676 hum·
1117 2657 1170 2675 non
1185 2652 1273 2685 putet
1293 2645 1434 2685 corfilen}
1452 2645 1522 2685 sibz]

830 2689 885 2719 Est
907 2690 959 2719 hic
982 2689 1165 2720 ἀνακόλεθος
1188 2689 1306 2718 oratio:
1331 2698 1408 2719 nam
1432 2689 1525 2727 perti-
1544 2723 1547 2725 ,

829 2739 907 2762 nent
933 2733 1002 2762 haec
1025 2732 1064 2762 ad
1087 2731 1250 2767 Crassum,
1267 2737 1298 2761 et
1319 2732 1357 2760 ad
1380 2731 1522 2768 initium,

829 2775 879 2816 qui
891 2775 974 2804 videt
989 2775 1064 2804 domi
1080 2781 1156 2804 tuae:
1173 2775 1279 2814 itaque
1293 2773 1427 2805 debebat
1442 2782 1524 2813 esse,

829 2818 894 2860 quis
909 2824 937 2848 te
950 2829 1002 2848 non
1013 2824 1047 2858 p.
1062 2828 1087 2848 c.
1103 2817 1169 2848 tibi.
1515 2819 1518 2822 ’
