1844 3202
301 118 380 156 664
825 117 904 156 DE
942 113 1196 156 LEGIBUS

300 239 436 281 genus
466 224 654 267 sacrificii
683 225 768 266 lare
796 226 1035 267 vervecibus
1065 226 1161 277 fiat3
1193 224 1550 282 quemadmodum
1581 240 1628 267 os
1658 239 1722 265 re-

292 283 460 346 jectmn
492 291 612 323 terrae
648 283 904 337 obtegatur3
943 297 1121 338 quaeque
1153 283 1195 323 in
1226 297 1354 338 porca
1388 292 1602 323 contracta
1627 282 1726 337 jura

300 338 407 389 sint3
438 353 523 394 quo
544 347 732 393 tempore
752 338 923 393 incipiat
943 339 1180 402 sepulcrum
1201 353 1305 388 esse,
1325 349 1367 379 et
1386 339 1588 393 religione
1607 348 1725 379 tene-

239 398 409 436 soatur.
466 396 528 436 At
557 394 661 435 mihi
691 394 861 449 quidem
896 395 1230 450 antiquissimum
1264 395 1488 450 sepulturae
1519 409 1655 450 genus
1685 393 1727 434 id

301 451 431 492 fuisse
452 451 627 501 videtur,
650 466 734 506 quo
765 449 877 505 apud
908 451 1234 513 Xenophontem
1257 451 1321 506 Cy
1328 466 1396 492 rus
1414 451 1559 492 utitur.
1592 449 1730 491 reddi-

302 516 370 549 tur
390 508 501 548 enim
523 516 641 548 terrae
663 521 830 561 corpuS,
849 515 891 546 et
921 506 978 547 ita
1007 506 1192 548 locatum
1215 521 1261 547 ac
1285 507 1410 548 situm
1432 514 1470 539 6⁵
1486 507 1604 563 quasi
1625 520 1727 561 ope-

299 563 480 605 rimento
518 563 662 613 matris
696 562 936 603 obducitur.
977 562 1211 618 eodemque
1243 563 1326 604 ritu
1361 563 1402 603 in
1431 578 1482 604 eo
1515 564 1725 619 sepulcro,

300 620 415 675 quod
442 620 591 675 procul
617 610 670 659 ad
698 619 841 660 Fontis
870 633 974 668 aras,
996 633 1137 674 regem
1162 629 1350 660 nostrum
1373 620 1559 660 Numam
1582 619 1729 660 condi-

301 685 391 717 tum
415 676 678 731 acecpimus:
712 684 968 730 gentemque
992 675 1232 716 Corneliam
1253 690 1385 730 usque
1407 675 1460 716 ad
1480 675 1727 716 memoriam

303 742 490 773 nostram
514 734 590 772 hac
612 732 824 786 sepultura
843 732 997 772 scimus
1018 747 1107 773 esse
1133 746 1266 772 usam.
1328 732 1379 772 C.
1400 732 1528 772 Marii
1544 733 1643 773 sitas
1666 746 1732 773 re-

301 788 451 843 liquias
473 789 585 843 apud
606 788 813 828 Anienem
839 788 1029 843 dissipari
1049 788 1177 844 jussit
1203 788 1320 829 Sulla
1347 789 1492 838 victor,
1513 789 1728 829 acerbiore

303 845 402 886 odio
425 846 633 895 incitatus,
655 859 780 900 quam
811 845 845 886 si
878 855 963 885 tam
994 860 1156 900 sapiens
1177 845 1337 894 fuisset,
1358 860 1484 900 quam
1506 845 1585 886 fuit
1605 845 1730 885 vehe-

239 901 625 957 571nens.Qtiod
658 901 770 941 haud
798 901 885 941 scio
913 916 964 941 an
995 902 1145 941 timens
1173 916 1249 942 suo
1281 916 1445 956 corpori
1478 916 1600 957 posse
1620 901 1731 942 acci-

261 961 292 990 b·
302 957 412 1006 dere,
433 958 557 1012 plinlt
561 973 591 997 1s
611 972 634 997 e
653 957 835 1010 patriciis
858 956 1066 997 Corneliis
1096 958 1184 1012 igni
1210 957 1341 998 voluit
1369 958 1558 998 cremari.
1588 957 1730 998 decla-

301 1024 364 1054 rat
385 1013 538 1054 etenim
561 1013 720 1054 Ennius
741 1013 792 1053 de
813 1013 1032 1063 Africano,
1054 1014 1138 1053 Hic
1158 1021 1215 1053 est
1238 1012 1308 1053 ille
1325 1013 1441 1054 situs.
1485 1015 1609 1054 Vere.
1631 1028 1727 1054 nam

301 1070 370 1110 siti
391 1069 619 1110 dicuntur
610 1070 652 1119 ri,
674 1069 745 1123 qui
766 1068 922 1109 conditi
944 1079 1054 1110 sunt.
1085 1084 1161 1110 nec
1192 1079 1333 1109 tamen
1362 1084 1506 1110 eorum
1537 1079 1633 1110 ante
1665 1085 1731 1111 se-

300 1126 494 1181 pulcrum
525 1135 602 1175 est,
629 1140 754 1181 quam
778 1124 896 1181 justa
926 1126 1050 1175 facta,
1080 1134 1122 1166 et
1151 1140 1303 1181 corpus
1333 1125 1547 1167 incensum
1581 1137 1658 1167 est.
1689 1137 1732 1168 et

301 1183 417 1238 quod
449 1197 557 1223 nunc
588 1182 870 1223 communiter
899 1188 939 1213 66
959 1182 999 1222 in
1031 1182 1229 1223 omnibus
1253 1181 1426 1245 sepultis
1448 1183 1626 1237 penitus,
1648 1183 1730 1224 hu-

301 1239 405 1279 mati
424 1239 643 1280 dicantur:
675 1237 718 1279 id
745 1248 834 1279 erat
859 1239 1075 1294 proprium
1097 1250 1187 1279 tum
1208 1238 1249 1279 in
1272 1253 1336 1287 118,
1359 1253 1464 1293 quos
1487 1239 1670 1280 humus
1662 1255 1728 1280 ln-

293 1295 412 1352 jecta
431 1304 703 1350 contegeret:
735 1309 918 1350 eumque
947 1310 1108 1336 morem
1137 1296 1210 1351 jus
1237 1295 1474 1350 pontificale
1494 1296 1730 1337 confirmat.

300 1353 415 1394 Nam
438 1352 678 1407 priusquam
701 1357 738 1387 67
757 1352 798 1392 in
818 1367 865 1392 os
886 1351 1038 1407 injecta
1057 1351 1184 1406 gleba
1205 1360 1283 1401 est,
1304 1352 1422 1392 locus
1442 1352 1525 1401 ille,
1544 1352 1618 1393 ubi
1639 1367 1730 1393 cre-

301 1418 464 1449 matum
486 1417 548 1449 est
568 1423 735 1464 coerS,
756 1408 859 1449 nihil
880 1408 1007 1448 habet
1028 1408 1254 1464 religionis.
1316 1409 1474 1464 InJecta
1494 1408 1620 1463 gleba
1639 1418 1731 1450 tum

300 1474 342 1506 et
362 1465 447 1506 illic
469 1464 668 1506 humatus
687 1474 765 1514 est,
785 1474 828 1506 et
846 1464 972 1520 gleba
993 1474 1188 1506 vzocatur
1218 1479 1266 1505 ac
1285 1472 1377 1505 tum
1399 1464 1579 1520 denique
1598 1465 1734 1507 multa

299 1521 525 1576 religiosa
508 1537 607 1577 Jura
626 1521 936 1577 complectitur.
969 1521 1143 1576 Itaque
1134 1537 1175 1562 m
1197 1535 1261 1570 eo,
1282 1521 1352 1576 qui
1374 1521 1414 1561 iu
1434 1522 1524 1562 navi
1544 1531 1732 1574 necatus,

299 1577 481 1619 deinde
472 1593 512 1618 1n
535 1593 649 1618 mare
671 1580 884 1634 projectus
905 1589 1028 1628 esset,
1051 1577 1230 1619 decrevit
1253 1579 1295 1618 P.
1318 1578 1506 1628 Mucius,
1528 1578 1731 1620 familiam

298 1648 463 1689 puram,
483 1635 598 1690 quod
630 1649 677 1675 os
704 1649 831 1689 supra
859 1643 1012 1675 terram
1044 1649 1128 1675 non
1155 1643 1361 1675 exstaret:
1393 1649 1564 1689 porcam
1587 1635 1731 1677 heredi

300 1705 391 1732 esse
411 1700 686 1742 contractam,
708 1700 750 1732 et
770 1690 982 1731 habendas
1011 1691 1199 1731 triduum
1227 1691 1365 1741 ferias,
1387 1699 1430 1731 et
1449 1697 1487 1722 68
1505 1706 1635 1746 porco
1657 1692 1732 1733 fae-

299 1748 412 1789 mina
434 1748 613 1803 piaculu
605 1763 648 1788 n
668 1748 770 1803 pati.
799 1748 833 1789 si
853 1748 895 1788 in
914 1747 1018 1788 mari
1039 1756 1230 1788 mortuus
1252 1757 1375 1798 esset,
1397 1747 1559 1799 eadem,
1580 1757 1732 1804 praeter

298 1805 512 1861 piaculum
533 1813 575 1845 et
594 1805 730 1845 ferias.

218 1859 285 1906 23
356 1861 449 1902 Att.
470 1861 622 1911 Video,
643 1876 736 1916 quae
759 1861 841 1901 sint
861 1860 903 1900 in
924 1859 1172 1915 pontificio
1155 1875 1266 1917 Jure.

236 1933 286 1965 58
301 1933 397 1959 nam
428 1918 481 1958 sit
510 1918 552 1958 in
581 1918 765 1972 legibus.
825 1918 892 1958 Μ.
924 1918 1060 1958 Pauca
1088 1931 1201 1968 sane,
1226 1917 1335 1966 Tite,
1364 1926 1420 1967 et,
1442 1917 1506 1958 uti
1536 1918 1732 1967 arbitror,

299 1989 384 2016 non
405 1975 552 2030 ignota
573 1974 704 2015 vobis.
764 1972 847 2014 Sed
875 1988 924 2014 ea
953 1988 1036 2013 non
1065 1982 1150 2014 tam
1181 1974 1233 2015 ad
1258 1973 1505 2037 religionem
1527 1982 1733 2039 spectant,

300 2046 428 2087 quam
450 2030 534 2072 ad
517 2046 590 2086 Jus
598 2030 915 2093 sepulcrorum.
968 2029 1186 2071 Hominem
1206 2038 1426 2080 mortuum,
1447 2030 1583 2085 inquit
1603 2030 1700 2071 lex
1690 2045 1732 2071 1n

300 2101 378 2129 ΧΠ
402 2086 605 2151 tabulis,
592 2102 634 2127 m
661 2086 758 2127 urhe
786 2102 835 2127 ne
861 2086 1045 2141 sepelit0‚
1065 2102 1162 2128 neve
1185 2086 1306 2128 urito
1367 2085 1523 2135 Credo,
1543 2087 1606 2128 vel
1634 2101 1731 2141 pro-

298 2152 392 2200 pter
411 2144 520 2208 ignis
542 2143 789 2198 periculum.
839 2142 969 2199 Quod
989 2153 1130 2184 autem
1151 2143 1282 2193 addit,
1303 2158 1399 2184 neve
1416 2143 1539 2194 urito,
1560 2143 1732 2194 indicat,

300 2215 384 2242 non
414 2200 486 2256 qui
515 2208 674 2251 uratur,
695 2186 877 2255 sepeliri,
896 2199 968 2241 sed
998 2201 1071 2256 qui
1100 2200 1313 2241 humetur.
1371 2200 1466 2241 Att.
1497 2200 1629 2256 Quid,
1658 2200 1731 2257 qui

1325 1859 1410 1901 Sed
1430 1875 1587 1916 quaero,
1610 1861 1733 1917 quid-

298 2330 374 2369 quia
402 2330 531 2360 Laribus
558 2339 701 2360 verveces
731 2329 995 2359 immolabantur.

299 2373 360 2403 Sed
377 2373 487 2403 Cicero
502 2373 578 2403 dicit
593 2383 692 2411 genus
713 2372 870 2408 sacrificii,
889 2372 994 2411 itaque

1037 2329 1160 2366 Cicero,
1176 2330 1252 2368 quia
1266 2327 1440 2358 ἐπιέσασθαι
1455 2336 1501 2360 est
1515 2329 1642 2359 induere.

1081 2378 1121 2403 66
1144 2372 1175 2401 in
1190 2372 1315 2401 omnibus
1333 2371 1449 2410 sepultis
1466 2372 1595 2411 penitus]
1615 2372 1733 2412 penitus

297 2416 421 2446 videtur
435 2417 569 2446 verbum
591 2417 633 2446 rei
650 2425 715 2446 esse
730 2416 854 2451 debere,
869 2425 932 2454 qua
947 2425 996 2444 sa-

298 2469 391 2490 crum
420 2459 527 2489 fieret:
566 2459 650 2489 unde
680 2459 809 2498 quidam
836 2467 996 2488 correxere

288 2502 390 2542 sarre.
428 2502 610 2542 Suspicatus
625 2511 699 2531 sum
715 2501 887 2541 aliquando
903 2500 995 2530 larido

298 2544 347 2575 vel
366 2544 458 2582 lardo,
473 2545 557 2585 quod
572 2545 755 2575 vervecibus
778 2545 859 2574 bene
881 2553 995 2573 conve-

299 2589 358 2623 nit,
377 2598 448 2627 qua?
472 2595 502 2618 et
524 2588 598 2627 ipsae
621 2594 743 2628 propter
768 2587 995 2626 pinguedinem

297 2631 448 2662 adhibitae
463 2632 617 2661 videntur.
628 2641 706 2661 mox
717 2637 747 2660 et
756 2637 852 2668 porcae
864 2630 995 2668 mentio,

297 2680 329 2704 et
344 2674 510 2713 piaculum
526 2675 646 2704 factum
658 2672 882 2714 porcofcmina.

341 2722 380 2747 65
406 2717 488 2758 quasi
510 2717 679 2756 operimento
703 2715 805 2745 matris
827 2714 991 2756 obducitur]

298 2759 436 2799 Respicit
466 2761 525 2790 hac
559 2760 660 2790 forma
697 2759 845 2798 loquendi
884 2758 993 2788 locum

296 2802 445 2842 Xenoph.
464 2804 495 2833 in
511 2803 627 2842 Cyrop.
649 2803 683 2832 L.
699 2802 738 2832 V.
762 2802 843 2831 circa
864 2802 920 2831 fin.
938 2802 993 2831 ubi

297 2853 343 2875 est
353 2858 394 2874 και
399 2847 427 2886 νῇ
441 2847 481 2887 ’γῆ
497 2845 683 2884 ἰπιὲσισθαι,
692 2846 778 2885 quod
790 2846 835 2876 Sic
845 2845 995 2885 expressit

1038 2416 1181 2451 offendit,
1203 2422 1232 2445 et
1255 2415 1426 2446 delendum
1449 2415 1592 2445 videtur:
1617 2416 1734 2446 abfuit·

1038 2468 1099 2498 que
1116 2468 1134 2488 a
1149 2459 1227 2489 Cod.
1242 2457 1422 2488 Harleiano.

1082 2506 1119 2537 67
1145 2501 1175 2530 ἱη
1191 2512 1218 2530 os
1232 2501 1336 2540 injecta
1349 2500 1435 2539 gleba
1451 2498 1507 2540 est]
1531 2501 1590 2531 Pro
1605 2511 1633 2530 os
1649 2500 1733 2531 male

1037 2544 1135 2583 vulgo
1149 2551 1196 2574 est
1211 2554 1261 2573 eos.
1285 2555 1312 2572 os
1324 2543 1392 2581 jam
1409 2544 1493 2574 dedit
1507 2544 1676 2575 Victorius.

1082 2592 1121 2618 68
1143 2587 1224 2627 p.f.
1247 2586 1396 2625 piaculum
1415 2585 1498 2627 pati]
1522 2588 1597 2618 Non
1613 2586 1734 2626 placuit

1038 2630 1111 2660 viris
1133 2631 1231 2660 doctis
1251 2629 1333 2668 pan}
1361 2630 1455 2669 idque
1476 2631 1560 2660 varie
1582 2629 1734 2667 corrigere

1040 2679 1207 2704 tentavere.
1251 2673 1363 2703 Putem
1388 2673 1457 2703 ferri
1481 2682 1580 2713 posse.
1604 2682 1681 2702 nam
1702 2678 1733 2702 et

1038 2715 1200 2744 contrahere
1215 2717 1252 2745 de
1269 2715 1394 2755 piaculo
1417 2717 1543 2752 dicitur,
1560 2722 1595 2746 ut
1610 2716 1648 2745 de
1663 2715 1734 2745 cul-

1037 2768 1077 2798 pa
1091 2766 1121 2788 et
1139 2768 1241 2798 poena.
1264 2760 1427 2798 correctio,
1439 2769 1511 2800 quae
1526 2759 1729 2794 satisfaceret,

1038 2803 1183 2833 nondum
1199 2802 1344 2835 occurrit.
