<?xml version="1.0" encoding="UTF-8"?>
<!DOCTYPE html PUBLIC "-//W3C//DTD XHTML 1.0 Transitional//EN"
    "http://www.w3.org/TR/xhtml1/DTD/xhtml1-transitional.dtd">
<html xmlns="http://www.w3.org/1999/xhtml" xml:lang="en" lang="en">
 <head>
  <title>
</title>
<meta http-equiv="Content-Type" content="text/html;charset=utf-8" />
  <meta name='ocr-system' content='tesseract 3.04.00' />
  <meta name='ocr-capabilities' content='ocr_page ocr_carea ocr_par ocr_line ocrx_word'/>
</head>
<body>
  <div class='ocr_page' id='page_1' title='image "./p2operaomnia04ciceuoft_0305.png"; bbox 0 0 1844 3202; ppageno 0'>
   <div class='ocr_carea' id='block_1_1' title="bbox 625 92 1526 138">
    <p class='ocr_par' dir='ltr' id='par_1_1' title="bbox 625 92 1526 138">
     <span class='ocr_line' id='line_1_1' title="bbox 625 92 1526 138; baseline -0.009 -3"><span class='ocrx_word' id='word_1_1' title='bbox 625 92 1025 134; x_wconf 71' lang='lat' dir='ltr'><strong>FRAGMENTA.</strong></span> <span class='ocrx_word' id='word_1_2' title='bbox 1454 96 1526 138; x_wconf 60' lang='lat' dir='ltr'>ffl1</span> 
     </span>
    </p>
   </div>
   <div class='ocr_carea' id='block_1_2' title="bbox 102 197 1537 1214">
    <p class='ocr_par' dir='ltr' id='par_1_2' title="bbox 105 197 1531 301">
     <span class='ocr_line' id='line_1_2' title="bbox 105 197 1531 259; baseline -0.004 -15"><span class='ocrx_word' id='word_1_3' title='bbox 105 202 275 259; x_wconf 87' lang='lat' dir='ltr'>privatis</span> <span class='ocrx_word' id='word_1_4' title='bbox 294 203 477 255; x_wconf 89' lang='lat' dir='ltr'>familiis,</span> <span class='ocrx_word' id='word_1_5' title='bbox 499 210 541 244; x_wconf 89' lang='lat' dir='ltr'>et</span> <span class='ocrx_word' id='word_1_6' title='bbox 565 201 606 244; x_wconf 92' lang='lat' dir='ltr'>in</span> <span class='ocrx_word' id='word_1_7' title='bbox 631 202 846 258; x_wconf 83' lang='lat' dir='ltr'>republica</span> <span class='ocrx_word' id='word_1_8' title='bbox 866 200 1046 256; x_wconf 80' lang='lat' dir='ltr'>vectigal</span> <span class='ocrx_word' id='word_1_9' title='bbox 1076 198 1187 241; x_wconf 89' lang='lat' dir='ltr'>duco</span> <span class='ocrx_word' id='word_1_10' title='bbox 1215 211 1303 238; x_wconf 87' lang='lat' dir='ltr'>esse</span> <span class='ocrx_word' id='word_1_11' title='bbox 1328 197 1531 254; x_wconf 89' lang='lat' dir='ltr'>parsimo-</span> 
     </span>
     <span class='ocr_line' id='line_1_3' title="bbox 108 272 236 301; baseline 0.016 -2"><span class='ocrx_word' id='word_1_12' title='bbox 108 272 236 301; x_wconf 88' lang='lat' dir='ltr'>mam.</span> 
     </span>
    </p>

    <p class='ocr_par' dir='ltr' id='par_1_3' title="bbox 162 310 1356 368">
     <span class='ocr_line' id='line_1_4' title="bbox 162 310 1356 368; baseline -0.008 -10"><span class='ocrx_word' id='word_1_13' title='bbox 162 317 294 358; x_wconf 83' lang='lat' dir='ltr'>NON.</span> <span class='ocrx_word' id='word_1_14' title='bbox 317 316 507 368; x_wconf 67' lang='lat' dir='ltr'>Pet-uda.)</span> <span class='ocrx_word' id='word_1_15' title='bbox 533 316 558 343; x_wconf 64' lang='lat'>³⁵</span> <span class='ocrx_word' id='word_1_16' title='bbox 572 328 668 355; x_wconf 92' lang='lat' dir='ltr'>cum</span> <span class='ocrx_word' id='word_1_17' title='bbox 689 313 889 355; x_wconf 88' lang='lat' dir='ltr'>adhibent</span> <span class='ocrx_word' id='word_1_18' title='bbox 910 313 951 354; x_wconf 92' lang='lat' dir='ltr'>in</span> <span class='ocrx_word' id='word_1_19' title='bbox 973 310 1134 367; x_wconf 85' lang='lat' dir='ltr'>pecuda</span> <span class='ocrx_word' id='word_1_20' title='bbox 1155 318 1356 365; x_wconf 87' lang='lat' dir='ltr'>pastores.</span> 
     </span>
    </p>

    <p class='ocr_par' dir='ltr' id='par_1_4' title="bbox 102 367 1533 525">
     <span class='ocr_line' id='line_1_5' title="bbox 164 367 1533 428; baseline -0.007 -14"><span class='ocrx_word' id='word_1_21' title='bbox 164 371 296 424; x_wconf 58' lang='lat' dir='ltr'>Non.</span> <span class='ocrx_word' id='word_1_22' title='bbox 317 372 547 426; x_wconf 67' lang='lat' dir='ltr'>Excipere.)</span> <span class='ocrx_word' id='word_1_23' title='bbox 579 370 735 426; x_wconf 60' lang='lat' dir='ltr'>*quod</span> <span class='ocrx_word' id='word_1_24' title='bbox 765 370 995 426; x_wconf 81' lang='lat' dir='ltr'><strong>insepultos</strong></span> <span class='ocrx_word' id='word_1_25' title='bbox 1027 367 1291 423; x_wconf 84' lang='lat' dir='ltr'>reliquissent</span> <span class='ocrx_word' id='word_1_26' title='bbox 1318 379 1404 428; x_wconf 67' lang='lat' dir='ltr'>eos,</span> <span class='ocrx_word' id='word_1_27' title='bbox 1425 379 1533 419; x_wconf 84' lang='lat' dir='ltr'>quos</span> 
     </span>
     <span class='ocr_line' id='line_1_6' title="bbox 104 424 1533 491; baseline -0.006 -23"><span class='ocrx_word' id='word_1_28' title='bbox 104 441 158 491; x_wconf 69' lang='lat' dir='ltr'>ex</span> <span class='ocrx_word' id='word_1_29' title='bbox 187 429 306 480; x_wconf 88' lang='lat' dir='ltr'>mari,</span> <span class='ocrx_word' id='word_1_30' title='bbox 339 437 511 484; x_wconf 87' lang='lat' dir='ltr'>propter</span> <span class='ocrx_word' id='word_1_31' title='bbox 535 428 616 491; x_wconf 61' lang='lat' dir='ltr'>isim</span> <span class='ocrx_word' id='word_1_32' title='bbox 644 427 921 483; x_wconf 84' lang='lat' dir='ltr'><strong>tempestatis,</strong></span> <span class='ocrx_word' id='word_1_33' title='bbox 949 424 1140 480; x_wconf 81' lang='lat' dir='ltr'>excipere</span> <span class='ocrx_word' id='word_1_34' title='bbox 1171 437 1256 463; x_wconf 88' lang='lat' dir='ltr'>non</span> <span class='ocrx_word' id='word_1_35' title='bbox 1285 430 1533 478; x_wconf 77' lang='lat' dir='ltr'>potulssent,</span> 
     </span>
     <span class='ocr_line' id='line_1_7' title="bbox 102 492 617 525; baseline 0 -1"><span class='ocrx_word' id='word_1_36' title='bbox 102 492 348 525; x_wconf 74' lang='lat' dir='ltr'>xnnocentes</span> <span class='ocrx_word' id='word_1_37' title='bbox 370 493 617 525; x_wconf 78' lang='lat' dir='ltr'>necaverlnt.</span> 
     </span>
    </p>

    <p class='ocr_par' dir='ltr' id='par_1_5' title="bbox 106 533 1534 707">
     <span class='ocr_line' id='line_1_8' title="bbox 164 533 1533 596; baseline -0.005 -16"><span class='ocrx_word' id='word_1_38' title='bbox 164 540 295 580; x_wconf 80' lang='lat' dir='ltr'><strong>NON.</strong></span> <span class='ocrx_word' id='word_1_39' title='bbox 318 541 565 595; x_wconf 78' lang='lat' dir='ltr'>Proprium.)</span> <span class='ocrx_word' id='word_1_40' title='bbox 590 541 646 581; x_wconf 92' lang='lat' dir='ltr'>Et</span> <span class='ocrx_word' id='word_1_41' title='bbox 665 547 806 580; x_wconf 87' lang='lat' dir='ltr'>noster</span> <span class='ocrx_word' id='word_1_42' title='bbox 830 538 947 580; x_wconf 86' lang='lat' dir='ltr'>Plato</span> <span class='ocrx_word' id='word_1_43' title='bbox 967 536 1101 592; x_wconf 85' lang='lat' dir='ltr'>magis</span> <span class='ocrx_word' id='word_1_44' title='bbox 1125 536 1266 586; x_wconf 86' lang='lat' dir='ltr'>etiam,</span> <span class='ocrx_word' id='word_1_45' title='bbox 1286 547 1412 590; x_wconf 89' lang='lat' dir='ltr'>quarn</span> <span class='ocrx_word' id='word_1_46' title='bbox 1444 533 1533 596; x_wconf 52' lang='lat'>133(-</span> 
     </span>
     <span class='ocr_line' id='line_1_9' title="bbox 106 591 1534 652; baseline -0.006 -16"><span class='ocrx_word' id='word_1_47' title='bbox 106 609 277 650; x_wconf 73' lang='lat' dir='ltr'>cmgus,</span> <span class='ocrx_word' id='word_1_48' title='bbox 310 597 452 637; x_wconf 87' lang='lat' dir='ltr'>omnia</span> <span class='ocrx_word' id='word_1_49' title='bbox 484 611 654 652; x_wconf 85' lang='lat' dir='ltr'>prorsus</span> <span class='ocrx_word' id='word_1_50' title='bbox 680 595 804 652; x_wconf 88' lang='lat' dir='ltr'>jubet</span> <span class='ocrx_word' id='word_1_51' title='bbox 839 607 929 636; x_wconf 86' lang='lat' dir='ltr'>esse</span> <span class='ocrx_word' id='word_1_52' title='bbox 964 593 1222 644; x_wconf 89' lang='lat' dir='ltr'>communia,</span> <span class='ocrx_word' id='word_1_53' title='bbox 1253 591 1399 647; x_wconf 88' lang='lat' dir='ltr'>nequis</span> <span class='ocrx_word' id='word_1_54' title='bbox 1435 603 1534 629; x_wconf 73' lang='lat' dir='ltr'>civis</span> 
     </span>
     <span class='ocr_line' id='line_1_10' title="bbox 106 649 1143 707; baseline -0.003 -15"><span class='ocrx_word' id='word_1_55' title='bbox 106 652 333 706; x_wconf 79' lang='lat' dir='ltr'>propriam,</span> <span class='ocrx_word' id='word_1_56' title='bbox 355 662 427 694; x_wconf 90' lang='lat' dir='ltr'>aut</span> <span class='ocrx_word' id='word_1_57' title='bbox 448 668 566 694; x_wconf 91' lang='lat' dir='ltr'>suam</span> <span class='ocrx_word' id='word_1_58' title='bbox 587 667 675 694; x_wconf 91' lang='lat' dir='ltr'>rem</span> <span class='ocrx_word' id='word_1_59' title='bbox 697 652 823 693; x_wconf 89' lang='lat' dir='ltr'>ullam</span> <span class='ocrx_word' id='word_1_60' title='bbox 846 658 972 707; x_wconf 84' lang='lat' dir='ltr'>queat</span> <span class='ocrx_word' id='word_1_61' title='bbox 991 649 1143 690; x_wconf 85' lang='lat' dir='ltr'>dicere.</span> 
     </span>
    </p>

    <p class='ocr_par' dir='ltr' id='par_1_6' title="bbox 107 700 1534 819">
     <span class='ocr_line' id='line_1_11' title="bbox 163 700 1534 764; baseline -0.004 -16"><span class='ocrx_word' id='word_1_62' title='bbox 163 707 209 748; x_wconf 92' lang='lat' dir='ltr'>N</span> <span class='ocrx_word' id='word_1_63' title='bbox 213 722 296 749; x_wconf 80' lang='lat' dir='ltr'>ON.</span> <span class='ocrx_word' id='word_1_64' title='bbox 319 710 367 750; x_wconf 81' lang='lat' dir='ltr'>de</span> <span class='ocrx_word' id='word_1_65' title='bbox 382 709 508 750; x_wconf 82' lang='lat' dir='ltr'>doctr.</span> <span class='ocrx_word' id='word_1_66' title='bbox 531 709 631 762; x_wconf 75' lang='lat' dir='ltr'>ind.)</span> <span class='ocrx_word' id='word_1_67' title='bbox 663 710 816 764; x_wconf 84' lang='lat' dir='ltr'>Neque</span> <span class='ocrx_word' id='word_1_68' title='bbox 834 707 877 748; x_wconf 90' lang='lat' dir='ltr'>in</span> <span class='ocrx_word' id='word_1_69' title='bbox 898 707 976 748; x_wconf 87' lang='lat' dir='ltr'>hac</span> <span class='ocrx_word' id='word_1_70' title='bbox 995 705 1251 747; x_wconf 88' lang='lat' dir='ltr'>dissensione</span> <span class='ocrx_word' id='word_1_71' title='bbox 1272 700 1435 758; x_wconf 87' lang='lat' dir='ltr'>suscepi</span> <span class='ocrx_word' id='word_1_72' title='bbox 1454 714 1534 757; x_wconf 64' lang='lat' dir='ltr'>po-</span> 
     </span>
     <span class='ocr_line' id='line_1_12' title="bbox 107 762 738 819; baseline 0.002 -16"><span class='ocrx_word' id='word_1_73' title='bbox 107 762 196 819; x_wconf 88' lang='lat' dir='ltr'>puli</span> <span class='ocrx_word' id='word_1_74' title='bbox 216 778 401 817; x_wconf 85' lang='lat' dir='ltr'>causam,</span> <span class='ocrx_word' id='word_1_75' title='bbox 423 765 495 807; x_wconf 92' lang='lat' dir='ltr'>sed</span> <span class='ocrx_word' id='word_1_76' title='bbox 516 766 738 806; x_wconf 89' lang='lat' dir='ltr'>bonorum.</span> 
     </span>
    </p>

    <p class='ocr_par' dir='ltr' id='par_1_7' title="bbox 161 814 1446 878">
     <span class='ocr_line' id='line_1_13' title="bbox 161 814 1446 878; baseline -0.005 -16"><span class='ocrx_word' id='word_1_77' title='bbox 161 821 294 862; x_wconf 82' lang='lat' dir='ltr'>NON.</span> <span class='ocrx_word' id='word_1_78' title='bbox 314 823 517 878; x_wconf 75' lang='lat' dir='ltr'>Aztguro.)</span> <span class='ocrx_word' id='word_1_79' title='bbox 545 821 625 863; x_wconf 87' lang='lat' dir='ltr'>Cui</span> <span class='ocrx_word' id='word_1_80' title='bbox 647 821 817 877; x_wconf 88' lang='lat' dir='ltr'>quidem</span> <span class='ocrx_word' id='word_1_81' title='bbox 837 819 999 861; x_wconf 88' lang='lat' dir='ltr'>utinam</span> <span class='ocrx_word' id='word_1_82' title='bbox 1021 831 1115 859; x_wconf 89' lang='lat' dir='ltr'>vere</span> <span class='ocrx_word' id='word_1_83' title='bbox 1137 814 1446 872; x_wconf 85' lang='lat' dir='ltr'>auguraverim.</span> 
     </span>
    </p>

    <p class='ocr_par' dir='ltr' id='par_1_8' title="bbox 107 873 1536 990">
     <span class='ocr_line' id='line_1_14' title="bbox 163 873 1536 930; baseline -0.005 -12"><span class='ocrx_word' id='word_1_84' title='bbox 163 877 241 918; x_wconf 94' lang='lat' dir='ltr'>No</span> <span class='ocrx_word' id='word_1_85' title='bbox 252 892 295 918; x_wconf 78' lang='lat' dir='ltr'>N.</span> <span class='ocrx_word' id='word_1_86' title='bbox 320 878 589 930; x_wconf 79' lang='lat' dir='ltr'>Sanctitudo.)</span> <span class='ocrx_word' id='word_1_87' title='bbox 615 877 824 918; x_wconf 64' lang='lat' dir='ltr'>*eosdem</span> <span class='ocrx_word' id='word_1_88' title='bbox 846 875 1049 918; x_wconf 88' lang='lat' dir='ltr'>terminos</span> <span class='ocrx_word' id='word_1_89' title='bbox 1080 873 1301 915; x_wconf 85' lang='lat' dir='ltr'>hominum</span> <span class='ocrx_word' id='word_1_90' title='bbox 1322 886 1451 921; x_wconf 88' lang='lat' dir='ltr'>curae,</span> <span class='ocrx_word' id='word_1_91' title='bbox 1472 877 1536 911; x_wconf 88' lang='lat' dir='ltr'>at-</span> 
     </span>
     <span class='ocr_line' id='line_1_15' title="bbox 107 931 1292 990; baseline -0.003 -16"><span class='ocrx_word' id='word_1_92' title='bbox 107 946 190 988; x_wconf 86' lang='lat' dir='ltr'>que</span> <span class='ocrx_word' id='word_1_93' title='bbox 208 933 302 975; x_wconf 83' lang='lat' dir='ltr'>vitae</span> <span class='ocrx_word' id='word_1_94' title='bbox 321 949 331 972; x_wconf 70' lang='grc' dir='ltr'>ε</span> <span class='ocrx_word' id='word_1_95' title='bbox 364 935 421 975; x_wconf 89' lang='lat' dir='ltr'>sic</span> <span class='ocrx_word' id='word_1_96' title='bbox 441 934 657 990; x_wconf 87' lang='lat' dir='ltr'>pontificio</span> <span class='ocrx_word' id='word_1_97' title='bbox 673 933 769 990; x_wconf 88' lang='lat' dir='ltr'>jure</span> <span class='ocrx_word' id='word_1_98' title='bbox 789 931 1029 974; x_wconf 85' lang='lat' dir='ltr'>sanctitudo</span> <span class='ocrx_word' id='word_1_99' title='bbox 1049 931 1292 986; x_wconf 88' lang='lat' dir='ltr'>sepulturae.</span> 
     </span>
    </p>

    <p class='ocr_par' dir='ltr' id='par_1_9' title="bbox 106 983 1537 1104">
     <span class='ocr_line' id='line_1_16' title="bbox 167 983 1537 1044; baseline -0.004 -14"><span class='ocrx_word' id='word_1_100' title='bbox 167 989 328 1032; x_wconf 77' lang='lat' dir='ltr'>Pmsc.</span> <span class='ocrx_word' id='word_1_101' title='bbox 353 990 422 1032; x_wconf 80' lang='lat' dir='ltr'>lib.</span> <span class='ocrx_word' id='word_1_102' title='bbox 447 992 522 1044; x_wconf 87' lang='lat'>15.)</span> <span class='ocrx_word' id='word_1_103' title='bbox 547 993 648 1033; x_wconf 92' lang='lat' dir='ltr'>Non</span> <span class='ocrx_word' id='word_1_104' title='bbox 667 991 778 1031; x_wconf 86' lang='lat' dir='ltr'>enim</span> <span class='ocrx_word' id='word_1_105' title='bbox 808 989 930 1031; x_wconf 89' lang='lat' dir='ltr'>facile</span> <span class='ocrx_word' id='word_1_106' title='bbox 951 988 1102 1030; x_wconf 88' lang='lat' dir='ltr'>valenti</span> <span class='ocrx_word' id='word_1_107' title='bbox 1129 985 1290 1043; x_wconf 90' lang='lat' dir='ltr'>populo</span> <span class='ocrx_word' id='word_1_108' title='bbox 1318 983 1537 1035; x_wconf 75' lang='lat' dir='ltr'>resistitur,</span> 
     </span>
     <span class='ocr_line' id='line_1_17' title="bbox 106 1044 1005 1104; baseline -0.001 -18"><span class='ocrx_word' id='word_1_109' title='bbox 106 1044 144 1087; x_wconf 79' lang='lat' dir='ltr'>si</span> <span class='ocrx_word' id='word_1_110' title='bbox 160 1053 234 1086; x_wconf 89' lang='lat' dir='ltr'>aut</span> <span class='ocrx_word' id='word_1_111' title='bbox 253 1046 357 1088; x_wconf 87' lang='lat' dir='ltr'>nihil</span> <span class='ocrx_word' id='word_1_112' title='bbox 377 1047 591 1104; x_wconf 86' lang='lat' dir='ltr'>impertias</span> <span class='ocrx_word' id='word_1_113' title='bbox 605 1047 727 1103; x_wconf 86' lang='lat' dir='ltr'>juriS‚</span> <span class='ocrx_word' id='word_1_114' title='bbox 749 1054 822 1088; x_wconf 88' lang='lat' dir='ltr'>aut</span> <span class='ocrx_word' id='word_1_115' title='bbox 843 1059 1005 1102; x_wconf 89' lang='lat' dir='ltr'>parum.</span> 
     </span>
    </p>

    <p class='ocr_par' dir='ltr' id='par_1_10' title="bbox 167 1102 783 1157">
     <span class='ocr_line' id='line_1_18' title="bbox 167 1102 783 1157; baseline 0.002 -15"><span class='ocrx_word' id='word_1_116' title='bbox 167 1102 328 1144; x_wconf 76' lang='lat' dir='ltr'>Pmsc.</span> <span class='ocrx_word' id='word_1_117' title='bbox 355 1105 508 1157; x_wconf 82' lang='lat' dir='ltr'>Carm.)</span> <span class='ocrx_word' id='word_1_118' title='bbox 532 1103 783 1145; x_wconf 87' lang='lat' dir='ltr'>Brachialia.</span> 
     </span>
    </p>

    <p class='ocr_par' dir='ltr' id='par_1_11' title="bbox 165 1158 798 1214">
     <span class='ocr_line' id='line_1_19' title="bbox 165 1158 798 1214; baseline 0.002 -15"><span class='ocrx_word' id='word_1_119' title='bbox 165 1158 345 1214; x_wconf 75' lang='lat' dir='ltr'>Pmsc.)</span> <span class='ocrx_word' id='word_1_120' title='bbox 370 1160 625 1202; x_wconf 87' lang='lat' dir='ltr'>Armentum</span> <span class='ocrx_word' id='word_1_121' title='bbox 646 1160 798 1201; x_wconf 84' lang='lat' dir='ltr'>habeo.</span> 
     </span>
    </p>
   </div>
   <div class='ocr_carea' id='block_1_3' title="bbox 520 1262 1121 1355">
    <p class='ocr_par' dir='ltr' id='par_1_12' title="bbox 520 1262 1121 1355">
     <span class='ocr_line' id='line_1_20' title="bbox 797 1262 850 1287; baseline 0 0"><span class='ocrx_word' id='word_1_122' title='bbox 797 1262 850 1287; x_wconf 78' lang='lat' dir='ltr'>Ex</span> 
     </span>
     <span class='ocr_line' id='line_1_21' title="bbox 520 1310 1121 1355; baseline -0.003 -1"><span class='ocrx_word' id='word_1_123' title='bbox 520 1312 587 1355; x_wconf 90' lang='lat' dir='ltr'>M.</span> <span class='ocrx_word' id='word_1_124' title='bbox 616 1313 802 1354; x_wconf 86' lang='lat' dir='ltr'>TULLII</span> <span class='ocrx_word' id='word_1_125' title='bbox 837 1310 1121 1353; x_wconf 82' lang='lat' dir='ltr'>CICERONIS</span> 
     </span>
    </p>
   </div>
   <div class='ocr_carea' id='block_1_4' title="bbox 455 1383 1189 1496">
    <p class='ocr_par' dir='ltr' id='par_1_13' title="bbox 455 1383 1189 1496">
     <span class='ocr_line' id='line_1_22' title="bbox 455 1383 1189 1427; baseline -0.001 0"><span class='ocrx_word' id='word_1_126' title='bbox 455 1385 568 1427; x_wconf 91' lang='lat' dir='ltr'>DE</span> <span class='ocrx_word' id='word_1_127' title='bbox 625 1383 1189 1426; x_wconf 87' lang='lat' dir='ltr'>REPUBLICA</span> 
     </span>
     <span class='ocr_line' id='line_1_23' title="bbox 731 1454 925 1496; baseline 0.01 -2"><span class='ocrx_word' id='word_1_128' title='bbox 731 1454 925 1496; x_wconf 86' lang='lat' dir='ltr'>L113.V.</span> 
     </span>
    </p>
   </div>
   <div class='ocr_carea' id='block_1_5' title="bbox 112 1523 1541 1710">
    <p class='ocr_par' dir='ltr' id='par_1_14' title="bbox 112 1523 1541 1710">
     <span class='ocr_line' id='line_1_24' title="bbox 154 1523 1541 1582; baseline -0.005 -11"><span class='ocrx_word' id='word_1_129' title='bbox 154 1528 223 1579; x_wconf 67' lang='lat' dir='ltr'>,D-</span> <span class='ocrx_word' id='word_1_130' title='bbox 246 1527 375 1570; x_wconf 80' lang='lat' dir='ltr'>AUG.</span> <span class='ocrx_word' id='word_1_131' title='bbox 398 1527 467 1570; x_wconf 78' lang='lat' dir='ltr'>lib.</span> <span class='ocrx_word' id='word_1_132' title='bbox 490 1537 527 1569; x_wconf 82' lang='lat'>2.</span> <span class='ocrx_word' id='word_1_133' title='bbox 557 1544 590 1569; x_wconf 84' lang='lat' dir='ltr'>c.</span> <span class='ocrx_word' id='word_1_134' title='bbox 610 1539 674 1570; x_wconf 83' lang='lat'>21.</span> <span class='ocrx_word' id='word_1_135' title='bbox 700 1528 822 1570; x_wconf 76' lang='lat' dir='ltr'>Civit.</span> <span class='ocrx_word' id='word_1_136' title='bbox 850 1538 894 1570; x_wconf 90' lang='lat' dir='ltr'>et</span> <span class='ocrx_word' id='word_1_137' title='bbox 919 1529 1053 1570; x_wconf 78' lang='lat' dir='ltr'>NON.</span> <span class='ocrx_word' id='word_1_138' title='bbox 1081 1525 1281 1582; x_wconf 80' lang='lat' dir='ltr'>quendam</span> <span class='ocrx_word' id='word_1_139' title='bbox 1304 1524 1447 1575; x_wconf 83' lang='lat' dir='ltr'>locum,</span> <span class='ocrx_word' id='word_1_140' title='bbox 1469 1523 1541 1580; x_wconf 64' lang='lat' dir='ltr'>qui</span> 
     </span>
     <span class='ocr_line' id='line_1_25' title="bbox 112 1583 1042 1642; baseline -0.003 -14"><span class='ocrx_word' id='word_1_141' title='bbox 112 1593 174 1628; x_wconf 82' lang='lat' dir='ltr'>est</span> <span class='ocrx_word' id='word_1_142' title='bbox 191 1585 234 1626; x_wconf 80' lang='lat' dir='ltr'>&#39;in</span> <span class='ocrx_word' id='word_1_143' title='bbox 255 1583 455 1641; x_wconf 75' lang='lat' dir='ltr'>lzocfrog.</span> <span class='ocrx_word' id='word_1_144' title='bbox 471 1585 631 1642; x_wconf 74' lang='lat' dir='ltr'>prqfert</span> <span class='ocrx_word' id='word_1_145' title='bbox 650 1585 692 1626; x_wconf 76' lang='lat' dir='ltr'>in</span> <span class='ocrx_word' id='word_1_146' title='bbox 711 1586 893 1638; x_wconf 78' lang='lat' dir='ltr'>vanum.)</span> <span class='ocrx_word' id='word_1_147' title='bbox 918 1586 1042 1626; x_wconf 73' lang='lat' dir='ltr'>ENN.</span> 
     </span>
     <span class='ocr_line' id='line_1_26' title="bbox 213 1659 1063 1710; baseline 0.001 -14"><span class='ocrx_word' id='word_1_148' title='bbox 213 1659 371 1697; x_wconf 60' lang='lat' dir='ltr'>Illuribus</span> <span class='ocrx_word' id='word_1_149' title='bbox 393 1661 539 1710; x_wconf 82' lang='lat' dir='ltr'>antiquis</span> <span class='ocrx_word' id='word_1_150' title='bbox 558 1675 607 1697; x_wconf 76' lang='lat' dir='ltr'>res</span> <span class='ocrx_word' id='word_1_151' title='bbox 628 1667 698 1697; x_wconf 84' lang='lat' dir='ltr'>stat</span> <span class='ocrx_word' id='word_1_152' title='bbox 718 1661 883 1703; x_wconf 84' lang='lat' dir='ltr'>Romana,</span> <span class='ocrx_word' id='word_1_153' title='bbox 901 1660 1063 1710; x_wconf 83' lang='lat' dir='ltr'>virisque.</span> 
     </span>
    </p>
   </div>
   <div class='ocr_carea' id='block_1_6' title="bbox 101 1729 1563 2912">
    <p class='ocr_par' dir='ltr' id='par_1_15' title="bbox 101 1729 1563 2912">
     <span class='ocr_line' id='line_1_27' title="bbox 112 1729 1541 1790; baseline -0.004 -16"><span class='ocrx_word' id='word_1_154' title='bbox 112 1735 254 1790; x_wconf 70' lang='lat' dir='ltr'>Quem</span> <span class='ocrx_word' id='word_1_155' title='bbox 286 1731 459 1788; x_wconf 90' lang='lat' dir='ltr'>quidem</span> <span class='ocrx_word' id='word_1_156' title='bbox 492 1732 561 1773; x_wconf 87' lang='lat' dir='ltr'>ille</span> <span class='ocrx_word' id='word_1_157' title='bbox 579 1746 760 1783; x_wconf 83' lang='lat' dir='ltr'>versum,</span> <span class='ocrx_word' id='word_1_158' title='bbox 787 1732 850 1773; x_wconf 89' lang='lat' dir='ltr'>vel</span> <span class='ocrx_word' id='word_1_159' title='bbox 880 1730 1095 1782; x_wconf 85' lang='lat' dir='ltr'>brevitate,</span> <span class='ocrx_word' id='word_1_160' title='bbox 1126 1730 1188 1771; x_wconf 87' lang='lat' dir='ltr'>vel</span> <span class='ocrx_word' id='word_1_161' title='bbox 1218 1729 1402 1778; x_wconf 82' lang='lat' dir='ltr'>veritate,</span> <span class='ocrx_word' id='word_1_162' title='bbox 1431 1736 1541 1769; x_wconf 87' lang='lat' dir='ltr'>tam-</span> 
     </span>
     <span class='ocr_line' id='line_1_28' title="bbox 111 1787 1541 1845; baseline -0.004 -15"><span class='ocrx_word' id='word_1_163' title='bbox 111 1804 240 1845; x_wconf 87' lang='lat' dir='ltr'>quam</span> <span class='ocrx_word' id='word_1_164' title='bbox 261 1803 311 1829; x_wconf 84' lang='lat' dir='ltr'>ex</span> <span class='ocrx_word' id='word_1_165' title='bbox 332 1789 503 1830; x_wconf 88' lang='lat' dir='ltr'>oraculo</span> <span class='ocrx_word' id='word_1_166' title='bbox 524 1788 628 1829; x_wconf 82' lang='lat' dir='ltr'>mihi</span> <span class='ocrx_word' id='word_1_167' title='bbox 648 1789 832 1844; x_wconf 89' lang='lat' dir='ltr'>quodam</span> <span class='ocrx_word' id='word_1_168' title='bbox 855 1802 945 1829; x_wconf 88' lang='lat' dir='ltr'>esse</span> <span class='ocrx_word' id='word_1_169' title='bbox 967 1789 1117 1828; x_wconf 83' lang='lat' dir='ltr'>effatus</span> <span class='ocrx_word' id='word_1_170' title='bbox 1139 1787 1313 1827; x_wconf 77' lang='lat' dir='ltr'>videtur.</span> <span class='ocrx_word' id='word_1_171' title='bbox 1347 1800 1442 1825; x_wconf 84' lang='lat' dir='ltr'>nam</span> <span class='ocrx_word' id='word_1_172' title='bbox 1469 1799 1541 1825; x_wconf 85' lang='lat' dir='ltr'>ne-</span> 
     </span>
     <span class='ocr_line' id='line_1_29' title="bbox 111 1842 1546 1901; baseline -0.002 -15"><span class='ocrx_word' id='word_1_173' title='bbox 111 1861 195 1901; x_wconf 90' lang='lat' dir='ltr'>que</span> <span class='ocrx_word' id='word_1_174' title='bbox 230 1845 317 1895; x_wconf 90' lang='lat' dir='ltr'>viri,</span> <span class='ocrx_word' id='word_1_175' title='bbox 351 1846 429 1886; x_wconf 91' lang='lat' dir='ltr'>nisi</span> <span class='ocrx_word' id='word_1_176' title='bbox 467 1846 525 1886; x_wconf 87' lang='lat' dir='ltr'>ita</span> <span class='ocrx_word' id='word_1_177' title='bbox 553 1854 717 1886; x_wconf 88' lang='lat' dir='ltr'>morata</span> <span class='ocrx_word' id='word_1_178' title='bbox 749 1845 892 1886; x_wconf 84' lang='lat' dir='ltr'>civitas</span> <span class='ocrx_word' id='word_1_179' title='bbox 924 1845 1087 1894; x_wconf 81' lang='lat' dir='ltr'>fuisset,</span> <span class='ocrx_word' id='word_1_180' title='bbox 1116 1857 1250 1898; x_wconf 89' lang='lat' dir='ltr'>neque</span> <span class='ocrx_word' id='word_1_181' title='bbox 1275 1857 1428 1891; x_wconf 84' lang='lat' dir='ltr'>mores,</span> <span class='ocrx_word' id='word_1_182' title='bbox 1465 1842 1546 1884; x_wconf 85' lang='lat' dir='ltr'>nisi</span> 
     </span>
     <span class='ocr_line' id='line_1_30' title="bbox 110 1899 1542 1956; baseline -0.003 -14"><span class='ocrx_word' id='word_1_183' title='bbox 110 1901 157 1943; x_wconf 90' lang='lat' dir='ltr'>hi</span> <span class='ocrx_word' id='word_1_184' title='bbox 181 1901 254 1942; x_wconf 90' lang='lat' dir='ltr'>viri</span> <span class='ocrx_word' id='word_1_185' title='bbox 284 1901 561 1956; x_wconf 65' lang='lat' dir='ltr'>praefuissent,</span> <span class='ocrx_word' id='word_1_186' title='bbox 591 1911 665 1942; x_wconf 90' lang='lat' dir='ltr'>aut</span> <span class='ocrx_word' id='word_1_187' title='bbox 694 1902 883 1951; x_wconf 86' lang='lat' dir='ltr'>fundare,</span> <span class='ocrx_word' id='word_1_188' title='bbox 910 1911 985 1942; x_wconf 87' lang='lat' dir='ltr'>aut</span> <span class='ocrx_word' id='word_1_189' title='bbox 1013 1900 1175 1941; x_wconf 88' lang='lat' dir='ltr'>tamdiu</span> <span class='ocrx_word' id='word_1_190' title='bbox 1205 1908 1344 1940; x_wconf 85' lang='lat' dir='ltr'>tenere</span> <span class='ocrx_word' id='word_1_191' title='bbox 1378 1899 1542 1953; x_wconf 87' lang='lat' dir='ltr'>potuis-</span> 
     </span>
     <span class='ocr_line' id='line_1_31' title="bbox 110 1955 1543 2013; baseline -0.002 -14"><span class='ocrx_word' id='word_1_192' title='bbox 110 1966 206 2000; x_wconf 87' lang='lat' dir='ltr'>sent</span> <span class='ocrx_word' id='word_1_193' title='bbox 234 1966 409 2008; x_wconf 83' lang='lat' dir='ltr'>tantam,</span> <span class='ocrx_word' id='word_1_194' title='bbox 440 1966 483 1999; x_wconf 91' lang='lat' dir='ltr'>et</span> <span class='ocrx_word' id='word_1_195' title='bbox 504 1967 601 1999; x_wconf 65' lang='lat' dir='ltr'>,tam</span> <span class='ocrx_word' id='word_1_196' title='bbox 628 1957 774 2013; x_wconf 83' lang='lat' dir='ltr'>longe,</span> <span class='ocrx_word' id='word_1_197' title='bbox 803 1958 971 2013; x_wconf 85' lang='lat' dir='ltr'>lateque</span> <span class='ocrx_word' id='word_1_198' title='bbox 1004 1957 1278 2012; x_wconf 85' lang='lat' dir='ltr'>imperantem</span> <span class='ocrx_word' id='word_1_199' title='bbox 1310 1955 1543 2010; x_wconf 88' lang='lat' dir='ltr'>rempubli-</span> 
     </span>
     <span class='ocr_line' id='line_1_32' title="bbox 108 2011 1546 2070; baseline -0.003 -15"><span class='ocrx_word' id='word_1_200' title='bbox 108 2029 223 2059; x_wconf 84' lang='lat' dir='ltr'>cam.</span> <span class='ocrx_word' id='word_1_201' title='bbox 283 2015 432 2070; x_wconf 84' lang='lat' dir='ltr'>Itaque</span> <span class='ocrx_word' id='word_1_202' title='bbox 465 2023 559 2055; x_wconf 88' lang='lat' dir='ltr'>ante</span> <span class='ocrx_word' id='word_1_203' title='bbox 589 2023 776 2055; x_wconf 88' lang='lat' dir='ltr'>nostram</span> <span class='ocrx_word' id='word_1_204' title='bbox 805 2013 1053 2055; x_wconf 88' lang='lat' dir='ltr'>memoriam</span> <span class='ocrx_word' id='word_1_205' title='bbox 1082 2022 1125 2054; x_wconf 90' lang='lat' dir='ltr'>et</span> <span class='ocrx_word' id='word_1_206' title='bbox 1149 2027 1241 2054; x_wconf 91' lang='lat' dir='ltr'>mos</span> <span class='ocrx_word' id='word_1_207' title='bbox 1266 2011 1354 2067; x_wconf 87' lang='lat' dir='ltr'>ipse</span> <span class='ocrx_word' id='word_1_208' title='bbox 1385 2011 1546 2066; x_wconf 81' lang='lat' dir='ltr'>patrius</span> 
     </span>
     <span class='ocr_line' id='line_1_33' title="bbox 113 2068 1563 2126; baseline -0.003 -15"><span class='ocrx_word' id='word_1_209' title='bbox 113 2078 360 2126; x_wconf 78' lang='lat' dir='ltr'>praestantes</span> <span class='ocrx_word' id='word_1_210' title='bbox 382 2070 489 2111; x_wconf 87' lang='lat' dir='ltr'>viros</span> <span class='ocrx_word' id='word_1_211' title='bbox 520 2068 762 2121; x_wconf 84' lang='lat' dir='ltr'>adhibebat,</span> <span class='ocrx_word' id='word_1_212' title='bbox 780 2080 825 2112; x_wconf 91' lang='lat' dir='ltr'>et</span> <span class='ocrx_word' id='word_1_213' title='bbox 843 2079 1028 2111; x_wconf 85' lang='lat' dir='ltr'>veterum</span> <span class='ocrx_word' id='word_1_214' title='bbox 1059 2084 1237 2118; x_wconf 85' lang='lat' dir='ltr'>morem,</span> <span class='ocrx_word' id='word_1_215' title='bbox 1256 2082 1304 2108; x_wconf 88' lang='lat' dir='ltr'>ac</span> <span class='ocrx_word' id='word_1_216' title='bbox 1332 2069 1563 2123; x_wconf 47' lang='lat' dir='ltr'>majorum‘</span> 
     </span>
     <span class='ocr_line' id='line_1_34' title="bbox 109 2126 1544 2169; baseline -0.003 -1"><span class='ocrx_word' id='word_1_217' title='bbox 109 2127 304 2169; x_wconf 86' lang='lat' dir='ltr'>instituta</span> <span class='ocrx_word' id='word_1_218' title='bbox 338 2127 575 2168; x_wconf 86' lang='lat' dir='ltr'>retinebant</span> <span class='ocrx_word' id='word_1_219' title='bbox 608 2127 857 2168; x_wconf 80' lang='lat' dir='ltr'>excellentes</span> <span class='ocrx_word' id='word_1_220' title='bbox 886 2126 974 2168; x_wconf 84' lang='lat' dir='ltr'>viri.</span> <span class='ocrx_word' id='word_1_221' title='bbox 1009 2135 1152 2167; x_wconf 88' lang='lat' dir='ltr'>nostra</span> <span class='ocrx_word' id='word_1_222' title='bbox 1181 2139 1278 2166; x_wconf 89' lang='lat' dir='ltr'>vero</span> <span class='ocrx_word' id='word_1_223' title='bbox 1311 2133 1410 2165; x_wconf 80' lang='lat' dir='ltr'>aetas</span> <span class='ocrx_word' id='word_1_224' title='bbox 1444 2138 1544 2165; x_wconf 91' lang='lat' dir='ltr'>cum</span> 
     </span>
     <span class='ocr_line' id='line_1_35' title="bbox 111 2179 1543 2239; baseline -0.003 -14"><span class='ocrx_word' id='word_1_225' title='bbox 111 2183 417 2239; x_wconf 87' lang='lat' dir='ltr'>rempublicam</span> <span class='ocrx_word' id='word_1_226' title='bbox 452 2183 562 2225; x_wconf 89' lang='lat' dir='ltr'>sicut</span> <span class='ocrx_word' id='word_1_227' title='bbox 591 2183 802 2239; x_wconf 84' lang='lat' dir='ltr'>picturam</span> <span class='ocrx_word' id='word_1_228' title='bbox 832 2183 1060 2239; x_wconf 87' lang='lat' dir='ltr'>accepisset</span> <span class='ocrx_word' id='word_1_229' title='bbox 1087 2181 1319 2238; x_wconf 79' lang='lat' dir='ltr'>egregiam,</span> <span class='ocrx_word' id='word_1_230' title='bbox 1354 2179 1428 2221; x_wconf 87' lang='lat' dir='ltr'>sed</span> <span class='ocrx_word' id='word_1_231' title='bbox 1451 2180 1543 2236; x_wconf 83' lang='lat' dir='ltr'>jam</span> 
     </span>
     <span class='ocr_line' id='line_1_36' title="bbox 112 2236 1544 2290; baseline -0.003 -10"><span class='ocrx_word' id='word_1_232' title='bbox 112 2249 427 2280; x_wconf 87' lang='lat' dir='ltr'>evanescentem</span> <span class='ocrx_word' id='word_1_233' title='bbox 460 2250 680 2290; x_wconf 87' lang='lat' dir='ltr'>vetustate,</span> <span class='ocrx_word' id='word_1_234' title='bbox 713 2255 797 2280; x_wconf 90' lang='lat' dir='ltr'>non</span> <span class='ocrx_word' id='word_1_235' title='bbox 833 2239 962 2280; x_wconf 87' lang='lat' dir='ltr'>modo</span> <span class='ocrx_word' id='word_1_236' title='bbox 999 2253 1092 2280; x_wconf 90' lang='lat' dir='ltr'>eam</span> <span class='ocrx_word' id='word_1_237' title='bbox 1128 2237 1341 2279; x_wconf 90' lang='lat' dir='ltr'>coloribus</span> <span class='ocrx_word' id='word_1_238' title='bbox 1379 2236 1544 2287; x_wconf 89' lang='lat' dir='ltr'>iisdem,</span> 
     </span>
     <span class='ocr_line' id='line_1_37' title="bbox 118 2293 1546 2352; baseline -0.002 -16"><span class='ocrx_word' id='word_1_239' title='bbox 118 2295 272 2351; x_wconf 90' lang='lat' dir='ltr'>quibus</span> <span class='ocrx_word' id='word_1_240' title='bbox 301 2296 450 2346; x_wconf 83' lang='lat' dir='ltr'>fuerat,</span> <span class='ocrx_word' id='word_1_241' title='bbox 479 2310 675 2337; x_wconf 86' lang='lat' dir='ltr'>renovare</span> <span class='ocrx_word' id='word_1_242' title='bbox 701 2295 901 2352; x_wconf 83' lang='lat' dir='ltr'>neglexit,</span> <span class='ocrx_word' id='word_1_243' title='bbox 926 2294 999 2336; x_wconf 90' lang='lat' dir='ltr'>sed</span> <span class='ocrx_word' id='word_1_244' title='bbox 1028 2309 1079 2335; x_wconf 88' lang='lat' dir='ltr'>ne</span> <span class='ocrx_word' id='word_1_245' title='bbox 1105 2295 1148 2336; x_wconf 91' lang='lat' dir='ltr'>id</span> <span class='ocrx_word' id='word_1_246' title='bbox 1177 2293 1347 2350; x_wconf 85' lang='lat' dir='ltr'>quidem</span> <span class='ocrx_word' id='word_1_247' title='bbox 1373 2293 1546 2344; x_wconf 73' lang='lat' dir='ltr'>curavit,</span> 
     </span>
     <span class='ocr_line' id='line_1_38' title="bbox 114 2350 1547 2410; baseline -0.002 -17"><span class='ocrx_word' id='word_1_248' title='bbox 114 2361 169 2403; x_wconf 36' lang='lat' dir='ltr'>ut,</span> <span class='ocrx_word' id='word_1_249' title='bbox 195 2351 374 2393; x_wconf 87' lang='lat' dir='ltr'>formam</span> <span class='ocrx_word' id='word_1_250' title='bbox 415 2353 561 2393; x_wconf 91' lang='lat' dir='ltr'>saltem</span> <span class='ocrx_word' id='word_1_251' title='bbox 601 2351 706 2410; x_wconf 86' lang='lat' dir='ltr'>ejus,</span> <span class='ocrx_word' id='word_1_252' title='bbox 735 2362 778 2393; x_wconf 90' lang='lat' dir='ltr'>et</span> <span class='ocrx_word' id='word_1_253' title='bbox 814 2361 1001 2394; x_wconf 81' lang='lat' dir='ltr'>extrema</span> <span class='ocrx_word' id='word_1_254' title='bbox 1037 2361 1254 2407; x_wconf 87' lang='lat' dir='ltr'>tamquam</span> <span class='ocrx_word' id='word_1_255' title='bbox 1293 2350 1547 2391; x_wconf 85' lang='lat' dir='ltr'>lineamenta</span> 
     </span>
     <span class='ocr_line' id='line_1_39' title="bbox 113 2406 1547 2464; baseline -0.001 -16"><span class='ocrx_word' id='word_1_256' title='bbox 113 2416 305 2449; x_wconf 88' lang='lat' dir='ltr'>servaret.</span> <span class='ocrx_word' id='word_1_257' title='bbox 326 2409 428 2464; x_wconf 88' lang='lat' dir='ltr'>quid</span> <span class='ocrx_word' id='word_1_258' title='bbox 457 2409 571 2450; x_wconf 84' lang='lat' dir='ltr'>enim</span> <span class='ocrx_word' id='word_1_259' title='bbox 599 2416 742 2450; x_wconf 87' lang='lat' dir='ltr'>manet</span> <span class='ocrx_word' id='word_1_260' title='bbox 770 2423 820 2450; x_wconf 83' lang='lat' dir='ltr'>ex</span> <span class='ocrx_word' id='word_1_261' title='bbox 850 2407 1032 2464; x_wconf 83' lang='lat' dir='ltr'>antiquis</span> <span class='ocrx_word' id='word_1_262' title='bbox 1064 2407 1270 2457; x_wconf 88' lang='lat' dir='ltr'>moribus,</span> <span class='ocrx_word' id='word_1_263' title='bbox 1291 2406 1444 2462; x_wconf 91' lang='lat' dir='ltr'>quibus</span> <span class='ocrx_word' id='word_1_264' title='bbox 1475 2406 1547 2446; x_wconf 88' lang='lat' dir='ltr'>ille</span> 
     </span>
     <span class='ocr_line' id='line_1_40' title="bbox 113 2463 1546 2520; baseline -0.001 -16"><span class='ocrx_word' id='word_1_265' title='bbox 113 2463 220 2505; x_wconf 80' lang='lat' dir='ltr'>dixit</span> <span class='ocrx_word' id='word_1_266' title='bbox 245 2477 334 2505; x_wconf 87' lang='lat' dir='ltr'>rem</span> <span class='ocrx_word' id='word_1_267' title='bbox 361 2475 469 2506; x_wconf 88' lang='lat' dir='ltr'>stare</span> <span class='ocrx_word' id='word_1_268' title='bbox 506 2466 765 2507; x_wconf 87' lang='lat' dir='ltr'>Romanam:</span> <span class='ocrx_word' id='word_1_269' title='bbox 798 2479 904 2520; x_wconf 90' lang='lat' dir='ltr'>quos</span> <span class='ocrx_word' id='word_1_270' title='bbox 931 2465 988 2506; x_wconf 86' lang='lat' dir='ltr'>ita</span> <span class='ocrx_word' id='word_1_271' title='bbox 1018 2464 1227 2506; x_wconf 84' lang='lat' dir='ltr'>oblivione</span> <span class='ocrx_word' id='word_1_272' title='bbox 1251 2463 1467 2504; x_wconf 90' lang='lat' dir='ltr'>obsoletos</span> <span class='ocrx_word' id='word_1_273' title='bbox 1487 2463 1546 2503; x_wconf 81' lang='lat' dir='ltr'>vi-</span> 
     </span>
     <span class='ocr_line' id='line_1_41' title="bbox 115 2517 1546 2574; baseline -0.002 -13"><span class='ocrx_word' id='word_1_274' title='bbox 115 2520 281 2570; x_wconf 90' lang='lat' dir='ltr'>demus,</span> <span class='ocrx_word' id='word_1_275' title='bbox 308 2528 358 2561; x_wconf 86' lang='lat' dir='ltr'>ut</span> <span class='ocrx_word' id='word_1_276' title='bbox 389 2536 474 2562; x_wconf 87' lang='lat' dir='ltr'>non</span> <span class='ocrx_word' id='word_1_277' title='bbox 506 2521 635 2562; x_wconf 90' lang='lat' dir='ltr'>modo</span> <span class='ocrx_word' id='word_1_278' title='bbox 670 2517 754 2562; x_wconf 82' lang='lat' dir='ltr'>non</span> <span class='ocrx_word' id='word_1_279' title='bbox 781 2520 986 2571; x_wconf 82' lang='lat' dir='ltr'>colantur,</span> <span class='ocrx_word' id='word_1_280' title='bbox 1019 2519 1092 2561; x_wconf 84' lang='lat' dir='ltr'>sed</span> <span class='ocrx_word' id='word_1_281' title='bbox 1125 2519 1253 2560; x_wconf 89' lang='lat' dir='ltr'>etiam</span> <span class='ocrx_word' id='word_1_282' title='bbox 1285 2518 1546 2574; x_wconf 82' lang='lat' dir='ltr'>ignorentur.</span> 
     </span>
     <span class='ocr_line' id='line_1_42' title="bbox 113 2574 1549 2633; baseline -0.003 -15"><span class='ocrx_word' id='word_1_283' title='bbox 113 2577 231 2618; x_wconf 90' lang='lat' dir='ltr'>Nam</span> <span class='ocrx_word' id='word_1_284' title='bbox 261 2576 316 2617; x_wconf 90' lang='lat' dir='ltr'>de</span> <span class='ocrx_word' id='word_1_285' title='bbox 341 2576 434 2623; x_wconf 81' lang='lat' dir='ltr'>viris</span> <span class='ocrx_word' id='word_1_286' title='bbox 463 2577 566 2633; x_wconf 84' lang='lat' dir='ltr'>quid</span> <span class='ocrx_word' id='word_1_287' title='bbox 594 2577 766 2618; x_wconf 88' lang='lat' dir='ltr'>dicam?</span> <span class='ocrx_word' id='word_1_288' title='bbox 800 2591 938 2618; x_wconf 86' lang='lat' dir='ltr'>mores</span> <span class='ocrx_word' id='word_1_289' title='bbox 970 2577 1081 2618; x_wconf 88' lang='lat' dir='ltr'>enim</span> <span class='ocrx_word' id='word_1_290' title='bbox 1111 2575 1192 2631; x_wconf 90' lang='lat' dir='ltr'>ipsi</span> <span class='ocrx_word' id='word_1_291' title='bbox 1221 2575 1464 2616; x_wconf 85' lang='lat' dir='ltr'>interierunt</span> <span class='ocrx_word' id='word_1_292' title='bbox 1488 2574 1549 2615; x_wconf 85' lang='lat' dir='ltr'>vi·</span> 
     </span>
     <span class='ocr_line' id='line_1_43' title="bbox 117 2629 1548 2689; baseline -0.003 -15"><span class='ocrx_word' id='word_1_293' title='bbox 117 2647 261 2674; x_wconf 88' lang='lat' dir='ltr'>rorum</span> <span class='ocrx_word' id='word_1_294' title='bbox 300 2633 486 2687; x_wconf 86' lang='lat' dir='ltr'>penuria.</span> <span class='ocrx_word' id='word_1_295' title='bbox 515 2633 636 2689; x_wconf 87' lang='lat' dir='ltr'>cujus</span> <span class='ocrx_word' id='word_1_296' title='bbox 669 2633 774 2675; x_wconf 90' lang='lat' dir='ltr'>tanti</span> <span class='ocrx_word' id='word_1_297' title='bbox 803 2634 903 2674; x_wconf 90' lang='lat' dir='ltr'>mali</span> <span class='ocrx_word' id='word_1_298' title='bbox 931 2647 1016 2674; x_wconf 90' lang='lat' dir='ltr'>non</span> <span class='ocrx_word' id='word_1_299' title='bbox 1045 2633 1175 2674; x_wconf 91' lang='lat' dir='ltr'>modo</span> <span class='ocrx_word' id='word_1_300' title='bbox 1204 2629 1414 2672; x_wconf 88' lang='lat' dir='ltr'>reddenda</span> <span class='ocrx_word' id='word_1_301' title='bbox 1441 2630 1548 2671; x_wconf 86' lang='lat' dir='ltr'>ratio</span> 
     </span>
     <span class='ocr_line' id='line_1_44' title="bbox 116 2686 1550 2745; baseline -0.001 -16"><span class='ocrx_word' id='word_1_302' title='bbox 116 2688 253 2739; x_wconf 90' lang='lat' dir='ltr'>nobis,</span> <span class='ocrx_word' id='word_1_303' title='bbox 272 2688 348 2730; x_wconf 87' lang='lat' dir='ltr'>sed</span> <span class='ocrx_word' id='word_1_304' title='bbox 367 2689 493 2730; x_wconf 84' lang='lat' dir='ltr'>etiam</span> <span class='ocrx_word' id='word_1_305' title='bbox 515 2692 730 2745; x_wconf 88' lang='lat' dir='ltr'>tamquam</span> <span class='ocrx_word' id='word_1_306' title='bbox 751 2689 831 2733; x_wconf 85' lang='lat' dir='ltr'>reis</span> <span class='ocrx_word' id='word_1_307' title='bbox 852 2689 999 2744; x_wconf 90' lang='lat' dir='ltr'>capitis</span> <span class='ocrx_word' id='word_1_308' title='bbox 1025 2686 1343 2744; x_wconf 86' lang='lat' dir='ltr'>quodammodo</span> <span class='ocrx_word' id='word_1_309' title='bbox 1373 2686 1550 2728; x_wconf 85' lang='lat' dir='ltr'>dicenda</span> 
     </span>
     <span class='ocr_line' id='line_1_45' title="bbox 101 2742 1550 2800; baseline 0.001 -15"><span class='ocrx_word' id='word_1_310' title='bbox 101 2758 244 2798; x_wconf 27' lang='lat' dir='ltr'>*causa</span> <span class='ocrx_word' id='word_1_311' title='bbox 264 2753 342 2786; x_wconf 84' lang='lat' dir='ltr'>est.</span> <span class='ocrx_word' id='word_1_312' title='bbox 364 2745 516 2786; x_wconf 90' lang='lat' dir='ltr'>nostris</span> <span class='ocrx_word' id='word_1_313' title='bbox 537 2745 650 2799; x_wconf 82' lang='lat' dir='ltr'>enim</span> <span class='ocrx_word' id='word_1_314' title='bbox 671 2746 793 2798; x_wconf 86' lang='lat' dir='ltr'>vitiis,</span> <span class='ocrx_word' id='word_1_315' title='bbox 815 2760 899 2786; x_wconf 94' lang='lat' dir='ltr'>non</span> <span class='ocrx_word' id='word_1_316' title='bbox 926 2760 1027 2786; x_wconf 88' lang='lat' dir='ltr'>casu</span> <span class='ocrx_word' id='word_1_317' title='bbox 1057 2745 1215 2800; x_wconf 88' lang='lat' dir='ltr'>aliquo,</span> <span class='ocrx_word' id='word_1_318' title='bbox 1242 2742 1550 2798; x_wconf 83' lang='lat' dir='ltr'>rempublicam</span> 
     </span>
     <span class='ocr_line' id='line_1_46' title="bbox 116 2799 1329 2858; baseline 0.001 -17"><span class='ocrx_word' id='word_1_319' title='bbox 116 2799 244 2842; x_wconf 85' lang='lat' dir='ltr'>verbo</span> <span class='ocrx_word' id='word_1_320' title='bbox 266 2801 494 2843; x_wconf 85' lang='lat' dir='ltr'>retinemus</span> <span class='ocrx_word' id='word_1_321' title='bbox 514 2817 525 2842; x_wconf 71' lang='grc' dir='ltr'><strong><em>ε</em></strong></span> <span class='ocrx_word' id='word_1_322' title='bbox 557 2815 701 2857; x_wconf 87' lang='lat' dir='ltr'>reapse</span> <span class='ocrx_word' id='word_1_323' title='bbox 722 2816 819 2858; x_wconf 79' lang='lat' dir='ltr'>vero</span> <span class='ocrx_word' id='word_1_324' title='bbox 831 2801 1090 2858; x_wconf 89' lang='lat' dir='ltr'>jampridem</span> <span class='ocrx_word' id='word_1_325' title='bbox 1110 2799 1329 2842; x_wconf 81' lang='lat' dir='ltr'>amisimus</span> 
     </span>
     <span class='ocr_line' id='line_1_47' title="bbox 861 2870 986 2912; baseline 0.016 -15"><span class='ocrx_word' id='word_1_326' title='bbox 861 2871 885 2912; x_wconf 83' lang='lat'><em>3</em></span> <span class='ocrx_word' id='word_1_327' title='bbox 908 2870 936 2897; x_wconf 63' lang='lat' dir='ltr'>x</span> <span class='ocrx_word' id='word_1_328' title='bbox 962 2870 986 2899; x_wconf 81' lang='lat'>2</span> 
     </span>
    </p>
   </div>
  </div>
 </body>
</html>
