1844 3202
650 118 1066 159 cONsotATm.
1493 127 1570 170 987

138 230 255 273 vidit.
284 230 458 287 parique
486 230 574 272 fato
606 228 759 270 Clodia
787 242 864 269 usa
891 235 970 277 est,
1000 241 1095 282 quae
1126 226 1184 268 D.
1212 227 1391 270 Brutum
1424 229 1569 281 filium,

138 289 418 339 consularem,
438 297 656 328 mortuum
686 295 895 341 superstes
915 283 1029 334 vidit,
1049 297 1184 338 neque
1204 293 1343 325 tamen
1365 285 1401 341 ej
1410 301 1456 327 us
1477 287 1587 337 obi-¹

137 352 229 385 tum
262 360 344 385 non
375 344 550 393 fortiter,
579 352 622 383 et
656 341 830 397 patienti
861 340 1002 381 animo
1028 340 1138 380 tulit.
1169 355 1264 395 quae
1294 342 1455 383 virtutis
1486 357 1568 384 non

136 401 321 456 vulgaria
351 401 390 441 in
423 399 601 440 faeminis
629 399 821 453 exempla
848 397 988 437 mirari
1015 396 1166 452 aliquis
1188 397 1333 452 possit,
1355 399 1424 453 qui
1448 414 1569 440 sexus

134 456 485 506 imbecillitatem,
507 470 554 496 ac
582 455 800 496 mollitiem
831 454 1007 508 cogitet.
1039 462 1081 493 at
1111 468 1219 504 vero,
1240 453 1312 509 qui
1334 455 1571 496 fortissimis

132 513 296 568 genitas
320 513 576 568 parentibus,
597 522 640 553 et
660 511 840 552 fortibus
861 511 988 551 etiam
1015 509 1114 560 avis,
1135 510 1449 566 majoribusque
1471 526 1568 565 pro-

132 579 283 624 gnatas
309 568 553 610 recordatus
580 568 718 619 fuerit,
742 567 873 608 nihilo
902 567 954 607 ab
985 566 1044 607 eis
1076 567 1278 607 minorem
1301 567 1362 607 vc]
1388 568 1568 622 pruden-

134 626 251 675 tiam,
283 625 345 666 vel
371 626 499 666 animi
528 624 859 680 magnitudinem
892 624 1090 678 requirat.
1152 625 1226 664 Est
1255 638 1358 679 crgo
1390 623 1474 665 ulla
1504 639 1569 666 res

132 682 253 732 tanti,
270 692 343 723 aut
360 681 636 723 commodum
657 681 788 722 ullum
808 690 893 720 tam
915 678 1212 735 expetendum,
1226 690 1289 729 ut,
1309 680 1382 721 illo
1399 681 1569 731 amisso,

133 752 185 779 ne
206 739 470 793 prudentiam
489 738 660 793 quidem
684 737 960 778 retineamus?
986 751 1080 791 quae
1103 736 1136 776 si
1156 736 1242 776 ulla
1260 737 1303 777 in
1326 738 1446 778 nobis
1467 738 1570 778 resi-

131 794 221 844 det,
244 811 319 836 nos
349 797 544 850 profecto
573 795 635 835 vel
666 794 800 844 avitae,
822 794 883 833 vel
909 794 1054 848 patriae
1076 792 1238 833 virtutis
1258 793 1473 845 admonet,
1492 809 1569 835 nec

132 851 184 892 de
208 852 440 900 Pisonibus,
465 851 616 901 Fabiis,
636 850 794 900 Brutis,
818 849 1033 890 Marcellis
1063 849 1313 904 cogitantes,
1338 866 1444 906 quos
1473 851 1567 892 imi-

130 916 286 958 temur,
308 918 349 949 et
372 923 396 949 a
415 908 567 964 quibus
589 919 730 948 ortum
754 907 974 956 ducamus,
996 906 1266 947 immemores
1288 922 1377 949 esse
1398 908 1567 962 patitur.

130 965 299 1006 Horum
321 965 432 1005 enim
454 965 578 1005 armis
599 964 762 1018 imperii
794 963 892 1003 lines
921 963 1116 1018 producti
1143 974 1265 1004 sunt:
1298 963 1448 1004 horum
1473 979 1567 1005 san-

127 1021 259 1076 guine
280 1030 412 1076 parta,
432 1035 479 1061 ac
501 1021 685 1061 stabilita
715 1019 885 1060 libertas
905 1036 914 1059 ε
947 1020 1101 1060 horum
1129 1019 1309 1075 denique
1340 1020 1497 1071 labore,
1519 1035 1568 1062 ac

130 1077 273 1118 studio
299 1077 535 1132 respublica
563 1077 613 1118 ad
642 1085 801 1118 tantam
822 1076 1009 1131 pervenit
1028 1076 1110 1116 sive
1132 1076 1292 1117 bellicae
1313 1076 1462 1127 laudis,
1485 1078 1569 1118 sive

129 1133 376 1175 domesticae
407 1134 568 1175 virtutis
597 1133 793 1188 gloriam.
826 1148 1007 1188 quorum
1035 1133 1075 1173 in
1106 1133 1282 1188 vestigia
1311 1133 1462 1188 pedem
1489 1148 1567 1189 po-

129 1204 226 1231 nere
243 1200 425 1246 oportet,
445 1190 516 1246 qui
538 1189 803 1231 laudabiliter
818 1191 964 1239 vivere,
983 1190 1138 1245 quique
1160 1189 1348 1230 honestis
1371 1190 1410 1230 in
1432 1191 1567 1232 actio-

129 1246 253 1288 nibus
276 1247 457 1288 exerceri
481 1246 638 1296 volnnt,
659 1261 734 1287 nec
760 1247 846 1287 ullo
868 1248 1018 1287 mentis
1040 1260 1179 1287 errore
1205 1246 1255 1287 ad
1286 1247 1461 1288 nimium
1485 1247 1566 1288 do—

129 1303 279 1353 lorem,
299 1314 426 1359 atque
445 1303 646 1344 insaniam
670 1303 849 1344 traduci.
908 1302 1235 1344 Nominavimus
1261 1314 1454 1345 externos
1475 1319 1566 1345 ma-

126 1374 251 1415 gnos,
272 1360 494 1416 clarosque
517 1361 650 1401 viros:
682 1360 933 1414 collegimus
966 1359 1018 1400 de
1050 1359 1203 1401 nostris
1232 1360 1453 1415 plurimos,
1475 1361 1568 1417 qui-

127 1416 205 1457 bus
239 1417 387 1458 mortis
419 1431 565 1457 sensus
594 1431 678 1457 non
707 1416 836 1456 modo
855 1431 941 1457 non
967 1417 1174 1472 ingratus,
1196 1417 1270 1458 sed
1291 1417 1417 1458 etiam
1440 1427 1565 1473 opta-

129 1484 212 1525 tus,
233 1473 505 1529 etjucundus
526 1473 693 1514 accidit.
730 1471 938 1523 Addatur,
959 1473 992 1513 si
1014 1473 1166 1528 placet,
1187 1474 1315 1515 etiam
1336 1474 1565 1515 Therame-

128 1543 216 1580 nes,
247 1530 319 1585 qui
348 1543 507 1570 veneno
542 1538 687 1585 epoto,
720 1529 904 1569 maxima
937 1530 1135 1585 aequitate
1168 1530 1313 1582 animi,
1345 1530 1493 1572 ludens
1523 1531 1565 1573 in

124 1596 278 1636 morte,
312 1586 428 1641 quod
467 1595 555 1626 erat
593 1585 635 1626 in
671 1585 826 1642 poculo
864 1585 1091 1642 reliquum,
1129 1585 1275 1627 Critiae
1316 1588 1564 1643 propinavit.

125 1642 242 1697 Ergo
263 1641 334 1682 ille
362 1643 402 1682 in
436 1657 512 1682 sua
537 1652 674 1683 morte
695 1642 754 1682 vir
775 1641 926 1692 clarus,
948 1652 990 1683 et
1012 1643 1174 1698 sapiens
1196 1643 1366 1684 ludebat
1384 1661 1392 1685 ε
1424 1659 1500 1685 nos
1522 1644 1566 1686 in

126 1698 324 1749 filiorum,
356 1708 429 1740 aut
461 1698 646 1739 affinium
679 1707 816 1739 morte
849 1699 1124 1755 lugebimus?
1163 1710 1204 1740 et
1235 1711 1421 1741 veterum
1452 1700 1566 1743 dicta

126 1755 318 1809 quotidie
344 1755 548 1810 legentes,
567 1765 694 1810 atque
719 1755 998 1807 addiscentes,
1023 1755 1223 1811 praeclara
1250 1757 1471 1807 ducemus,
1491 1772 1564 1799 ex-

125 1811 267 1866 empla
286 1811 632 1867 repudiabimus?
655 1822 730 1854 aut
745 1826 837 1852 eam
857 1813 997 1864 vitam,
1015 1829 1108 1869 quae
1129 1824 1309 1854 mortem
1335 1813 1440 1855 hanc
1462 1828 1564 1855 con-

122 1877 319 1909 secutura
347 1877 426 1919 est,
448 1868 749 1919 immortalem,
771 1869 954 1920 beatam,
976 1885 1000 1910 a
1021 1870 1198 1911 miseriis
1220 1870 1417 1912 omnibus
1438 1885 1563 1912 vacu-

123 1938 207 1974 am,
230 1925 524 1981 negligemus?
558 1925 746 1981 quamvis
776 1926 887 1966 enim
922 1926 1082 1967 nudum
1111 1941 1281 1981 corpus,
1303 1937 1344 1968 ct
1375 1927 1565 1969 exanime

122 1979 340 2022 discedens
361 1981 570 2040 relinquat
592 1982 772 2033 animus,
796 1997 872 2023 nec
893 1983 1074 2038 amplius
1104 1982 1228 2024 liceat
1249 1984 1426 2035 homini,
1449 1984 1521 2040 qui
1542 1998 1565 2024 e

119 2036 204 2078 vita
222 2037 426 2090 discedat,
447 2039 532 2080 suis
553 2039 720 2095 opibUS,
742 2039 879 2090 bonis,
900 2039 1052 2081 divitiis
1073 2040 1257 2096 perfrui:

225 2129 386 2173 Astante,
408 2137 446 2165 ut
466 2129 521 2166 ille
539 2129 604 2172 ait,
624 2139 680 2179 ope
699 2127 907 2172 Barbarica,

229 2182 336 2219 Tectis
354 2182 499 2227 arelatis,
520 2182 701 2233 laqueatis,

119 2265 279 2309 Tamen
307 2268 444 2311 multo
473 2268 704 2325 majoribus
730 2278 772 2310 et
800 2269 938 2321 bonis,
959 2278 1002 2311 et
1032 2270 1201 2326 opibus,
1223 2287 1317 2328 quae
1350 2271 1465 2314 nulla
1494 2287 1562 2314 ve—

119 2333 255 2365 tustas
275 2325 484 2375 absumet,
505 2325 621 2366 nulla
648 2325 706 2367 vis
737 2326 899 2381 eripiet,
922 2326 1090 2381 piorum
1112 2338 1274 2369 mentes
1294 2329 1461 2371 assidue
1479 2345 1560 2386 po-

120 2380 296 2422 tiuntur.
355 2382 437 2423 Sed
459 2381 722 2423 dimittamus
744 2393 787 2423 et
808 2383 1001 2438 exempla
1021 2383 1233 2425 clarorum
1255 2385 1494 2436 hominum,
1515 2396 1559 2428 et

117 2437 288 2478 illorum
307 2437 470 2479 virtutis
492 2438 738 2494 impressam
761 2438 944 2480 historiis
965 2441 1212 2482 memoriam
1231 2459 1240 2483 :
1273 2444 1484 2484 veniamus
1503 2443 1558 2485 ad

117 2494 176 2544 id,
197 2494 312 2550 quod
336 2496 625 2551 unusquisque
653 2510 777 2537 sensu
803 2496 994 2551 percipit,
1018 2508 1308 2555 quantumque
1337 2515 1388 2540 ex
1419 2509 1557 2541 morte

117 2564 431 2607 consequamur
462 2552 755 2602 emolumenti,
791 2567 839 2594 ac
874 2554 1106 2605 commodi,
1140 2570 1183 2596 re
1214 2556 1318 2610 ipsa,
1350 2557 1556 2612 factisque

116 2607 358 2661 probemuS.
390 2622 441 2648 ex
471 2622 554 2664 qua
582 2609 777 2659 docendi,
808 2624 856 2650 ac
887 2610 1130 2666 disputandi
1157 2613 1317 2653 ratione
1339 2612 1556 2667 perspicue

117 2663 267 2706 veritas
289 2663 505 2716 elucescit,
527 2666 714 2722 quidque
736 2666 818 2707 hoc
840 2667 970 2708 modo
991 2682 1034 2708 se
1055 2668 1223 2720 habeat,
1240 2669 1303 2709 vel
1324 2669 1412 2719 illo,
1433 2669 1556 2711 facile

116 2727 260 2774 potest
287 2720 480 2776 perspici.
540 2722 583 2763 Si
610 2723 831 2779 quisquam
854 2733 931 2774 est,
953 2724 1022 2779 qni
1045 2724 1254 2765 secundos
1276 2725 1314 2765 in
1338 2725 1454 2766 omni
1474 2726 1557 2767 vita

118 2789 256 2818 rerum
276 2777 414 2819 exitus
433 2777 623 2833 adipisci,
642 2788 684 2820 et
702 2780 906 2835 consequi
934 2781 1081 2836 possit,
1103 2781 1293 2837 nihilque
1314 2781 1461 2823 timeat
1480 2782 1557 2824 ad-

117 2833 236 2884 versi,
265 2832 378 2875 hunc
408 2848 532 2876 nemo
563 2834 732 2878 infitiari
762 2836 933 2893 poterit,
962 2837 1060 2893 jure
1094 2837 1324 2888 dicturum,
1358 2838 1392 2879 si
1429 2838 1554 2880 vitam
