1844 3202
306 149 384 190 992
680 146 737 183 M.
774 146 981 184 TULLII
1019 147 1356 185 ClCERONlS

307 250 396 291 aede
423 251 538 292 Jovis
569 251 797 308 Capitolini
819 268 936 295 sacra
956 253 1138 304 fecisset,
1157 254 1341 309 itemque
1361 253 1535 296 Thalnae
1554 252 1732 303 consuli,

306 307 384 348 diis
407 307 714 351 immortalibus
736 310 1002 366 supplicanti.
1031 310 1134 366 quid
1165 310 1242 351 hos
1270 312 1312 351 in
1342 311 1434 366 ipso
1463 310 1610 352 mortis
1631 309 1729 350 arti·-

306 363 404 404 culo
435 364 591 407 doloris
626 377 819 421 expertos
852 366 1078 417 existimes,
1108 366 1178 421 qui
1212 367 1354 420 paullo
1386 375 1482 408 ante
1512 365 1597 409 laeti
1624 365 1731 406 viver

306 419 421 470 bant,
442 430 484 462 et
512 422 552 462 in
581 437 646 472 eo,
669 437 753 478 quo
780 422 1082 471 moriebantur,
1102 432 1259 477 puncto
1287 423 1503 478 temporiS,
1534 421 1636 463 nihil
1663 421 1730 463 lu·

305 476 439 530 gubre
461 479 600 518 testati
623 479 718 528 sint,
741 479 842 519 nihil
864 478 1001 519 flebile
1029 478 1234 519 dixerint?
1279 480 1436 529 Morte,
1457 479 1632 534 inquies,
1652 492 1730 533 op*

305 533 433 586 pressi
464 543 574 575 sunt.
606 545 647 575 at
668 534 974 590 sapientissimi,
996 543 1037 575 et
1057 535 1205 589 optimi
1227 534 1299 575 viri
1320 552 1329 575 :
1359 536 1510 591 quibus
1532 543 1729 585 mortem,

285 598 517 645 ‘tamquam
553 591 687 632 beatae
720 591 811 631 vitae
846 591 1025 641 initium,
1046 591 1103 631 dii
1139 591 1397 632 immortales
1425 592 1565 647 largiri
1586 590 1729 632 volue-

303 654 412 685 runt.
445 661 571 701 quam
593 662 644 687 eo
664 648 838 688 fortasse
860 647 1160 702 jucundiorem
1186 647 1285 702 ipsis
1307 648 1395 688 fore
1415 648 1622 697 videbant,
1643 661 1729 702 quo

302 701 440 742 minus
469 717 520 742 eo
552 712 741 758 tempore
769 712 931 744 tantum
969 704 1068 745 boni
1095 712 1444 759 exspectaverant,
1475 719 1522 744 ac
1554 719 1605 745 ne
1633 717 1728 758 spe-

302 771 391 798 rare
428 758 596 813 quidem
635 768 841 814 poterant.
887 775 983 800 nam
1015 775 1111 801 cum
1151 775 1264 801 mors
1295 775 1319 800 e
1348 760 1484 800 divina
1514 760 1727 800 voluntate

302 822 391 854 tota
414 815 606 869 pendeat,
627 815 739 858 haud
761 831 857 857 sane
880 817 920 857 in
941 817 1121 857 hominis
1142 825 1350 872 potestate
1368 831 1458 859 esse
1479 817 1626 872 possit,
1642 829 1727 871 quo

300 871 567 924 potissimum
590 873 671 923 die,
691 888 858 929 quaque
887 873 1128 914 conditione
1159 874 1267 914 mori
1295 873 1404 914 velit.
1464 874 1557 913 Nec
1584 886 1725 913 verum

300 934 377 976 est,
401 928 513 983 quod
543 928 696 970 dicitur
722 944 745 970 a
775 929 1040 986 quibusdam,
1063 930 1208 970 mortis
1230 929 1408 970 eundem
1431 928 1627 970 omnibus
1648 927 1727 969 ho,

299 982 482 1024 minibus
515 984 642 1028 diem,
665 1001 712 1026 ac
744 986 971 1027 terminum
1001 986 1196 1027 divinitus
1224 1000 1315 1026 esse
1339 985 1648 1026 constitutum:
1679 992 1728 1025 ut

298 1049 438 1080 autem
465 1041 527 1082 vel
549 1042 687 1093 citius,
709 1043 770 1084 vel
802 1043 932 1083 serius
955 1043 1201 1093 moriamur,
1221 1043 1483 1098 singulorum
1506 1041 1727 1083 hominum

297 1095 360 1136 vel
385 1096 718 1153 intemperantia,
740 1100 801 1139 vel
830 1100 1089 1155 negligentia
1115 1099 1375 1154 contingere.
1407 1113 1519 1148 nam,
1546 1108 1594 1139 ut
1623 1097 1726 1139 illud

296 1153 556 1195 verissimum
578 1165 654 1206 est,
674 1156 924 1210 praefinitum
949 1170 1039 1196 esse
1061 1155 1152 1197 vitale
1175 1156 1400 1196 terminum
1425 1170 1447 1195 a
1468 1156 1579 1200 Deo,
1598 1168 1724 1210 quem

295 1211 520 1263 praeterire,
541 1222 614 1253 aut
634 1227 684 1252 ex
707 1227 792 1267 quo
813 1212 957 1267 egredi
978 1213 1130 1252 nemini
1152 1212 1296 1253 liceat:
1317 1212 1375 1252 sic
1399 1211 1499 1252 illud
1521 1211 1725 1252 affirmare

294 1280 418 1306 nemo
447 1269 596 1322 possit,
628 1269 808 1309 eundem
840 1270 1052 1319 omnibus,
1081 1268 1312 1324 eademque
1343 1269 1446 1309 hora
1474 1268 1568 1308 vitae
1598 1267 1722 1308 finem

293 1321 547 1378 impendere.
580 1325 695 1380 quod
725 1326 758 1366 si
792 1340 1129 1380 agnosceremus,
1151 1325 1253 1366 nihil
1284 1339 1380 1366 sane
1405 1333 1529 1373 esset,
1549 1338 1624 1365 cur
1645 1323 1722 1363 ho·

292 1378 393 1419 mini
416 1380 695 1434 prudentiam,
717 1382 1050 1437 temperantiam,
1071 1382 1272 1437 pietatem
1303 1381 1596 1422 tribueremus.
1628 1394 1722 1436 quae

292 1449 438 1477 omnes
460 1437 582 1491 plane
603 1439 788 1487 virtutes,
812 1439 845 1478 si
872 1438 954 1479 hoc
975 1447 1318 1495 consequeretur,
1340 1452 1422 1478 non
1446 1436 1574 1478 modo
1595 1436 1721 1477 inuti-

292 1490 366 1543 les,
389 1493 460 1533 sed
479 1494 644 1548 penitus
665 1495 808 1535 inanes
828 1495 1079 1535 viderentur.
1110 1510 1185 1535 cur
1206 1496 1317 1536 enim
1337 1494 1562 1550 prudentia
1581 1503 1721 1534 utere-

290 1556 359 1589 tur
390 1549 535 1601 homo,
565 1565 640 1592 cur
670 1551 935 1601 abstinentia,
962 1566 1037 1591 cur
1067 1552 1356 1606 temperantia,
1378 1550 1411 1591 si
1440 1550 1608 1600 eodem,
1635 1564 1722 1605 quo

288 1605 435 1661 reliqui
471 1621 633 1657 omnes,
670 1608 870 1662 temporis
908 1608 1043 1663 spatio
1078 1607 1203 1648 vitam
1241 1615 1349 1648 esset
1386 1606 1718 1647 terminaturus?

293 1662 353 1702 Ut
371 1663 544 1713 diutius,
565 1663 718 1719 inquis,
739 1665 865 1704 vitam
886 1663 1114 1719 producere
1138 1664 1296 1705 liceret.
1326 1671 1383 1713 at,
1405 1663 1439 1703 si
1464 1663 1556 1703 vitae
1576 1663 1721 1704 termi-

289 1733 364 1759 nus
387 1719 524 1761 fatalis
545 1729 623 1771 est,
645 1735 720 1761 nec
743 1720 955 1761 immutari
978 1720 1149 1775 quidem
1172 1735 1294 1774 posse
1321 1734 1489 1760 necesse
1509 1728 1585 1760 est.
1646 1720 1719 1761 Sin

288 1776 559 1827 voluntarius,
590 1786 632 1819 et
664 1777 704 1818 in
739 1777 921 1818 hominis
959 1777 1131 1818 arbitrio
1168 1777 1345 1832 positus,
1381 1775 1484 1816 nihil
1517 1786 1594 1826 est,
1628 1790 1719 1827 cur,

287 1832 467 1874 eundem
498 1834 694 1875 omnibus
725 1849 749 1874 a
778 1835 875 1875 Deo
904 1834 1183 1874 constitutum
1215 1847 1319 1882 esse,
1354 1832 1579 1888 quisquam
1611 1833 1720 1874 affir-

287 1899 388 1930 met.
448 1890 531 1930 Sed
559 1890 609 1930 de
641 1890 705 1931 his
735 1899 891 1931 statuat
922 1890 1209 1945 unusquisque
1232 1898 1278 1930 ut
1304 1890 1421 1930 libet.
1452 1889 1552 1944 quid
1574 1898 1716 1931 autem

286 1946 419 1987 verius
442 1947 508 1997 sit,
529 1947 648 1987 Deus
671 1947 757 2002 ipse
778 1947 948 1987 viderit:
982 1946 1194 1987 hominem
1219 1945 1389 2002 quidem
1412 1946 1518 1986 scire
1538 1946 1718 1988 arbitror

286 2003 512 2044 neminem.
545 2013 628 2045 stet
648 2003 776 2045 modo
798 2003 918 2044 nobis
939 2003 1059 2053 illud,
1080 2003 1239 2044 doloris
1259 2017 1350 2043 esse
1370 2002 1472 2043 nihil
1495 2002 1535 2042 in
1557 2011 1716 2046 mortez

284 2059 384 2101 boni
423 2069 564 2101 autem
602 2069 767 2101 tantum
807 2074 857 2100 ex
896 2075 946 2100 ea
978 2059 1030 2100 ad
1062 2059 1254 2100 homines
1288 2072 1546 2114 permanare,
1583 2073 1718 2113 quan-

285 2125 373 2156 tum
409 2131 574 2172 sperare
606 2116 730 2157 multi
763 2116 940 2171 possint,
975 2115 1234 2171 cogitatione
1269 2115 1439 2171 quidem
1472 2125 1719 2171 assequatur

284 2187 424 2213 nemo.
459 2174 600 2229 itaque
635 2173 716 2214 hoc
747 2173 942 2214 divinitus
973 2172 1214 2214 hominibus
1245 2172 1391 2213 datum
1421 2180 1500 2223 est,
1530 2181 1579 2213 ut
1607 2187 1715 2227 quo-

284 2229 361 2270 ties
406 2229 572 2270 molesti
619 2229 777 2286 aliquid
822 2229 1102 2285 experiantur,
1141 2238 1232 2269 tum
1278 2238 1456 2269 mortem
1501 2237 1716 2282 exoptent,

283 2301 331 2327 ac
367 2286 472 2327 votis
504 2286 630 2326 etiam
669 2287 883 2341 conceptis
919 2300 1030 2341 saepe
1066 2285 1305 2340 implorent.
1349 2284 1450 2340 quid
1487 2284 1577 2325 ita?
1618 2285 1717 2341 quia

282 2343 454 2393 bonam,
483 2343 715 2398 utilemque
743 2357 834 2384 esse
864 2352 1060 2393 mortem,
1089 2352 1305 2397 coguntur
1332 2355 1586 2396 agnoscere:
1625 2356 1717 2382 ma·

280 2400 363 2441 lam
392 2410 548 2450 autem,
576 2408 648 2440 aut
676 2400 869 2441 acerbam
897 2414 986 2440 esse
1005 2413 1237 2454 numquam
1258 2412 1395 2453 posse,
1416 2397 1578 2439 homini
1599 2414 1622 2439 a
1641 2412 1716 2439 na-

280 2466 376 2497 tura
396 2456 568 2496 insitum
589 2465 665 2496 est.
687 2456 827 2511 itaque
849 2455 995 2497 dolore
1018 2455 1196 2510 perculsi
1219 2464 1396 2495 mortem
1421 2454 1713 2510 imploramus,

281 2527 459 2568 eamque
489 2526 631 2560 unam,
667 2520 714 2553 ut
747 2512 1023 2561 miseriarum,
1057 2511 1350 2566 malorumque
1380 2511 1604 2552 terminum
1641 2526 1714 2552 ex·

280 2578 491 2624 optamus.
551 2569 768 2610 Admonet
789 2583 856 2609 me
878 2569 1009 2619 locus,
1032 2577 1093 2618 ut,
1115 2583 1212 2609 cum
1235 2568 1445 2608 neminem
1467 2568 1556 2623 ipsa
1576 2578 1713 2609 morte

281 2640 537 2681 magnopere
568 2626 825 2666 commoveri
859 2625 1011 2666 debere
1044 2625 1267 2679 probatum
1307 2624 1374 2675 sit,
1413 2624 1462 2665 iis
1498 2625 1711 2680 praecipue

279 2681 504 2722 dolendum
530 2682 633 2723 nihil
652 2696 740 2722 esse
760 2682 1027 2732 contendam,
1048 2695 1154 2736 quos
1176 2695 1289 2721 mors
1309 2695 1405 2721 cum
1433 2680 1556 2721 laude
1577 2695 1711 2737 oppe-

279 2738 354 2778 tita
374 2739 581 2779 consolari
601 2747 754 2794 potest.
784 2738 883 2778 satis
916 2739 1026 2779 enim
1049 2737 1120 2777 diu
1140 2737 1287 2777 vixisse
1307 2736 1482 2792 putandi
1505 2747 1616 2787 sunt,
1639 2737 1709 2792 qui

278 2795 400 2835 vitam
437 2795 612 2836 honeste
648 2795 901 2835 clauserunt.
932 2795 1189 2849 eosdemque
1219 2807 1242 2833 e
1274 2793 1357 2834 vita
1386 2794 1588 2834 abeuntes
1625 2809 1707 2834 non

278 2851 404 2891 modo
426 2851 530 2898 laus,
550 2852 624 2892 sed
645 2852 770 2892 etiam
804 2860 1004 2906 perpetua
1034 2850 1239 2904 voluptas,
1270 2849 1579 2905 delectatioque
1609 2865 1708 2906 pro·
