1844 3202
601 77 780 115 LIBER
815 75 1093 115 TERTIUS.

1493 83 1517 124 7
1521 82 1573 127 79

137 200 237 229 cum
270 185 384 229 enim
420 184 544 230 fidem
577 183 770 240 alicujus,
804 182 1123 239 bonitatemque
1157 181 1354 234 laudant3
1392 183 1571 240 dignum

137 257 229 286 esse
257 242 420 293 dicunt,
447 241 616 298 quicum
652 239 694 280 in
725 239 908 281 tenebris
938 240 1082 280 mices.
1142 234 1256 287 Hoc,
1285 253 1412 295 quam
1443 241 1575 282 habet

137 300 236 352 vim,
267 300 345 342 nisi
378 298 509 349 illam,
537 295 642 338 nihil
676 297 886 353 expedire,
919 295 1035 352 quod
1070 310 1154 336 non
1187 294 1351 346 deceat,
1379 297 1507 337 etiam
1538 296 1574 338 si

136 355 182 399 id
222 357 369 414 possis,
406 354 523 396 nullo
562 353 794 404 refellente,
833 353 1054 398 obtinere?
1086 352 1273 393 Videsne
1308 352 1452 407 igitur,
1490 354 1572 395 hoc
1586 368 1636 407 78

135 412 372 470 proverbio,
409 425 544 467 neque
579 410 697 466 Gygi
727 410 787 451 illi
819 424 942 466 posse
972 409 1133 450 veniam
1167 408 1270 459 dari,
1299 422 1437 464 neque
1462 409 1575 458 huic,

137 483 264 525 quem
296 467 439 524 paullo
469 476 565 509 ante
596 467 823 522 fingebam,
850 466 1082 522 digitorum
1113 465 1383 522 percussione
1412 464 1578 505 heredi-

137 534 247 566 tates
277 524 468 566 omnium
501 538 626 580 posse
667 532 726 557 100
745 524 1023 565 convertere?
1059 523 1122 564 Ut
1151 523 1279 572 enim,
1310 520 1427 578 quod
1456 530 1579 577 tur-pe

137 590 216 633 est,
234 580 279 622 id
309 581 499 638 quamvis
527 581 777 632 occultetur,
803 590 942 622 tamen
973 580 1197 621 honestum
1222 578 1310 619 fieri
1337 577 1455 619 nullo
1483 593 1577 618 mo-

135 637 195 680 do
226 647 366 694 potest
385 654 394 678 :
424 638 497 688 sic,
519 637 635 693 quod
665 637 890 679 honestum
914 652 996 678 non
1017 645 1095 688 est,
1116 636 1158 677 id
1182 635 1285 677 utile
1304 645 1352 677 ut
1381 634 1449 685 sit,
1471 635 1578 676 effici

136 696 225 736 'non
246 704 404 750 potest,
424 695 666 736 adversante
687 703 727 735 et
746 703 1009 749 repugnante
1030 702 1192 735 natura.

137 765 370 819 permagna
391 751 564 807 praemia
584 761 696 801 sunt,
714 760 777 792 est
797 765 922 792 causa
943 750 1159 806 peccandi.
1220 749 1272 790 C.
1296 749 1461 790 Marius
1481 763 1578 789 cum
1592 769 1644 809 79

138 822 164 849 a
199 822 271 864 spe
304 808 548 850 consulatus
568 807 697 863 lorige
734 808 913 858 abesset,
944 817 988 848 et
1021 807 1114 862 jam
1155 807 1383 862 septimum
1415 820 1580 848 annum

136 866 237 921 post
256 874 482 920 praeturam
506 864 682 920 jaceret,
704 879 840 920 neque
860 864 1069 920 petiturus
1090 878 1294 920 umquam
1313 862 1582 904 consulatum

139 921 374 973 videretur:
406 922 463 964 Q.
486 921 728 973 Metel-lum,
749 921 868 977 cujus
889 921 1054 976 legatus
1076 929 1179 972 erat,
1202 934 1416 962 summum
1432 918 1584 973 virum,

140 987 184 1020 et
203 978 352 1028 civem,
374 993 472 1019 cum
499 978 553 1019 ab
579 993 644 1029 eo,
666 978 922 1033 imperatore
946 992 1037 1028 sno,
1065 977 1247 1018 Romam
1277 977 1430 1018 missus
1459 986 1585 1029 esset,

139 1032 254 1091 >apud
285 1035 492 1091 populum
515 1036 755 1076 Romanum
775 1035 1020 1076 criminatus
1044 1043 1122 1084 est,
1150 1034 1337 1074 xbcllum
1362 1033 1481 1074 illum
1503 1033 1585 1075 du·

138 1091 233 1132 'cere
252 1109 261 1133 :
294 1092 328 1132 si
349 1107 393 1132 se
415 1091 634 1132 consulem
656 1092 869 1143 fecissent,
889 1092 1001 1132 brevi
1023 1102 1227 1146 ternpore⁷
1245 1100 1317 1132 aut
1337 1090 1490 1140 vivum,
1510 1100 1586 1132 aut

140 1156 360 1190 'mortuum
388 1148 414 1189 J
419 1148 648 1203 ugurtham
681 1163 724 1189 se
755 1149 795 1188 in
828 1156 1080 1203 potestatem
1112 1148 1262 1203 populi
1300 1147 1479 1188 Romani
1518 1161 1586 1188 re-

140 1204 380 1245 dacturum.

441 1205 587 1259 Itaque
613 1204 749 1245 factus
771 1215 835 1245 est
860 1204 929 1244 ille
957 1204 1130 1260 quidem
1152 1204 1316 1254 consul,
1336 1203 1408 1245 sed
1439 1218 1463 1244 a
1489 1203 1585 1254 fide,
1611 1197 1615 1203 ’

135 1261 387 1320 justitiaque
423 1260 629 1309 discessit,
667 1261 738 1317 qui
774 1261 1000 1317 optimum,
1035 1270 1078 1302 et
1107 1261 1402 1316 graiissimum
1436 1260 1585 1311 civem,

143 1317 265 1374 cujus
293 1317 473 1372 legatus,
495 1326 537 1358 et
566 1332 590 1358 a
618 1333 704 1373 quo
730 1318 883 1359 missus
909 1327 1035 1368 esset,
1065 1318 1107 1359 in
1141 1317 1336 1359 inxidiam
1370 1317 1476 1358 falso
1503 1317 1585 1358 cri·

143 1375 255 1421 mine
276 1374 512 1415 adduxerit.

571 1375 640 1415 ke
661 1385 802 1416 noster
823 1374 990 1430 quidem
1015 1374 1289 1416 Gratidianus
1314 1374 1453 1415 officio
1482 1374 1585 1416 boni
1599 1383 1650 1416 80

142 1429 217 1472 'viri
246 1431 416 1472 functus
447 1441 510 1472 est
539 1439 646 1483 tum,
667 1447 763 1473 cum
796 1441 952 1486 praetor
981 1440 1108 1482 esset,
1129 1430 1445 1486 collegimnque
1476 1445 1584 1487 prae-

141 1496 284 1539 torum
314 1488 469 1530 tribuni
496 1487 629 1544 plebis
661 1488 969 1538 adhibuissent,
998 1496 1045 1530 ut
1073 1502 1137 1528 res
1163 1487 1354 1529 numaria
1386 1487 1439 1528 de
1467 1502 1587 1528 com-

144 1544 264 1585 muni
294 1545 502 1586 sententia
530 1545 873 1586 constitueretur.
905 1546 1148 1601 jactabatur
1177 1545 1290 1585 enim
1321 1545 1585 1600 temporibus

138 1600 222 1643 illis
253 1615 422 1652 numuS,
447 1601 520 1653 sic,
542 1612 591 1643 ut
616 1617 741 1644 nemo
772 1612 915 1656 posset
935 1602 1055 1653 scire,
1076 1601 1187 1657 'quid
1218 1601 1404 1642 haberet.
1433 1606 1436 1609 “
1467 1600 1585 1643 Con-
1598 1619 1628 1649 p.
1642 1613 1695 1640 68.

142 1657 398 1714 scripserunt
426 1659 711 1700 communiter
738 1658 928 1699 edictum
958 1672 1056 1699 cum
1087 1672 1228 1713 poena,
1253 1666 1379 1714 atque
1403 1658 1585 1714 judicio,
1603 1661 1633 1684 ²¹·

143 1714 553 1770 constitueruntque,
574 1724 622 1756 ut
643 1730 789 1756 omnes
811 1715 938 1756 simul
961 1723 978 1746 ‘2
993 1715 1036 1755 in
1067 1715 1220 1756 Rostra
1241 1723 1338 1771 pont
1366 1715 1587 1757 meridiem

143 1770 431 1813 escenderent.
456 1781 498 1812 et
523 1772 653 1813 ceteri
681 1772 854 1828 quidem
883 1772 990 1813 alius
1009 1771 1118 1813 alio:
1151 1772 1317 1813 Marius
1337 1785 1361 1812 a
1380 1771 1589 1813 subselliis

145 1827 189 1870 in
220 1827 372 1869 Rostra
390 1837 519 1879 recta,
539 1829 666 1884 idque
688 1828 803 1885 quod
822 1827 1107 1869 communiter
1127 1829 1413 1885 compositum
1437 1829 1592 1880 fuerat,

145 1882 262 1931 {solus
294 1883 437 1925 edixit.
473 1894 516 1926 et
550 1899 599 1926 ea
630 1900 696 1927 res
735 1886 787 1937 (si
827 1886 996 1942 quaeris)
1032 1885 1071 1926 ei
1110 1899 1268 1941 magno
1305 1885 1458 1926 honori
1493 1885 1590 1927 fuit.

146 1939 347 1988 omnibus
366 1941 466 1983 vicis
489 1950 638 1983 statuae
659 1959 668 1983 ε
700 1943 754 1983 ad
782 1957 851 1982 eas
872 1951 955 1993 tuS,
974 1951 1017 1983 et
1038 1942 1161 1983 cerei.
1183 1941 1286 1998 quid
1316 1941 1481 1983 multa?
1515 1957 1590 1983 ne-

135 2009 219 2040 ‘mo
248 2012 453 2053 umquam
484 1998 747 2040 multitudini
777 1999 858 2040 fuit
887 1999 1037 2040 carior.

1096 1999 1205 2040 Haec
1233 2008 1345 2050 sunt,
1367 2014 1461 2054 quae
1487 2014 1649 2050 con-81

145 2048 320 2096 ‘turbant
349 2049 542 2096 homin'es
574 2056 617 2096 in
647 2055 950 2097 deliberatione
975 2070 1312 2111 nonnumquam,
1337 2070 1435 2096 cum
1464 2055 1522 2106 id,
1547 2055 1591 2097 in

147 2124 235 2167 quo
260 2110 438 2153 violatur
473 2112 663 2168 aequitas,
693 2127 777 2154 non
807 2113 868 2153 ita
897 2127 1101 2168 magnum
1118 2128 1129 2163 ;
1162 2112 1266 2154 illud
1296 2122 1454 2163 autem,
1475 2112 1592 2168 quod

147 2181 273 2223 ‚expo
292 2168 467 2223 paritur,
489 2183 767 2225 permagnum
788 2169 976 2210 videtur:
1007 2179 1056 2211 ut
1076 2170 1235 2222 Mario,
1256 2169 1481 2226 praeripere
1501 2169 1592 2211 eol-

146 2303 196 2334 dit
217 2304 319 2335 tritum
342 2313 379 2336 ut
401 2305 498 2336 habet
520 2305 569 2336 ed.
593 2305 689 2337 Rom.
705 2305 761 2336 Ed.
779 2305 850 2336 Col.

148 2345 246 2423 gabet
259 2355 368 2378 certum
380 2359 391 2378 .·
413 2349 500 2390 quod
517 2358 534 2379 e
555 2349 658 2378 tritum
674 2357 788 2379 natum
804 2349 851 2379 vi-

172 2396 252 2420 etur.

197 2439 257 2463 100
279 2431 459 2473 con-vertere]
485 2434 537 2464 Sic
555 2441 636 2464 recte
654 2434 734 2465 Mss.
751 2435 851 2465 Goth.

149 2474 267 2507 Duisb.
280 2476 351 2506 edd.
366 2486 413 2516 pr.
445 2477 624 2516 Vulgatum
641 2485 710 2517 post
725 2484 771 2508 est
787 2489 851 2507 con-

150 2529 281 2555 verrere,
295 2526 403 2549 autore
419 2519 575 2550 Lambino
587 2530 652 2551 non
669 2521 760 2551 bene.
773 2531 850 2551 nam

151 2571 264 2595 sensus
294 2569 341 2592 est
370 2562 492 2593 divitias
521 2565 561 2594 ad
588 2573 622 2594 se
652 2565 850 2600 contrahere,

151 2605 239 2644 quod
260 2612 306 2635 est
326 2612 490 2635 convertere
510 2616 556 2638 sc.
581 2607 718 2638 domum
743 2617 851 2643 suam,

153 2654 190 2677 ut
204 2654 251 2678 est
264 2648 350 2679 Verr.
368 2648 428 2682 111,
448 2653 499 2683 76.

199 2697 214 2721 1
239 2689 344 2721 bellum
371 2690 455 2720 illum
485 2690 597 2731 ducere]
629 2693 744 2724 Addidi
773 2703 853 2724 curn

152 2726 280 2763 Pearcio
291 2733 388 2771 illum,
403 2735 489 2773 quod
501 2744 614 2766 omnes
626 2737 689 2766 sere
703 2736 782 2767 Mss.
796 2737 854 2766 ha-

153 2774 244 2812 bem,
263 2777 360 2808 etiam
382 2777 497 2808 Dnisb.
519 2778 618 2809 Goth.
632 2780 745 2809 vitiose
764 2778 852 2815 illud,

152 2826 190 2849 ut
205 2826 237 2850 et
249 2819 326 2851 Cus.
342 2821 487 2860 sequitur
501 2831 540 2860 se,
553 2822 606 2852 eui
623 2822 656 2854 in
670 2823 733 2854 hoc
749 2832 853 2854 mem-

892 2305 949 2336 bro
965 2306 1131 2345 respondet
1144 2305 1229 2335 illum
1243 2315 1290 2337 se.
1306 2305 1491 2338 Metellum.

937 2356 954 2379 ‘2
979 2349 1009 2377 in
1030 2348 1368 2388 Rostra—escenderent]
1396 2350 1448 2380 Sic
1469 2350 1593 2380 editum

893 2399 939 2422 est
955 2402 972 2422 e
993 2391 1079 2422 libris
1097 2392 1283 2423 nonnullis:
1309 2400 1341 2422 at
1363 2392 1467 2433 plures
1481 2393 1593 2422 descen-

893 2435 991 2464 derem
1004 2435 1136 2473 habent,
1153 2442 1189 2466 ut
1203 2436 1273 2466 edd.
1289 2446 1335 2475 pr.
1348 2446 1465 2476 nempe
1480 2437 1594 2466 dicun-

894 2485 946 2508 tur
969 2478 1001 2508 in
1025 2479 1133 2509 forum
1156 2486 1251 2518 atque
1271 2480 1348 2509 adeo
1366 2480 1399 2509 in
1427 2487 1523 2509 rostra
1540 2480 1594 2508 de-

893 2523 1056 2558 scendere,
1073 2523 1129 2561 qui
1146 2522 1179 2552 in
1200 2522 1277 2552 locis
1293 2522 1381 2552 editis
1402 2523 1593 2557 habitarent,

895 2572 932 2594 ut
961 2564 1182 2605 locupletiores
1211 2572 1242 2595 et
1271 2565 1439 2596 nobiliores
1468 2565 1531 2594 fere
1559 2574 1594 2594 o-

896 2617 1001 2645 mnes,
1024 2609 1079 2639 sed
1101 2615 1210 2638 tamen
1233 2609 1315 2638 mihi
1333 2608 1476 2637 escendere
1492 2608 1595 2645 magis

895 2651 1018 2690 placet:
1043 2661 1102 2681 nec
1125 2651 1196 2681 libri
1219 2652 1325 2690 scripti
1348 2651 1400 2680 hic
1415 2658 1492 2680 sunt
1507 2651 1597 2680 audi-

895 2695 981 2731 endi,
999 2695 1032 2724 in
1051 2695 1169 2735 quibus
1184 2695 1302 2724 centies
1322 2704 1360 2724 ex
1385 2693 1528 2722 escendere
1549 2694 1596 2722 fa-

895 2744 986 2767 ctum
1009 2745 1057 2768 est
1070 2737 1217 2768 ascendere
1232 2737 1280 2767 vel
1297 2736 1469 2766 descendere.
1487 2744 1519 2766 et
1540 2737 1595 2776 qui

895 2780 928 2810 in
948 2781 1056 2810 forum
1077 2780 1288 2817 descendunt,
1304 2787 1413 2810 tamen
1434 2786 1465 2810 et
1487 2780 1521 2810 iu
1547 2789 1597 2810 ro·

894 2830 956 2856 stra
972 2824 1158 2855 escendunt.

1250 694 1312 733 At
1331 691 1458 742 enim,
1480 706 1576 733 cum
1594 693 1664 740 ‘20
