1844 3202
648 120 1051 165 FRAGMENTA.
1470 132 1555 172 933,

135 233 251 277 Nam
280 246 379 274 cum
407 230 692 274 constituisset
718 230 837 271 Deus
866 229 988 271 bonis
1017 227 1211 270 omnibus
1239 228 1403 284 explere
1429 245 1556 272 mun..

137 290 256 340 dum,
285 289 383 330 mali
416 287 519 329 nihil
548 286 790 336 admiscere,
824 285 964 342 quoad
992 293 1138 326 natura
1168 292 1400 340 pateretur:
1431 287 1556 342 quid-

137 346 240 402 quid
260 355 362 397 erat,
384 343 498 400 quod
518 343 560 384 in
581 342 775 384 cernendi
796 357 963 383 sensum
983 340 1165 391 caderet,
1184 340 1227 382 id
1249 341 1326 381 sibi
1345 343 1557 395 assumsit,

136 416 220 446 non
255 400 524 457 tranquillum
554 408 597 440 et
628 400 831 455 quietum,
859 398 933 440 sed
960 396 1234 439 immoderate
1263 396 1481 452 agitatum,
1512 411 1557 441 et

138 458 355 508 fluctuans,
374 456 501 512 idque
529 470 580 496 ex
599 455 833 497 inordinato
854 455 895 496 in
916 454 1104 496 ordinem
1137 453 1323 494 adduxit.
1345 452 1425 494 hoc
1445 455 1558 496 enim

132 514 352 569 judicabat
370 527 459 553 esse
480 511 755 567 praestantius.
806 512 882 553 Fas
904 521 1043 552 autem
1062 524 1139 551 nec
1160 519 1237 559 est,
1259 523 1334 550 nec
1355 524 1559 565 umquam

137 569 231 620 fuit,
254 568 481 625 quidquam
514 568 591 609 nisi
620 568 915 624 pulcerrimum
937 569 1073 608 facere
1093 581 1206 616 eum,
1228 565 1299 621 qui
1320 575 1429 607 esset
1447 566 1559 621 opti-

138 639 246 667 mus.
307 625 419 667 Cum
450 625 651 666 rationem
680 624 809 680 igitur
837 624 1065 674 habuisset,
1097 622 1327 677 reperiebat
1346 621 1450 662 nihil
1469 636 1560 664 esse

138 695 302 732 eorum,
323 696 416 738 quae
438 691 585 722 natura
604 691 881 732 cernerentur,
902 695 986 722 non
1013 679 1262 734 intelligens,
1283 678 1559 733 intelligente,

138 738 180 779 in
200 747 291 780 toto
311 752 480 793 genere,
500 737 777 793 praestantius.
797 736 1116 792 intelligentiam
1138 743 1278 775 autern
1299 734 1374 775 ulli
1399 735 1457 775 rei
1485 734 1559 776 ad-

133 790 324 850 junctam
355 809 458 844 esse,
489 795 575 834 sine
605 793 745 835 animo
775 794 888 834 nefas
917 807 1021 833 esse.
1080 791 1294 833 Quocirca
1323 790 1562 846 intelligen-

139 849 242 892 tiam
273 851 314 891 in
344 851 499 899 animo,
528 850 713 891 animum
744 849 948 891 conclusit
968 849 1009 890 in
1031 862 1220 903 corpore.
1279 847 1347 888 Sic
1367 857 1479 888 ratus
1498 856 1564 890 est

139 921 247 963 opus
280 907 386 948 illud
418 907 613 948 effectum
642 920 730 948 esse
762 905 1072 961 pulcerrimum.
1131 905 1271 960 Quam
1300 904 1356 944 ob
1391 918 1562 945 causam

140 978 223 1004 non
258 973 323 1005 est
353 963 637 1004 cunctandum
669 962 867 1018 profiteri,
899 963 932 1003 si
968 961 1098 1003 modo
1130 960 1367 1015 investigari
1403 960 1562 1016 aliquid

139 1019 381 1075 conjectura
409 1029 560 1074 potest,
592 1020 704 1060 hunc
734 1019 955 1069 mundum,
977 1017 1130 1059 animal
1158 1031 1262 1068 esse,
1284 1016 1408 1072 idque
1437 1016 1561 1057 intel-

140 1075 291 1131 ligens,
311 1087 353 1117 et
373 1076 509 1117 divina
527 1075 783 1130 providentia
801 1075 1094 1116 constitutum.
1144 1074 1242 1114 Hoc
1258 1073 1394 1128 posito
1406 1088 1418 1123 3
1446 1072 1598 1128 quod4

141 1132 343 1187 sequitur,
373 1131 595 1173 videndum
626 1142 702 1182 est,
724 1131 941 1187 cujusnam
971 1130 1245 1171 animantium
1275 1130 1394 1170 Deus
1423 1129 1464 1170 in
1486 1129 1562 1170 fin-

142 1187 284 1243 gendo
314 1188 474 1229 mundo
505 1188 820 1229 similitudinem
851 1197 1019 1229 secutus
1041 1187 1107 1228 sit.
1166 1185 1339 1227 Nullius
1358 1185 1564 1240 profecto,

141 1259 288 1285 eorum
321 1244 506 1300 quidem,
533 1260 626 1300 quae
656 1254 753 1285 sunt
783 1244 902 1285 nobis
932 1254 1032 1285 nota
1059 1242 1296 1284 animantia.
1327 1251 1426 1283 sunt
1453 1241 1565 1283 enim

141 1301 282 1341 omnia
303 1301 344 1341 in
366 1301 558 1356 quaedam
575 1315 730 1356 genera
749 1301 916 1355 partita,
933 1311 1006 1341 aut
1025 1299 1233 1349 inchoata,
1251 1298 1364 1339 nulla
1379 1313 1429 1339 ex
1450 1308 1568 1353 parte

141 1358 337 1412 perfecta.
376 1358 624 1412 imperfecto
659 1366 815 1408 autem,
849 1371 923 1397 nec
959 1356 1155 1397 absoluto
1189 1354 1336 1404 simile,
1373 1354 1566 1409 pulcrum

141 1427 232 1458 csse
264 1413 366 1454 nihil
397 1423 551 1469 potest.
585 1413 706 1470 cujus
736 1428 839 1469 ergo
871 1426 995 1454 omne
1028 1411 1179 1452 animal
1212 1411 1330 1466 quasi
1361 1411 1569 1466 particula

142 1469 335 1524 quaedam
355 1480 433 1520 est,
454 1470 536 1510 sive
563 1470 606 1510 in
637 1470 812 1524 singulis
835 1469 917 1510 sive
937 1469 977 1509 in
1001 1468 1161 1509 diverso
1185 1481 1340 1522 genere
1360 1476 1566 1517 cernatur,

141 1525 233 1581 ejus
255 1526 433 1566 similem
454 1526 657 1566 mundum
681 1540 771 1566 esse
791 1526 994 1566 dicamus.
1043 1525 1201 1566 Omnes
1222 1523 1366 1578 igitur,
1386 1523 1457 1578 qui
1477 1523 1566 1563 ani-

141 1595 214 1633 mo
235 1592 474 1632 cernuntur,
495 1590 538 1623 et
565 1582 726 1623 ratione
758 1581 1052 1637 intelliguntur
1076 1581 1322 1629 animantes,
1344 1580 1567 1634 complexu

141 1638 327 1688 rationis,
346 1648 390 1679 et
414 1638 718 1693 intelligentiae,
741 1638 850 1678 sicut
876 1638 1083 1687 homines,
1108 1636 1190 1676 hoc
1220 1635 1395 1683 mundo,
1425 1644 1466 1676 et
1493 1650 1566 1690 pe-

141 1694 286 1744 cudes,
307 1703 348 1734 et
369 1695 522 1744 omnia,
543 1709 636 1749 quae
658 1695 737 1734 sub
753 1694 1000 1749 adspectum
1018 1692 1185 1743 cadunt,
1202 1691 1567 1746 comprehendun-

142 1759 224 1795 tur.
243 1750 357 1805 quod
376 1750 487 1790 enim
511 1751 807 1805 pulcerrimum
827 1750 868 1790 in
889 1764 1025 1791 rerum
1049 1757 1193 1790 natura
1215 1748 1393 1802 intelligi
1412 1758 1568 1803 potest,

142 1814 187 1864 et
206 1806 319 1862 quod
351 1821 403 1847 ex
423 1807 538 1847 omni
565 1815 682 1862 parte
713 1806 1069 1847 absolutissimum
1095 1815 1172 1856 est,
1194 1819 1291 1845 cum
1311 1805 1429 1845 Deus
1451 1804 1566 1845 simi-

143 1861 227 1903 lem
256 1862 460 1904 mundum
490 1863 652 1904 efficere
681 1862 819 1914 vellet,
848 1862 1002 1903 animal
1030 1877 1177 1912 unum,
1208 1861 1505 1916 adspectabile,
1525 1861 1567 1902 in

143 1933 229 1975 quo
262 1920 403 1960 omnia
438 1919 632 1961 animalia
664 1920 987 1968 continerentur,
1017 1918 1167 1959 effecit.
1226 1918 1407 1958 Rectene
1438 1918 1568 1972 igitur

143 1989 276 2016 unum
297 1975 504 2016 mundum
525 1975 763 2023 dixerimus,
783 1989 835 2016 an
867 1975 948 2016 sint
974 1975 1130 2030 plures,
1149 1989 1201 2015 an
1231 1973 1571 2024 innumerabiles,

143 2029 260 2072 dictu
280 2032 429 2082 verius,
451 2035 502 2073 et'
514 2032 678 2073 melius.
739 2032 861 2073 Unus
882 2032 1089 2087 profecto,
1110 2029 1313 2086 siquidem
1336 2030 1472 2070 factus
1504 2039 1569 2071 est

142 2087 196 2128 ad
216 2087 470 2144 exemplum.
492 2088 606 2144 quod
634 2089 745 2130 enim
777 2102 922 2129 omnes
949 2088 1179 2129 animantes
1205 2101 1291 2136 eos,
1314 2086 1387 2142 qui
1407 2086 1570 2127 ratione

141 2143 449 2199 intelliguntur,
479 2144 788 2200 complectitur,
816 2144 861 2185 id
890 2159 975 2185 non
1004 2153 1146 2200 potest
1173 2157 1264 2184 esse
1292 2157 1390 2183 cum
1420 2141 1574 2195 altero.

145 2201 305 2242 Rursus
334 2201 443 2241 enim
475 2201 580 2242 alius
609 2201 812 2251 animans,
843 2201 916 2256 qui
945 2215 1041 2242 eum
1072 2200 1299 2250 contineat,
1319 2198 1372 2240 sit
1401 2212 1570 2240 necesse

144 2267 223 2307 est,
244 2258 366 2313 cujus
394 2266 532 2312 partes
561 2257 643 2298 sint
663 2258 895 2298 animantes
924 2256 1171 2312 superiores,
1199 2255 1442 2311 coelumque
1470 2254 1568 2305 hoc,

145 2312 416 2355 simulacrum
435 2313 546 2355 illius
567 2314 707 2355 ultimi
737 2314 803 2364 sit,
826 2328 909 2354 non
928 2313 1121 2369 proximi.
1180 2313 1376 2369 Quorum
1398 2325 1449 2352 ne
1468 2311 1571 2367 quid

145 2369 367 2420 accideret,
388 2379 514 2425 atque
543 2378 591 2411 ut
620 2370 688 2411 hic
717 2369 901 2411 mundus
931 2379 1040 2411 esset
1067 2368 1270 2410 animanti
1298 2367 1493 2409 absoluto
1513 2368 1568 2409 si-

145 2425 363 2476 millimus,
383 2426 464 2467 hoc
479 2427 586 2482 ipso,
607 2426 722 2482 quod
743 2426 872 2477 solus,
889 2434 1014 2482 atque
1035 2441 1140 2467 unus
1159 2434 1284 2476 esset,
1305 2423 1464 2465 idcirco
1483 2425 1568 2466 sin-

144 2482 338 2580 {ularem
366 2482 483 2523 Deus
510 2483 630 2536 vhunc
660 2483 882 2534 mundum,
911 2492 1038 2538 atque
1067 2481 1294 2537 unigenam
1324 2480 1568 2536 procreavit.

189 2552 412 2593 orporeum
433 2547 589 2590 autem,
607 2548 649 2580 et
674 2539 972 2595 adspectabile,
993 2539 1178 2594 itemque
1205 2536 1422 2578 tractabile
1443 2550 1576 2583 omne,

148 2608 316 2636 necesse
337 2603 401 2635 est
418 2608 522 2646 esse,
544 2595 659 2651 quod
679 2604 824 2637 natum
845 2605 922 2636 est.
970 2594 1092 2636 Nihil
1107 2609 1247 2650 porro,
1268 2593 1357 2648 igni
1375 2606 1575 2645 vacuum,-

147 2651 276 2692 videri
295 2659 463 2706 potest:
494 2665 569 2692 nec
599 2667 694 2692 vero
727 2651 858 2707 tangi,
879 2651 996 2707 quod
1025 2658 1164 2692 careat
1187 2650 1354 2691 solido:
1385 2647 1570 2689 solidum

148 2716 290 2748 autem
312 2707 428 2758 nihil,
451 2707 566 2762 quod
595 2715 712 2749 terrae
744 2708 797 2749 sit
825 2722 986 2762 expers.
1043 2706 1332 2764 Quamobrem
1362 2704 1587 2754 mundum,

149 2764 312 2805 efficere
340 2764 517 2804 moliens
545 2764 677 2813 Deus,
698 2774 849 2804 terram
879 2764 1076 2819 primum,
1097 2763 1324 2818 ignemque
1347 2760 1569 2817 jungebat.

150 2819 304 2873 Omnia
333 2829 473 2863 autem
503 2819 588 2862 duo
618 2820 673 2862 ad
702 2820 1012 2877 cohaerendum,
1044 2820 1215 2862 tertium
1247 2816 1404 2875 aliquid
1431 2816 1568 2874 requi-
