1844 3202
637 140 987 182 PARADOXA.
1450 144 1529 187 859

97 265 256 308 magno
287 249 509 300 aestimant,
540 248 655 306 quod
692 249 730 289 ei
769 247 913 305 generi
948 247 1260 302 possessionum
1302 254 1339 278 ⁵0
1357 247 1527 288 minime

100 308 220 364 quasi
250 308 390 349 noceri
419 313 586 362 potest:
619 305 765 362 quanti
794 314 859 345 est
887 303 1133 344 aestimanda
1152 303 1295 353 virtus,
1326 319 1419 358 quae
1452 318 1526 344 nec
1540 312 1656 347 9-126·

100 364 220 420 eripi,
251 379 327 406 nec
357 362 505 418 surripi
535 371 676 418 potest
706 375 937 418 umquam:
969 373 1102 415 neque
1129 359 1364 414 naufragio,
1391 374 1527 415 neque
1541 361 1569 382 ²¹·

99 420 294 462 incendio
314 420 546 462 amittitur:
580 433 655 460 nec
678 426 992 474 tempestatum,
1015 430 1091 456 nec
1114 424 1148 451 ⁵7
1166 425 1404 470 temporum
1436 430 1528 470 pcr-

99 478 340 519 turbatione
374 477 595 517 mutatur?
628 490 710 532 qua
742 474 908 531 praediti
937 473 1009 530 qui
1036 481 1149 523 sunt,
1181 471 1260 513 soli
1297 479 1393 512 sunt
1427 471 1531 512 divi-

100 543 177 576 tes.
237 533 325 574 Soli
345 532 458 573 enim
479 532 705 601 possident
733 547 798 573 res
823 541 865 572 et
891 531 1141 580 fructuosas,
1161 538 1203 570 et
1228 528 1532 583 sempiternas:

101 589 264 646 solique
290 589 422 646 (quod
449 598 513 630 est
542 590 756 645 proprium
790 587 1042 639 divitiarum)
1068 586 1255 627 contenti
1285 593 1382 626 sunt
1409 584 1535 625 rebus

100 646 200 687 suis.
235 646 335 687 satis
363 660 453 687 esse
486 655 650 702 putant,
683 645 798 703 quod
828 654 917 686 est:
956 643 1059 684 nihil
1092 648 1311 699 appetunt,
1343 640 1458 682 nulla
1490 655 1535 681 re

100 710 244 758 egent,
273 702 376 743 nihil
407 703 488 744 sibi
516 703 658 744 deesse
688 703 887 752 sentiunt,
919 700 1022 741 nihil
1052 700 1284 756 requirunt.
1345 697 1537 753 Improbi

100 768 258 810 autem,
288 768 330 800 et
369 759 494 809 avari,
524 759 724 815 quoniam
764 759 957 807 incertas,
996 766 1122 812 atque
1160 756 1202 796 in
1238 769 1340 796 casu
1378 753 1536 810 positas

103 815 274 866 habent,
295 825 339 857 et
368 816 464 872 plus
493 830 656 870 semper
682 824 899 871 appetunt,
924 827 997 854 nec
1026 827 1172 854 eorum
1205 812 1429 869 quisquam
1461 809 1537 851 ad-

103 871 187 913 huc
217 872 408 914 inventus
439 880 516 923 est,
536 872 620 923 cui,
642 873 756 929 quod
786 872 976 921 haberet,
997 878 1106 911 esset
1130 869 1257 920 satis;
1290 883 1375 910 non
1405 866 1538 908 modo

104 943 188 970 non
205 929 368 1026 gopiosi
387 944 435 970 ac
461 929 622 980 divites,
643 929 716 970 sed
746 929 872 970 etiam
903 927 1049 983 inopes
1080 941 1128 968 ao
1159 939 1363 982 pauperes
1394 924 1538 965 existi·

106 1000 202 1026 man
236 995 379 1027 lsunt.

149 1093 187 1117 56
211 1088 328 1118 minime
351 1089 434 1130 quasi
464 1088 556 1118 noceri
579 1086 685 1127 potest]
719 1087 803 1128 quasi
845 1093 919 1118 vett.
941 1086 1107 1125 pleraeque.
1129 1084 1224 1114 altera
1247 1084 1339 1114 lectio
1351 1081 1542 1122 permutatio-

106 1131 181 1168 quid
213 1131 265 1160 hic
295 1133 346 1167 sit,
372 1142 436 1162 non
458 1133 562 1168 video,
594 1137 652 1168 cst,
679 1132 802 1170 opinor,
847 1142 892 1166 ue,
909 1131 993 1169 quod
1017 1130 1085 1159 cdd.
1110 1128 1222 1157 Colon.
1240 1128 1319 1157 Ven.
1343 1126 1474 1162 habent,
1498 1125 1542 1155 le-

108 1179 306 1213 corruptum.
848 1175 917 1203 nior
932 1180 989 1209 est,
1005 1182 1104 1210 quam
1122 1180 1176 1211 pro
1192 1180 1234 1199 re.

150 1222 186 1250 57
214 1222 369 1256 temporum
387 1216 616 1256 perturbatione]
650 1216 700 1246 Sic
731 1216 800 1246 edd·

626 1436 692 1492 Q.
734 1434 1064 1495 CICERO
1552 1436 1672 1468 ⁹²⁰³·

796 1563 860 1590 DE

382 1656 442 1726 P
487 1656 551 1726 E
595 1656 661 1725 T
706 1655 742 1724 I
787 1655 852 1724 T
898 1654 934 1723 Ι
981 1653 1049 1724 Ο
1096 1654 1168 1724 N
1215 1653 1279 1722 E

506 1797 1175 1861 CONSULATUS

803 1945 858 1969 AD

366 2027 439 2075 M.
485 2026 858 2074 TULLIUM
904 2022 1297 2072 FRATREM.

718 2149 965 2172 *⁶-

655 2245 1064 2288 ARGUMENTUM.

124 2326 210 2365 Cum
239 2331 362 2376 tempus
391 2324 547 2367 instaret,
569 2336 632 2374 quo
659 2323 717 2359 M.
744 2322 874 2358 Tullius
898 2321 1009 2358 Cicero
1032 2319 1250 2358 Consulatum
1277 2333 1318 2357 ex
1342 2318 1413 2370 Iege
1432 2319 1551 2357 annaE

171 2387 279 2430 petere
295 2387 413 2429 posset,
432 2377 562 2428 scripsit
581 2375 630 2413 ad
652 2389 723 2413 eum
748 2376 894 2425 Quintus
909 2375 1032 2423 frater
1058 2374 1145 2411 hunc
1171 2373 1332 2417 libellum,
1352 2387 1416 2424 quo
1441 2372 1553 2411 docere

161 2431 317 2479 fratrem
334 2433 485 2482 suscepit,
504 2428 658 2482 quomodo
675 2435 707 2466 et
724 2428 844 2480 quibus
862 2427 993 2465 artibus
1012 2428 1244 2471 Consulatum,
1262 2427 1355 2474 cujus
1362 2426 1554 2477 petitionem

169 2486 320 2537 proxime
337 2492 544 2535 suscepturus
560 2490 646 2526 erat,
664 2483 814 2533 consequi
831 2489 916 2519 certo
937 2491 1055 2533 posset.
1116 2482 1243 2531 Quare,
1272 2493 1479 2531 quamquam
1506 2479 1557 2517 ad

177 2539 362 2577 Ciceronem
383 2539 513 2590 proprie
523 2538 669 2589 pertinet
691 2536 837 2581 libellus,
858 2546 968 2573 tamen
994 2535 1136 2572 omnium
1163 2535 1318 2572 bonorum
1340 2533 1555 2584 petendorum

158 2598 164 2601 ”
179 2593 280 2638 ratio,
301 2605 379 2643 quae
396 2590 502 2628 libera
520 2590 689 2642 republica
710 2591 826 2628 Romae
842 2588 1025 2634 obtinebat,
1043 2602 1085 2626 ex
1100 2601 1134 2625 eo
1147 2588 1289 2638 perspici
1301 2593 1419 2637 potest.
1465 2585 1555 2636 Agit

179 2653 293 2685 autem
305 2645 413 2696 primo
430 2644 470 2681 de
482 2656 632 2696 persona,
651 2658 729 2696 quae
739 2644 827 2695 petit
842 2660 852 2690 3
883 2642 998 2680 deinde
1014 2642 1057 2680 de
1071 2655 1118 2685 re,
1136 2655 1214 2692 qua>
1232 2641 1360 2691 petitur
1373 2656 1387 2685 3⁴
1413 2645 1446 2677 et
1474 2646 1555 2676 tan-

179 2699 252 2737 dem
269 2698 405 2741 deloco,
426 2697 485 2735 ubi
498 2698 628 2749 petitur
641 2714 654 2735 :
682 2699 717 2735 in
743 2696 862 2748 quibus
889 2696 1031 2746 singulis
1044 2696 1125 2746 fere
1150 2695 1222 2732 haec
1248 2693 1312 2730 duo
1338 2699 1552 2743 spectantur-3

182 2752 426 2805 impedimenta,
445 2765 523 2805 quae
540 2750 667 2789 obstent
683 2757 715 2789 et
732 2763 800 2788 rem
818 2749 985 2799 difficilem
1010 2749 1178 2794 reddant3
1208 2746 1335 2789 deinde,
1353 2759 1432 2797 quae
1449 2743 1556 2782 subsi-

182 2806 242 2844 dia
259 2806 422 2844 adversus
449 2818 488 2844 ea
512 2804 742 2857 impedimenta
768 2805 838 2842 sint
861 2803 1100 2855 comparanda,
1116 2808 1156 2840 ut
1169 2800 1327 2850 facilius,
1345 2812 1409 2851 quo
1428 2797 1559 2844 tendas,

183 2873 216 2897 eo
227 2871 420 2911 pervenias.
