1844 3202
587 148 770 187 LIBER
809 148 1053 186 PRIMUS.
1466 148 1544 196 689

110 257 246 314 magis
273 256 614 314 pulcritudinem,
644 255 939 306 constantiam,
970 252 1160 296 ordinem
1191 252 1234 294 in
1264 254 1446 296 consiliis
1478 256 1542 297 fa-

111 313 274 370 ctisque
296 312 624 356 conservandum
645 320 785 368 putat:
816 320 1030 367 cavetque,
1053 324 1105 352 ne
1127 309 1230 365 quid
1248 310 1458 361 indecore,
1479 312 1542 353 ef-

109 369 371 412 faeminateve
390 369 540 410 faciat:
571 379 661 410 tum
682 369 724 410 in
744 368 943 410 omnibus
962 378 1005 409 et
1026 366 1309 423 opinionibus,
1330 376 1372 407 et
1403 367 1540 418 factis,

109 439 163 466 ne
183 425 284 481 quid
304 425 524 467 libidinose
544 435 616 466 aut
635 425 761 467 faciat
776 434 849 466 aut
866 424 1040 480 cogitet.
1061 423 1214 480 quibus
1229 436 1280 463 ex
1299 423 1423 463 rebus
1439 436 1540 463 eon·
1552 433 1584 463 Ρ·
1598 431 1629 455 ⁴·

109 481 231 522 flatur
249 490 292 522 et
311 481 489 524 efficitur
513 481 570 532 id,
591 481 706 537 quod
725 481 967 537 quaerimus,
988 480 1216 522 honestum
1235 495 1244 519 ε
1277 478 1392 535 qnod
1412 479 1538 520 etiam
1553 475 1581 496 ³·

109 536 143 577 si
164 545 204 570 2⁹
215 538 484 580 nobilitatum
507 553 589 579 non
609 538 675 589 sit,
699 547 841 579 tamen
871 537 1097 578 honestum
1119 536 1197 577 sit:
1230 534 1428 591 quodque
1448 548 1542 576 vere

107 591 303 645 dicimus,
322 595 448 636 etiam
470 595 503 635 si
526 609 549 635 a
569 595 686 635 nullo
706 593 915 645 laudetur,
936 602 1084 634 natura
1103 606 1192 634 esse
1213 591 1437 633 laudabile.

166 650 361 691 Formam
398 651 569 706 quidem
601 651 750 706 ipsam,
785 651 934 691 Marce
967 649 1038 700 fili,
1068 658 1111 690 et
1140 659 1358 704 tamquam
1389 646 1539 689 faciem
1556 643 1589 694 5

106 704 273 747 honesti
293 706 405 748 vides
424 725 433 748 ε
465 722 560 763 quae
589 708 623 748 si
653 706 786 748 oculis
813 714 1068 756 cerneretur,
1087 713 1129 738 30
1145 704 1357 746 mirabiles
1376 718 1542 745 amores

112 765 178 815 (ut
203 762 262 804 ait
290 763 423 817 Plato)
445 764 645 805 excitaret
672 763 752 804 sui.
811 762 896 804 Sed
916 776 1057 812 omne,
1078 761 1195 818 quod
1216 761 1443 802 honestum
1465 769 1543 811 est,

107 817 152 859 id
171 828 373 875 quattuor
393 820 575 876 partium
595 818 729 861 oritur
746 833 797 860 ex
818 819 973 875 aliqua.
1004 829 1079 860 aut
1094 818 1206 859 enim
1228 818 1270 858 in
1289 816 1542 873 perspicien-

105 874 166 917 tia
185 875 268 916 veri
288 876 557 932 sollertiaque
576 885 780 917 versatur:
801 884 876 917 aut
896 877 936 916 in
958 875 1178 916 hominum
1197 874 1399 916 societate
1421 884 1544 915 tuen-

106 930 176 983 da,
195 932 504 989 tribuendoque
533 947 657 974 suum
687 931 855 988 cuique,
875 942 919 973 et
939 947 1077 973 rerum
1100 940 1410 973 contractarum
1434 930 1544 981 fide3

107 998 181 1029 aut
201 987 245 1028 in
263 989 391 1030 animi
411 989 563 1030 excelsi
583 999 710 1045 atque
730 988 872 1030 invicti
891 988 1182 1044 magnitudine
1202 1001 1250 1028 ae
1268 987 1441 1037 robore;
1473 997 1547 1028 aut

109 1044 153 1085 in
174 1045 380 1096 omnium,
401 1061 496 1102 quae
518 1045 637 1096 fiunt,
658 1059 839 1101 quaeque
857 1044 1069 1095 dicuntur,
1092 1044 1238 1086 ordine
1266 1053 1309 1084 et
1337 1043 1484 1094 modo,
1504 1042 1545 1083 in

108 1115 194 1156 quo
226 1101 333 1142 inest
362 1102 573 1143 modestia
605 1111 647 1142 et
674 1101 964 1156 temperantia.
1023 1102 1133 1157 Quae
1163 1110 1365 1156 quattuor
1395 1113 1545 1155 quam·
1563 1106 1607 1137 15

109 1171 236 1211 quam
267 1157 375 1198 inter
403 1172 446 1199 se
471 1157 672 1213 colligata
699 1167 826 1213 atque
854 1157 1069 1212 implicata
1095 1167 1208 1206 sunt,
1227 1166 1369 1197 tamen
1389 1170 1440 1197 ex
1461 1156 1547 1196 sin-

106 1212 220 1267 gulis
250 1224 365 1254 certa
391 1214 625 1255 officiorum
658 1228 814 1269 genera
844 1222 1101 1254 nascuntur:
1131 1213 1243 1253 velut
1263 1226 1314 1253 ex
1343 1227 1393 1253 ea
1412 1221 1546 1268 parte,

108 1276 144 1301 ³¹
163 1284 256 1324 quae
274 1269 410 1325 prima
429 1269 638 1325 descripta
661 1279 740 1319 est,
760 1269 802 1310 in
832 1284 915 1325 qua
948 1269 1195 1324 sapientiam
1215 1278 1258 1310 et
1278 1268 1546 1325 prudentiam

108 1326 319 1381 ponimUS,
341 1326 449 1368 inest
478 1326 695 1381 indagatio
723 1335 851 1382 atque
876 1326 1058 1367 inventio
1079 1326 1190 1367 veri:
1221 1324 1398 1381 ejusque
1419 1325 1547 1366 virtu-

108 1382 162 1423 tis
183 1382 265 1423 hoo
286 1397 438 1424 munus
454 1392 519 1424 est
537 1382 771 1439 proprium.
832 1384 896 1424 Ut
917 1382 1030 1423 enim
1049 1382 1227 1438 quisque
1249 1382 1430 1422 maxime
1451 1396 1546 1437 per·
1564 1383 1613 1420 16

108 1439 245 1493 spicit,
267 1446 304 1472 ²³2
322 1439 424 1495 quid
452 1440 494 1480 in
524 1455 567 1480 re
595 1453 761 1495 quaque
786 1438 1047 1480 verissimum
1068 1439 1135 1489 sit,
1157 1447 1196 1471 3³³
1216 1438 1372 1494 quique
1392 1438 1548 1479 acutis-

109 1495 214 1536 sime
244 1505 287 1537 et
315 1496 532 1538 celerrime
563 1504 705 1552 potest
734 1505 778 1537 et
806 1495 957 1544 videre,
978 1504 1021 1536 et
1040 1495 1249 1550 explicare
1269 1495 1492 1545 rationem,
1513 1495 1548 1536 is

140 1551 459 1594 rudentissimus
488 1562 532 1594 et
558 1552 890 1608 sapientissimus
919 1552 997 1592 rite
1028 1551 1173 1593 haberi
1198 1551 1320 1592 solet.
1351 1551 1550 1607 quocirca

140 1609 223 1658 uic,
241 1609 362 1664 quasi
394 1609 581 1661 materia,
602 1623 729 1665 quam
760 1617 927 1659 tractet,
957 1616 1001 1649 et
1027 1608 1070 1649 in
1103 1623 1187 1664 qua
1215 1616 1415 1659 versetur,
1446 1608 1547 1649 sub-

102 1666 221 1721 jecta
239 1675 302 1707 est
323 1666 486 1707 veritas.
546 1666 734 1722 Reliquis
759 1674 900 1706 autem
923 1665 1057 1706 tribus
1076 1664 1301 1706 virtutibus
1320 1663 1546 1706 necessita-
1563 1671 1608 1712 17

109 1730 172 1762 tes
202 1722 431 1778 propositae
461 1731 559 1764 sunt
587 1723 641 1764 ad
671 1736 741 1763 eas
773 1736 836 1762 res
865 1721 1071 1777 parandas
1095 1720 1375 1777 tuendasque,
1395 1720 1547 1777 quibus

109 1778 222 1819 actio
243 1779 337 1819 vitae
365 1779 631 1821 continetur:
665 1789 713 1820 ut
742 1788 786 1819 et
815 1778 992 1819 societas
1025 1777 1248 1819 hominum
1281 1777 1592 1834 conjunctio-b.

109 1848 192 1890 que
221 1843 419 1886 servetur,
439 1845 483 1877 et
503 1835 633 1876 animi
660 1834 907 1876 excellentia
932 1834 1271 1891 magnitudoque
1291 1849 1388 1875 cum
1410 1835 1452 1875 in
1473 1849 1548 1876 au-

109 1891 260 1946 gendis
295 1892 448 1947 opibus
481 1892 819 1947 utilitatibusque
852 1900 897 1931 et
931 1891 1011 1931 sibi
1046 1899 1089 1931 et
1124 1891 1209 1933 suis
1237 1891 1550 1946 comparandis,

110 1957 203 1988 tum
224 1948 363 1989 multo
384 1948 520 2004 magis
540 1949 583 1990 in
603 1948 666 1989 his
687 1948 787 2003 ipsis
809 1946 1086 2002 despiciendis
1105 1947 1282 1989 eluceat.
1333 1947 1454 1988 Ordo
1473 1962 1549 1988 au-

111 2011 212 2057 tem,
232 2013 274 2046 et
294 2004 545 2055 constantia,
565 2015 607 2046 et
627 2004 878 2052 moderatio,
899 2014 942 2045 et
968 2018 1017 2044 ea
1044 2019 1138 2059 quae
1169 2012 1267 2045 sunt
1295 2003 1360 2045 his
1383 2003 1549 2055 similia,

110 2069 326 2102 versantur
345 2061 388 2102 in
409 2075 460 2103 eo
479 2059 647 2116 genere,
664 2060 717 2102 ad
737 2060 852 2117 quod
869 2060 1109 2101 adhibenda
1125 2069 1188 2103 est
1203 2061 1316 2102 actio
1336 2060 1548 2116 quaedam,

111 2131 196 2158 non
216 2117 356 2158 solum
376 2119 530 2159 mentis
553 2118 745 2174 agitatio.
804 2117 887 2158 His
907 2117 1019 2158 enim
1039 2117 1179 2168 rebus,
1201 2133 1296 2174 quae
1316 2125 1548 2158 tractantur
1564 2125 1611 2158 18

109 2172 153 2214 in
172 2174 268 2225 vita,
289 2174 466 2216 modum
487 2174 695 2230 quendam
718 2183 760 2215 et
782 2173 971 2216 ordinem
997 2173 1261 2225 adhibentes,
1281 2173 1547 2215 honestatem

110 2239 154 2272 et
174 2229 303 2271 decus
322 2231 678 2274 conservabimus

168 2288 231 2328 Ex
250 2295 454 2344 quattuor
471 2296 614 2329 autem
639 2287 760 2339 locis,
782 2287 824 2328 in
845 2301 951 2343 quos
973 2286 1143 2329 honesti
1164 2295 1360 2328 naturam
1382 2275 1599 2342 vimque6

157 2405 198 2431 29
220 2397 402 2429 nobilitatum
423 2410 478 2429 non
500 2397 551 2438 sit]
570 2399 645 2429 Non
663 2398 812 2438 praedice-
855 2405 963 2429 tamen
979 2404 1010 2428 et
1025 2398 1096 2429 addi
1111 2398 1193 2436 vult,
1209 2403 1242 2427 ut
1263 2397 1307 2427 ait
1326 2396 1413 2428 Plato
1427 2397 1461 2427 de
1476 2397 1555 2437 sapi-

113 2446 165 2471 tur
188 2449 225 2470 ac
250 2441 411 2480 laudetur,
436 2449 473 2473 ut
496 2449 613 2473 notum
637 2442 692 2473 fiat
717 2441 812 2481 longe
855 2441 946 2472 entia.
980 2441 1179 2471 Sententiam
1194 2441 1333 2471 Platonis
1349 2441 1388 2470 de
1402 2440 1556 2480 sapientia

111 2483 249 2523 lateque.
854 2484 949 2514 habet
964 2485 1002 2514 de
1018 2485 1088 2514 Fin.
1106 2485 1150 2522 II,
1166 2490 1215 2514 16.
1235 2493 1274 2514 ex
1298 2493 1363 2524 quo
1387 2484 1439 2514 hic
1463 2483 1553 2514 locus

157 2533 199 2558 30
221 2537 260 2556 m.
284 2537 403 2564 amores,
430 2533 463 2556 ut
485 2527 530 2557 ait
551 2527 649 2564 Plato,
671 2527 812 2557 excilaret
854 2527 1060 2566 interpolatus
1077 2528 1211 2558 videtur.

113 2568 279 2609 sapientie]
294 2569 369 2600 Sine
383 2570 481 2602 dubio
492 2570 643 2611 sapientiae
657 2578 705 2601 est
719 2570 811 2600 vitio·
898 2576 934 2601 31
956 2581 1021 2612 quae
1033 2570 1133 2610 prima
1147 2569 1292 2609 descripta
1308 2568 1361 2607 est]
1376 2570 1395 2598 i.
1409 2579 1436 2598 e.
1453 2577 1552 2608 quam

113 2621 198 2644 sum.
236 2613 375 2643 Faernus
387 2612 471 2644 bene
485 2614 620 2644 correxit
634 2614 689 2644 sui.
727 2612 812 2643 Plato
855 2613 889 2643 in
914 2613 1123 2653 descriptione
1146 2614 1216 2646 i..e.
1245 2612 1423 2652 partitione,
1449 2612 1553 2650 primo

113 2655 195 2686 dixit
215 2655 249 2686 in
272 2655 417 2692 Phaedro,
437 2657 638 2696 sapientiam,
660 2657 685 2687 si
708 2655 811 2687 oculis
854 2656 926 2688 loco
941 2657 1032 2696 posui
1047 2666 1077 2686 v.
1094 2655 1183 2687 Clav.
1201 2657 1235 2685 in
1250 2654 1415 2684 describere.

114 2704 305 2735 cerneretur,
322 2707 456 2737 magnos
477 2708 599 2737 amores
620 2701 669 2730 sui
693 2701 811 2730 excita·
898 2705 938 2730 32
962 2699 1258 2742 quid—verissimum
1281 2696 1332 2735 sit]
1357 2697 1420 2727 Ms.
1437 2694 1552 2726 Duisb.

114 2746 232 2772 turam.
275 2741 350 2772 Hoc
370 2741 539 2782 applicavit
558 2741 668 2773 Cicero
690 2743 729 2773 ad
752 2743 811 2772 ho-
854 2741 1023 2784 quod—est.

114 2789 280 2814 nestatem.
303 2791 336 2813 ut
355 2784 399 2813 ait
424 2783 508 2814 Plato
524 2791 581 2820 est,
598 2793 636 2815 ut
649 2794 726 2815 cum
741 2785 811 2815 Pla·
897 2791 936 2815 33
961 2785 1068 2827 quique
1084 2783 1175 2823 acum]
1196 2783 1302 2825 quique
1325 2791 1389 2811 non
1410 2781 1491 2811 bene
1507 2790 1554 2811 re-

115 2832 189 2856 tone
205 2825 325 2866 loquar.
356 2827 438 2867 Ergo
454 2827 604 2866 sapimtiae
619 2827 728 2858 locum
744 2837 810 2858 non
853 2828 988 2868 spondet
1011 2828 1053 2865 τῷ·
1074 2834 1107 2856 ut
1129 2828 1257 2868 quisque.
1296 2825 1376 2855 Puto
1396 2824 1552 2864 corrigen-

116 2868 221 2900 habet.
267 2869 379 2901 Probat
394 2870 439 2900 sui
453 2870 550 2901 etiam
566 2869 730 2902 Pearcius:
755 2872 810 2911 qui
854 2871 933 2900 dum
951 2880 1029 2908 esse,
1045 2878 1142 2912 utque.

847 2924 965 2967 YY3
