1844 3202
259 117 345 158 742
793 109 870 149 DE
906 110 1171 152 OFFICIIS

259 221 324 262 rio
354 219 531 273 homini,
560 227 687 277 atque
715 219 759 262 in
788 235 894 277 agro
924 220 1050 263 vitam
1081 220 1240 277 agenti,
1260 219 1404 276 opinio
1424 219 1601 277 justitiae
1622 236 1694 263 ne-

152 300 184 330 p.
197 278 437 320 41.cessaria
455 286 519 319 est
536 294 546 320 z
576 291 713 334 eoque
730 278 858 319 etiam
879 278 1030 333 magis,
1051 277 1168 333 quod
1189 278 1224 319 si
1244 291 1336 318 eam
1358 292 1442 319 non
1463 277 1696 328 habebunt,-

218 341 247 362 ὃ·
260 333 405 390 injusti
437 334 733 376 habebuntur:
764 334 890 375 nullis
917 334 1121 388 praesidiis
1151 334 1273 389 septi,
1292 333 1436 376 multis
1464 334 1697 376 afficientur

194 390 436 448 40injuriis.
496 390 641 447 Atque
671 390 721 432 iis
750 391 894 441 etiam,
915 390 987 445 qui
1017 390 1216 440 vendunt,
1246 401 1406 441 emunt,
1436 390 1695 441 conducunt,

259 448 417 496 locant,
447 446 827 503 contrahendisque
857 446 1037 501 negotiis
1077 446 1359 501 implicantur,
1382 447 1549 504 justitia
1588 456 1629 480 40
1644 447 1699 489 ad

244 518 348 546 >rem
379 503 611 559 gerendam
641 502 874 544 necessaria
903 510 980 543 est.
1011 501 1133 557 cujus
1164 510 1281 544 tanta
1309 503 1368 544 vis
1397 512 1475 555 est,
1496 513 1543 545 ut
1565 518 1616 545 ne
1638 502 1698 544 illi

258 561 446 617 quidem,
467 560 539 616 qui
568 559 790 610 maleficio,
811 567 853 600 et
885 559 1040 600 scelere
1060 568 1302 614 pascuntur,
1322 561 1483 615 possint
1504 561 1592 614 sine
1611 559 1701 601 ulla

256 617 466 673 particula
487 616 666 673 justitiae
695 615 844 657 vivere.
875 629 971 656 nam
1003 616 1075 671 qui
1105 629 1252 657 corum
1282 615 1482 671 cuipiam,
1514 616 1586 672 qui
1617 630 1700 657 una

256 674 576 724 latrocinantur,
597 673 759 714 furatur
789 671 963 728 aliquid,
983 681 1057 712 aut
1084 671 1209 728 eripit
1226 688 1238 724 3
1269 672 1303 713 is
1332 672 1412 714 sibi
1433 687 1484 713 ne
1505 673 1546 713 in
1568 672 1698 713 latro-

255 730 369 771 cinio
387 730 557 786 quidem
578 728 776 785 relinquit
798 729 940 770 locum
963 745 972 769 t
1005 728 1073 769 ille
1094 740 1251 780 autem,
1274 729 1345 785 qui
1367 729 1617 784 archipirata
1637 728 1702 769 di-

244 787 380 837 ·citur,
412 787 489 828 nisi
520 785 783 841 aequabiliter
813 785 998 841 praedam
1029 785 1260 840 dispertiat,
1281 794 1354 827 aut
1384 785 1656 827 interficiatur
1676 801 1700 826 a

256 844 396 893 sociis,
417 852 489 884 aut
516 843 791 898 relinquatur.
811 842 1041 897 quinetiam
1064 842 1177 898 leges
1205 842 1417 884 latronum
1438 856 1528 883 csse
1550 841 1698 883 dicun-

240 908 341 950 rtur,
374 900 526 955 quibus
556 908 744 954 pareant,
766 913 871 954 quas
891 899 1126 939 observent.
1189 900 1336 955 Itaque
1356 909 1528 955 propter
1557 913 1700 954 aequa-

257 956 386 999 bilem
419 955 574 1011 praedae
601 955 886 1011 partitionem,
914 965 956 995 et
985 955 1179 1011 Bardylis
1210 956 1378 1012 Illyrius
1399 955 1521 1005 latro,
1542 955 1593 995 de
1614 970 1701 1011 quo

255 1020 322 1054 est
341 1012 456 1067 apud
482 1011 826 1066 Theopompum,
858 1025 1036 1066 magnas
1066 1026 1168 1066 opes
1189 1011 1363 1062 habuit3
1394 1020 1436 1052 et
1456 1011 1592 1052 multo
1611 1027 1702 1052 ma-

251 1068 370 1126 jores
391 1068 579 1111 Viriatus
610 1068 865 1109 Lusitanus:
897 1068 965 1108 cui
985 1067 1156 1122 quidem
1186 1069 1312 1109 etiam
1336 1067 1544 1109 exercitus
1570 1068 1703 1109 nostri

257 1126 617 1181 imperatoresque-
647 1133 886 1175 cesserunt3
919 1138 1045 1180 quem
1079 1123 1132 1166 C.
1152 1123 1324 1176 Laelius,
1355 1125 1403 1175 is,
1434 1123 1506 1179 qui
1537 1125 1701 1181 sapiens

257 1191 500 1238 usurpatur,
519 1190 676 1237 praetor
697 1181 840 1237 fregit,
861 1191 902 1222 et
931 1181 1209 1233 comminuit3
1240 1181 1588 1237 ferocitatemque
1607 1181 1700 1237 ejus

236 1267 238 1270 >
258 1239 319 1281 ita
344 1239 555 1295 repressit,
575 1246 624 1279 ut
651 1238 774 1279 facile
805 1237 962 1279 bellum
987 1237 1158 1293 reliquis
1180 1238 1376 1280 traderet.
1437 1237 1550 1278 Cum
1571 1238 1702 1293 igitur

259 1304 378 1337 tanta
398 1295 455 1336 vis
472 1295 651 1351 justitiae
677 1294 744 1346 sit,
765 1302 813 1335 ut
838 1308 889 1335 ea
915 1294 1042 1336 etiam
1062 1296 1276 1336 latronum
1296 1310 1398 1351 opes
1420 1294 1554 1335 firmet
1575 1304 1701 1350 atque

260 1360 429 1408 augeat,
451 1359 652 1408 quantam
675 1351 765 1408 cjus
786 1351 867 1392 vim
889 1352 996 1393 inter
1020 1351 1134 1407 leges
1154 1362 1197 1394 et
1213 1352 1389 1409 judicia,
1409 1351 1452 1392 in
1471 1351 1702 1392 constituta

183 1408 247 1456 12
263 1409 478 1465 republica
495 1409 585 1450 fore
605 1417 803 1464 putamus
825 1409 839 1449 ?
872 1408 986 1449 Mihi
1006 1408 1178 1464 quidem
1199 1424 1283 1451 non
1315 1408 1428 1465 apud
1451 1408 1608 1449 Medos
1629 1423 1700 1449 so-

198 1481 246 1515 41
262 1465 367 1517 lum,
395 1474 444 1507 ut
476 1466 534 1507 ait
564 1465 828 1514 Herodotus,
850 1464 923 1506 sed
948 1465 1075 1506 etiam
1096 1465 1208 1521 apud
1231 1465 1412 1521 majores
1431 1473 1612 1516 nostros,
1627 1465 1700 1521 ju-

261 1522 387 1564 stitiae
406 1521 593 1564 fruendae
615 1536 741 1563 causa
767 1521 961 1563 videntur
981 1521 1082 1562 olim
1104 1522 1211 1563 bene
1229 1523 1380 1564 morati
1402 1536 1522 1577 reges
1542 1521 1700 1563 consti-

257 1579 354 1620 tuti.
414 1579 529 1619 Nam
551 1594 648 1620 cum
675 1586 935 1633 premeretur
966 1578 1089 1633 inops
1109 1579 1339 1620 multitudo
1359 1579 1412 1620 ab
1434 1580 1496 1630 iis,
1517 1578 1588 1635 qui
1608 1593 1700 1619 ma-

251 1635 372 1693 jores
405 1649 506 1690 opes
536 1635 779 1676 habebant:
811 1634 864 1675 ad
894 1650 1026 1675 unum
1057 1635 1240 1691 aliquem
1272 1635 1591 1691 confugiebant,
1621 1635 1703 1677 vir-

259 1701 352 1734 tute
382 1700 651 1748 praestantem
675 1707 685 1742 ;
718 1691 790 1747 qui
820 1705 918 1732 cum
950 1691 1195 1747 prohiberet
1224 1692 1375 1748 injuria
1394 1692 1620 1743 tenuiores,
1643 1707 1701 1733 ae-

260 1749 422 1805 quitate
441 1747 735 1790 constituenda
759 1763 949 1789 summos
969 1762 1067 1788 cum
1089 1748 1242 1790 infimis
1260 1749 1350 1804 pari
1364 1749 1461 1806 jure
1481 1748 1702 1791 retinebat.

216 1808 249 1838 b·
262 1806 506 1861 Eademque
537 1804 923 1846 constituendarum
954 1805 1100 1860 legum
1132 1805 1212 1846 fuit
1242 1820 1380 1856 causa,
1412 1820 1507 1861 quae
1537 1820 1703 1861 regum.

198 1868 249 1899 42
261 1864 338 1904 Jus
360 1862 471 1903 enim
498 1876 664 1917 semper
684 1862 911 1917 quaesitum
945 1870 1009 1902 est
1029 1862 1260 1917 aequabile:
1293 1877 1429 1918 neque
1449 1862 1560 1902 enim
1581 1862 1703 1904 aliter

261 1920 470 1975 essetjus.
495 1918 536 1959 id
556 1919 589 1959 si
610 1919 663 1959 ab
695 1933 781 1959 uno
802 1918 923 1975 justo
944 1928 987 1959 et
1007 1919 1120 1960 bono
1141 1919 1227 1960 viro
1249 1919 1628 1975 consequebantur,
1649 1933 1702 1961 eo

260 1986 380 2017 erant
412 1976 614 2016 contenti.
635 1989 733 2015 cum
766 1975 808 2015 id
837 1975 975 2016 minus
1003 1976 1282 2030 contingeret,
1302 1976 1419 2032 leges
1440 1984 1536 2016 suut
1558 1975 1700 2016 inven-

258 2042 330 2083 tae,
351 2047 446 2088 quae
469 2046 564 2073 cum
589 2032 786 2072 omnibus
808 2046 975 2087 semper
1002 2046 1085 2072 una
1112 2042 1240 2089 atque
1260 2033 1405 2073 eadem
1428 2046 1529 2073 voce
1549 2032 1700 2088 loque-

256 2098 414 2131 rentur.
474 2090 591 2143 Ergo
613 2088 694 2128 hoc
715 2087 885 2143 quidem
907 2088 1174 2143 perspicuum
1204 2098 1281 2139 est,
1303 2104 1375 2130 eos
1408 2089 1460 2130 ad
1490 2090 1700 2144 imperan-

258 2145 359 2186 dum
392 2145 522 2200 deligi
554 2144 717 2194 solitos,
748 2159 929 2199 quorum
961 2144 1013 2185 de
1038 2144 1205 2200 justitia
1234 2160 1389 2201 magna
1418 2154 1526 2186 esset
1556 2145 1701 2201 opinio

258 2201 555 2243 multitudinis.
614 2200 834 2256 Adjuncto
866 2216 979 2251 vero,
1002 2211 1049 2242 ut
1075 2201 1200 2242 iidem
1228 2202 1353 2243 ctiam
1377 2203 1603 2256 prudentes
1624 2202 1700 2243 ha-

257 2259 470 2308 berentur,
493 2257 597 2298 nihil
628 2267 731 2307 crat,
761 2257 876 2313 qued
904 2258 1096 2299 homines
1118 2258 1182 2298 his
1205 2259 1448 2300 auctoribus
1471 2273 1554 2300 non
1575 2272 1702 2313 posse

255 2315 459 2370 consequi
487 2329 530 2355 se
558 2314 872 2355 arbitrarentur.
933 2315 1063 2355 Omni
1098 2314 1229 2370 igitur
1259 2316 1419 2356 ratione
1452 2315 1629 2356 colenda
1659 2325 1704 2359 et

256 2370 478 2413 retinenda
502 2371 670 2427 justitia
697 2379 774 2420 est,
804 2379 894 2412 tum
927 2370 1017 2426 ipsa
1038 2380 1209 2426 propter
1229 2386 1317 2412 sese
1332 2388 1342 2422 3
1376 2387 1470 2412 nam
1495 2373 1614 2413 aliter
1626 2373 1700 2428 ju-

256 2427 372 2470 stitia
393 2442 476 2468 non
500 2436 632 2468 esset:
655 2436 746 2468 tum
764 2436 938 2482 propter
959 2428 1329 2483 amplificationem
1352 2428 1523 2470 honoris
1541 2437 1583 2470 et
1603 2429 1701 2484 glo-

255 2484 344 2526 riae.
404 2484 488 2525 Sed
521 2493 569 2526 ut
598 2483 790 2539 pecuniae
825 2499 908 2525 non
944 2484 1179 2540 quaerendae
1213 2484 1351 2525 solum
1383 2485 1490 2526 ratio
1520 2494 1598 2536 est,
1626 2485 1700 2528 sed

257 2541 386 2582 etiam
409 2540 683 2591 collocaudae,
704 2554 798 2595 quae
820 2551 1048 2596 perpetuos
1071 2550 1235 2582 sumtus
1256 2541 1511 2596 suppeditet,
1533 2556 1608 2582 nec
1629 2557 1700 2583 so-

258 2597 345 2639 lum
368 2597 638 2647 necessarios,
659 2598 732 2638 sed
752 2596 880 2637 etiam
904 2597 1096 2639 liberales
1115 2614 1124 2637 :
1154 2606 1191 2629 2¹1
1209 2598 1268 2638 sic
1289 2598 1427 2653 gloria
1447 2607 1489 2639 et
1507 2613 1700 2654 quaeren-

299 2717 340 2742 4ο
362 2711 404 2740 ad
423 2722 482 2740 rem
506 2710 680 2751 gerendam]
711 2711 731 2742 i.
761 2712 954 2742 familiarem
997 2713 1060 2742 ctio
1079 2712 1234 2742 librorum
1262 2713 1404 2752 plurium
1429 2722 1488 2743 scr.
1511 2719 1541 2741 et
1565 2713 1635 2743 edd.
1661 2713 1699 2743 Ῑι

256 2764 309 2793 per
328 2762 541 2784 mercaturam
565 2762 595 2785 et
617 2754 747 2791 similia,
771 2756 887 2795 quibus
912 2766 954 2785 res
998 2756 1046 2785 ed.
1074 2756 1184 2786 Lamb.
1210 2756 1352 2796 primum
1377 2757 1535 2795 irrepserat
1552 2755 1656 2794 gloria·
1669 2767 1699 2796 q.

256 2797 350 2839 μκή
364 2798 489 2827 dicitur.
999 2806 1025 2827 et
1042 2798 1212 2827 collocandae
1235 2800 1309 2828 ratio
1332 2806 1384 2836 est,
1408 2805 1580 2829 correctore
1595 2798 1702 2828 existi.

298 2846 335 2870 41
361 2840 402 2869 sie
411 2840 664 2880 gloria-ratione
680 2838 736 2882 est]
756 2841 835 2872 Haec
852 2848 897 2872 est
911 2840 954 2872 le·
997 2848 1107 2873 mante
1123 2842 1393 2874 conformandum
1409 2851 1476 2874 esse
1497 2841 1560 2873 hoc
1580 2842 1618 2872 ad
1640 2842 1700 2881 pri:
