1844 3202
636 149 714 186 DE
752 146 1068 186 AM1c1T1A.
1486 151 1561 193 837

138 256 306 310 inventi,
335 256 514 298 retinent
545 263 688 296 tamen
721 253 937 295 caritatem
974 254 1013 294 in
1049 260 1250 308 pastores,
1284 267 1389 308 quos
1426 264 1563 309 patres

140 315 297 356 multos
317 328 447 355 annos
467 325 557 354 esse
576 310 797 352 duxerunt.
857 310 986 374 Quod
1017 309 1186 364 quidem
1208 317 1272 349 est
1299 311 1435 351 multo
1466 326 1565 366 pro-

139 371 251 412 fecto
271 370 420 435 magis·
433 370 472 409 in
493 367 596 408 veris
628 367 828 423 patribus,
849 367 1056 422 certisque
1077 364 1330 406 faciendum.
1392 367 1564 407 Fructus

140 427 248 468 enim
284 425 453 481 ingenii,
486 434 528 464 et
555 424 731 473 virtutis,
764 438 984 479 omnisque
1013 421 1280 478 praestantiae,
1311 432 1401 462 tum
1435 424 1565 463 maxi-

139 498 234 523 mus
270 482 444 544 capitur,
481 495 576 521 cum
611 480 650 520 in
691 480 937 545 proximum
966 492 1176 534 quemque
1216 478 1444 518 confertur.
1506 480 1566 519 Ut
1580 475 1650 521 20

139 539 275 601 igitur
292 553 332 588 n,
352 552 421 592 qui
444 547 542 577 sunt
562 537 603 577 in
624 537 818 577 amicitiae
843 535 1236 591 conjunctionisque
1264 534 1625 599 necessitudine71

141 609 388 649 superioreS,
414 607 631 648 exa-quare
663 607 706 633 se
738 607 833 634 cum
866 592 1129 633 inferioribus
1160 591 1342 632 debent.
1375 591 1432 631 sic
1464 591 1566 630 inle-

139 650 268 691 riores
290 664 372 690 non
404 649 559 700 dolere,
581 664 623 690 se
643 664 667 690 a
687 649 770 690 suis
791 658 864 690 aut
893 649 1077 704 ingenio,
1100 656 1172 688 aut
1199 647 1380 696 fortuna,
1402 657 1475 688 aut
1505 646 1569 686 di-

138 707 302 762 gnitate
322 707 520 761 superari.
541 720 721 762 quorum
743 706 929 761 plerique
949 714 1020 746 aut
1044 714 1275 768 queruntur
1299 718 1462 759 semper
1492 702 1569 743 ali-

141 763 258 818 quid,
279 772 350 804 aut
375 763 500 803 etiarn
524 762 806 817 exprobrant:
838 776 971 817 eoque
997 762 1148 816 rriagiS,
1171 774 1204 801 si
1235 761 1315 800 hal
1319 775 1386 800 ere
1417 774 1462 800 sc
1492 774 1570 814 pu-

142 828 247 870 tant,
268 819 381 875 quod
413 819 611 869 officiose,
633 827 676 859 et
698 818 844 868 amice,
867 827 909 858 et
930 832 1027 858 cum
1059 817 1202 858 labore
1231 816 1372 872 aliquo
1404 831 1480 857 suo
1511 817 1573 857 fa-

140 885 254 916 ctum
288 884 442 931 queant
474 874 624 916 dicere.
684 874 890 916 Odiosum
923 889 1018 915 sane
1050 888 1190 938 genus·
1212 874 1449 923 hominum,
1480 872 1571 913 offi-

141 932 206 972 cia
235 932 602 987 exprobrantium:
635 946 729 986 quae
761 931 1000 972 meminisse
1027 931 1152 971 debet
1181 930 1229 979 is,
1258 930 1299 970 in
1329 944 1450 985 quen}
1484 929 1573 970 col-

142 987 228 1030 lata
248 998 360 1038 sunt,
383 1003 464 1029 non
490 1002 838 1038 commemorare,
860 988 931 1043 qui
951 987 1144 1028 eontulit.
1203 987 1493 1029 Ouamobrem
1523 993 1571 1026 ut
1582 992 1633 1034 72

142 1044 185 1094 ii,
215 1046 285 1101 qui
313 1045 547 1101 superiores
581 1054 692 1092 sunt,
724 1045 986 1085 summittere
1019 1058 1062 1085 se
1095 1044 1248 1084 debent
1284 1044 1323 1083 in
1357 1042 1570 1084 amicitia:

143 1101 202 1142 sic
238 1101 422 1157 quodam
462 1101 591 1142 modo
621 1101 836 1141 inferiores
867 1100 1079 1141 extollere.
1116 1109 1213 1141 sunt
1243 1100 1352 1140 enim
1386 1098 1573 1155 quidam,

143 1158 215 1213 qui
236 1157 433 1199 molestas
453 1157 655 1198 amicitias
678 1157 856 1205 faciunt,
878 1171 974 1197 cum
996 1157 1073 1212 ipsi
1096 1172 1138 1197 se
1160 1156 1372 1196 contemni
1395 1164 1574 1210 putant:

143 1214 258 1270 quod
279 1228 361 1255 non
383 1214 469 1254 fere
489 1213 712 1269 contingit,
734 1213 814 1254 nisi
831 1213 895 1264 iis,
917 1213 989 1268 qui
1016 1213 1141 1253 etiam
1172 1212 1502 1253 contemnendos
1532 1225 1575 1252 se

143 1270 424 1321 arbitrantur3
457 1270 528 1326 qui
559 1248 663 1311 hacD
669 1270 864 1325 opinione
895 1284 980 1310 non
1009 1269 1139 1310 modo
1166 1269 1314 1319 verbis,
1344 1269 1416 1310 sed
1446 1268 1572 1309 etiam

144 1341 272 1382 opere
293 1326 455 1367 levandi
476 1337 588 1368 sunt.
644 1328 830 1367 Tantum
849 1335 990 1366 autem
1010 1326 1163 1382 cuique
1183 1325 1469 1390 tribuendum,
1489 1324 1574 1380 pri·
1585 1333 1633 1375 73

145 1398 279 1434 mum,
300 1392 502 1439 quantum
533 1383 620 1438 ipse
647 1383 808 1424 efficere
838 1383 998 1438 possis:
1028 1382 1179 1423 deinde
1204 1382 1346 1432 etiam,
1367 1392 1615 1456 quantump·
1633 1389 1703 1414 110·

146 1439 230 1490 ille,
250 1454 389 1505 ’quem
426 1439 591 1495 diligas,
622 1449 748 1496 atque
787 1440 971 1495 adjuves,
1002 1440 1218 1480 sustinere.
1258 1453 1340 1479 non
1376 1439 1487 1478 enim
1527 1435 1603 1478 tua

147 1496 298 1551 possis,
319 1505 359 1531 49
373 1497 640 1552 quantumvis
669 1496 862 1546 excellas,
888 1510 1035 1536 ornnes
1064 1504 1160 1536 tuos
1191 1494 1244 1535 ad
1274 1495 1454 1536 honores
1486 1509 1576 1535 am-

146 1553 355 1607 plissimos
377 1562 416 1585 ⁵0
429 1552 686 1608 perducere:
719 1563 766 1593 ut
788 1552 930 1607 Scipio
954 1554 996 1593 P.
1025 1551 1227 1592 Rutilium
1258 1551 1399 1607 potuit
1423 1566 1578 1593 consu-

146 1609 227 1650 lem
246 1609 423 1660 efficere,
444 1610 612 1651 fratrem
634 1609 726 1666 ejus
748 1609 927 1650 Lucium
953 1624 1036 1649 non
1068 1609 1220 1663 potuit.
1241 1608 1357 1664 quod
1386 1608 1420 1649 si
1450 1607 1578 1649 etiam

147 1666 282 1721 possis
304 1666 464 1731 quidvis
492 1666 654 1707 deferre
673 1665 725 1707 ad
755 1665 949 1716 alterum,
971 1664 1197 1705 videndum
1217 1673 1280 1705 est
1300 1674 1455 1714 tamen,
1477 1663 1580 1720 quid

147 1722 219 1764 ille
256 1723 389 1778 possit
428 1723 647 1764 sustinere.
708 1721 894 1763 Omnino
926 1721 1136 1771 amicitiae,
1171 1721 1454 1762 corroboratis
1487 1723 1577 1777 jam
1591 1726 1644 1770 74

149 1779 490 1843 confirmatisque
511 1786 554 1819 et
573 1778 764 1834 ingeniis,
784 1787 826 1818 et
848 1778 1057 1828 aetatibus,
1070 1776 1313 1842 judicandae
1333 1788 1456 1819 sunt.
1489 1792 1580 1828 nec,

150 1851 184 1876 Sl
213 1851 285 1891 qui
315 1835 485 1877 ineunte
517 1844 639 1876 aetate
659 1834 850 1885 venandi,
873 1843 946 1875 aut
975 1835 1072 1890 pilae
1103 1833 1279 1875 studiosi
1310 1834 1478 1885 fuerint,
1508 1848 1582 1875 eos

149 1891 304 1933 habere
325 1892 578 1934 necessarios
600 1900 784 1947 oportet,
803 1905 910 1947 quos
932 1900 1021 1932 tum
1042 1890 1192 1932 eodem
1212 1890 1351 1932 studio
1381 1890 1582 1946 praeditos

149 1948 399 1990 dilexerunt.
419 1949 500 1989 isto
523 1948 635 1989 enim
657 1948 788 1989 modo
810 1948 1007 1998 nutrices,
1027 1957 1070 1988 et
1098 1947 1326 2002 paedagogi
1350 1947 1446 2003 jure
1465 1955 1583 1988 vetu-

150 2004 270 2046 statis
303 2005 532 2060 plurimum
570 2004 868 2046 benevolentiae
907 2004 1208 2059 postulabunt:
1240 2004 1312 2059 qui
1343 2003 1585 2059 negligendi

152 2061 325 2126 quidem
355 2077 437 2102 non
469 2069 579 2112 sunt,
603 2070 637 2093 ⁵1
660 2061 732 2102 sed
757 2060 840 2101 alio
871 2060 1056 2116 quodam
1088 2060 1218 2101 modo
1239 2059 1433 2101 colendi:
1466 2060 1585 2101 aliter

151 2117 348 2159 amicitiae
384 2118 555 2159 stabiles
589 2132 831 2173 permanere
865 2132 948 2158 non
988 2125 1178 2172 possunt.
1236 2116 1437 2170 Dispares
1473 2116 1586 2158 enim

152 2189 308 2225 mores,
331 2174 511 2239 disparia
531 2175 668 2216 studia
690 2182 937 2238 sequuntur,
957 2188 1137 2229 quorum
1170 2173 1470 2214 dissimilitudo
1500 2172 1585 2214 dis-

152 2231 288 2272 sociat
316 2231 549 2272 amicitias·
585 2246 661 2272 nec
691 2231 748 2272 ob
779 2230 903 2272 aliam
933 2245 1102 2271 causam
1133 2229 1264 2271 ullam
1295 2229 1396 2270 boni
1427 2229 1589 2285 impro-

153 2287 234 2338 bis,
259 2287 442 2343 improbi
468 2288 590 2328 bonis
618 2287 741 2328 amici
770 2301 862 2327 esse
892 2301 975 2327 non
1005 2296 1198 2342 possunt,
1219 2286 1298 2327 nisi
1326 2285 1442 2342 quod
1471 2295 1589 2327 tanta

155 2352 219 2385 est
239 2344 347 2386 inter
373 2357 461 2396 eos,
484 2353 522 2376 ⁵2
539 2353 696 2401 quanta
718 2343 901 2384 maxima
932 2353 1073 2399 potest
1098 2357 1203 2394 esse,
1223 2357 1392 2384 morum
1423 2342 1587 2385 studio-

200 2486 241 2512 49
264 2480 451 2521 quantumvis
469 2479 536 2510 licet
559 2478 698 2520 excellas]
718 2478 785 2508 licet
806 2489 851 2509 re·
892 2479 1084 2518 quibusdam
1112 2477 1198 2509 libris
1229 2478 1339 2508 abfuit.
1371 2479 1456 2509 unde
1481 2477 1588 2509 delen-

156 2523 290 2560 dunda't‚
311 2522 453 2561 mihique
472 2523 651 2554 tollendum
666 2524 772 2553 visum
793 2529 850 2553 est.
893 2524 972 2553 dum
989 2528 1136 2561 putavere
1151 2522 1252 2552 Aldus
1268 2529 1299 2551 et
1314 2521 1470 2557 Graevius,
1486 2522 1540 2560 qui
1558 2527 1590 2552 et

157 2566 234 2605 quia
255 2568 362 2597 abesse
386 2568 481 2605 reperi
511 2567 589 2597 Mss.
613 2566 727 2596 Salisb.
750 2566 849 2596 Goth.
892 2565 1018 2595 delevit.
1033 2574 1108 2595 sane
1123 2564 1230 2594 colendi
1246 2572 1346 2603 potest
1360 2564 1490 2603 intelligi
1507 2574 1590 2594 enon
1612 2571 1614 2573 ·

157 2609 269 2639 delevi.
893 2607 1056 2647 negligendi
1070 2619 1077 2637 z
1109 2617 1168 2638 nec
1198 2615 1305 2638 tamen
1332 2617 1427 2639 ausus
1454 2616 1529 2637 sum
1559 2606 1591 2638 id

204 2659 243 2682 50
259 2648 427 2692 perducere]
443 2651 508 2680 Viri
523 2652 605 2682 docti
617 2652 777 2691 corrigunt
782 2657 852 2690 pro·
894 2651 1020 2681 imitari.

159 2695 272 2731 ducere,
287 2694 372 2733 quod
392 2700 423 2723 et
439 2695 471 2724 in
489 2693 551 2724 Ms.
568 2695 677 2733 reperit
691 2702 723 2724 et
737 2695 854 2733 recepit
939 2701 977 2724 52
1002 2699 1112 2733 quanta
1126 2693 1256 2722 maxima
1274 2698 1305 2730 p.
1319 2703 1343 2721 e.
1361 2701 1469 2720 morum
1484 2691 1592 2721 studio-

162 2737 316 2767 Graevius.
361 2736 414 2767 Est
436 2745 511 2766 sane
525 2737 659 2767 verbum
681 2738 714 2767 in
737 2737 798 2767 hac
821 2747 853 2767 re
896 2747 1016 2777 rumque
1030 2735 1183 2774 distantia]
1210 2735 1330 2765 Durius
1346 2734 1427 2764 mihi
1443 2735 1504 2763 hoc
1520 2734 1592 2765 loco

160 2781 314 2812 usitatum
329 2780 473 2811 Ciceroni
489 2791 496 2808 τ
520 2789 579 2809 nee
594 2786 701 2810 tamen
716 2780 853 2810 alterurn
895 2779 979 2809 dicta
1001 2788 1067 2809 esse
1084 2779 1207 2808 videtur
1221 2777 1374 2807 distantia.
1393 2786 1518 2816 semper
1537 2787 1592 2807 su-

155 2823 311 2863 perducere
325 2822 366 2851 ad
378 2823 490 2852 honores
505 2829 551 2855 est
565 2824 852 2853 contemnendum.
893 2822 1032 2861 spicatus
1055 2831 1141 2857 sum,
1165 2821 1337 2859 legendum
1360 2829 1425 2850 esse
1444 2819 1589 2855 dissensio.

206 2873 244 2897 51
269 2865 318 2896 sed
338 2864 395 2896 alio
418 2877 448 2908 q.
470 2865 548 2895 modo
567 2864 688 2905 colendi]
708 2864 817 2896 colendi
837 2875 856 2896 a
897 2874 963 2905 quo
976 2864 1073 2896 verbo
1088 2864 1199 2895 Cicero
1213 2864 1246 2893 in
1261 2863 1322 2894 hac
1337 2871 1369 2894 re
1384 2862 1429 2893 uti
1445 2862 1534 2894 solet.
