1844 3202
551 84 738 144 LIBER
767 103 1008 143 PRIMUS.
1423 107 1503 155 629

75 218 179 259 tenti
209 215 316 258 deo:
347 223 395 257 ut
417 214 508 272 jam
539 214 752 255 universus
779 212 847 254 hic
875 211 1073 261 munduS,
1100 225 1183 252 una
1209 212 1349 254 civitas
1379 229 1499 256 com-

79 274 216 315 munis
249 272 421 313 deorum
457 280 583 327 atque
614 269 833 311 hominum
866 267 1152 319 existimanda,
1182 275 1221 299 32
1238 277 1280 309 et
1313 271 1427 324 quod
1458 271 1500 312 in

79 329 314 371 civitatibus
353 328 512 369 ratione
553 327 750 382 quadam,
789 325 840 366 de
876 339 958 380 qua
995 324 1157 365 dicetur
1195 324 1348 365 idoneo
1389 326 1500 377 loco,

76 385 372 440 agnationibus
405 384 655 425 familiarum
691 382 1007 437 distinguuntur
1035 389 1180 431 status,
1212 381 1254 421 id
1290 381 1332 420 in
1363 394 1500 423 rerum

78 450 225 482 natura
263 449 380 481 tanto
420 450 484 481 est
526 439 875 495 magnificentius,
909 446 1109 493 tantoque
1144 437 1410 492 praeclarius3
1455 447 1502 479 ut

76 496 269 538 homines
300 497 474 538 deorum
507 496 731 552 agnatione
755 505 797 535 et
823 504 949 549 gente
974 502 1203 535 teneantur.
1263 495 1375 534 Nam
1403 487 1546 535 cumS

15 558 22 565 ‘
77 561 116 586 ³3
133 553 184 594 de
203 562 350 594 natura
370 553 484 594 omni
504 553 716 608 quaeritur,
738 550 939 606 disputari
960 550 1067 591 solet
1090 553 1149 604 (et
1168 550 1365 591 nimirum
1388 557 1426 581 3⁴
1444 551 1502 591 ita
1513 560 1562 592 24

78 620 190 660 sunt,
228 619 274 650 ut
307 609 588 664 disputantur)
626 608 838 664 perpetuis
869 607 1072 658 cursibus,
1106 614 1144 638 3⁵
1162 606 1502 648 conversionibus

77 666 317 707 coelestibus
349 666 556 707 exstitisse
591 664 799 720 quandam
832 663 1113 704 maturitatem
1148 663 1307 704 serendi
1339 663 1505 718 generis

78 721 280 763 humani:
323 722 437 778 quod
472 736 659 777 sparsum
693 721 734 761 in
763 730 890 761 terras
921 730 1046 775 atque
1078 728 1231 770 satum,
1259 719 1397 761 divino
1430 735 1504 760 au-

78 786 195 819 ctum
227 779 280 819 sit
309 779 544 819 animorum
575 790 761 818 munere.
792 791 974 832 cumque
1005 776 1097 827 alia,
1124 783 1163 808 36
1183 776 1335 831 quibus
1366 776 1507 817 cohae—

77 843 171 876 rent
191 834 396 884 homines,
413 849 436 875 e
456 834 624 875 mortali
644 848 798 889 genere
819 833 1054 883 sumserint,
1073 847 1166 888 quae
1187 832 1351 887 fragilia
1370 841 1507 874 essent

78 900 122 932 et
149 891 308 932 caduca
321 907 332 941 ;
366 891 551 932 animum
579 900 719 931 tamen
744 903 832 930 esse
854 889 1143 944 ingeneratum
1166 904 1191 930 a
1211 889 1291 930 deo
1310 906 1319 930 ε
1352 904 1402 930 ex
1422 904 1508 945 quo

77 961 172 988 vere
192 948 256 988 vel
285 947 455 1003 agnatio
482 947 605 988 nobis
630 961 726 987 cum
753 946 1010 996 coelestibus,
1030 945 1092 987 vel
1121 960 1271 1001 genus,
1291 946 1353 986 vel
1384 947 1508 1001 stirps

80 1004 279 1060 appellari
299 1012 451 1059 potest.
474 1003 614 1059 itaque
635 1018 686 1044 ex
711 1011 774 1044 tot
802 1002 1026 1058 generibus
1058 1003 1218 1043 nullum
1248 1013 1311 1043 est
1338 1002 1508 1054 animal,

81 1069 232 1116 praeter
261 1060 492 1111 hominem,
514 1059 629 1116 quod
659 1059 812 1100 habeat
833 1059 1021 1100 notitiam
1047 1059 1231 1114 aliquam
1260 1059 1355 1100 dei:
1387 1059 1508 1114 ipsis-

80 1131 162 1171 que
197 1117 238 1157 in
280 1117 518 1157 hominibus
552 1116 666 1157 nulla
695 1130 800 1171 gens
835 1124 898 1156 est
929 1129 1064 1170 neque
1093 1125 1179 1156 tam
1215 1116 1634 1165 immansueta,p.161.

81 1187 215 1228 neque
243 1182 329 1213 tam
358 1173 458 1222 fera,
486 1187 579 1227 quae
609 1187 708 1222 non,
739 1172 863 1211 etiam
891 1172 924 1212 si
949 1171 1128 1226 ignoret,
1157 1171 1324 1226 qualem
1352 1171 1547 1213 haberea·

80 1228 207 1270 deum
228 1228 386 1278 deceat,
406 1237 547 1269 tamen
567 1227 808 1269 habendum
831 1227 947 1268 sciat.
1008 1229 1069 1267 Ex
1090 1242 1174 1282 quo
1194 1227 1372 1268 efficitur
1390 1228 1508 1280 illud,
1521 1244 1570 1275 25

80 1292 130 1326 ut
156 1285 190 1326 is
222 1293 426 1340 agnoscat
454 1285 612 1335 Deum,
634 1284 720 1340 qui,
741 1283 852 1324 unde
879 1293 995 1325 ortus
1017 1283 1084 1333 sit,
1106 1283 1224 1339 quasi
1254 1284 1509 1336 recordetur,

82 1356 131 1382 ac
151 1350 311 1382 noscat.
368 1342 463 1382 Jam
496 1355 590 1381 vero
615 1341 743 1381 virtus
773 1339 919 1381 eadem
952 1340 992 1380 in
1025 1340 1211 1390 homine,
1241 1355 1289 1381 ac
1318 1340 1399 1382 deo
1432 1351 1509 1392 est,

83 1412 220 1454 neque
239 1397 328 1440 ullo
349 1398 432 1438 alio
452 1397 622 1453 ingenio
643 1405 857 1452 praeterea.
876 1406 938 1438 est
955 1405 1096 1437 autem
1110 1396 1238 1437 virtus
1261 1397 1363 1438 nihil
1382 1398 1511 1449 aliud,

82 1469 210 1510 quam
235 1455 277 1495 in
299 1469 343 1495 se
363 1454 549 1510 perfecta
569 1463 611 1495 et
632 1453 684 1494 ad
714 1468 927 1494 summum
948 1452 1149 1508 perducta
1168 1462 1330 1494 natura.
1348 1463 1410 1506 est
1429 1454 1511 1510 igi-

81 1519 151 1552 tur
184 1511 346 1552 homini
381 1525 477 1552 cum
511 1510 592 1552 deo
626 1510 872 1551 similitudo.
929 1509 1060 1566 Quod
1090 1525 1188 1551 cum
1221 1511 1279 1551 ita
1312 1510 1386 1562 sit‚:
1416 1526 1510 1566 quae

80 1567 252 1608 tandem
287 1575 325 1605 37
343 1576 485 1623 potest
523 1581 612 1608 esse
651 1566 822 1622 propior
853 1568 1055 1608 certiorve
1088 1567 1319 1622 cognatio?
1362 1556 1511 1623 ltaque

81 1623 136 1665 ad
166 1624 741 1665 hominumcommoditates
770 1632 813 1664 et
843 1639 956 1674 usus,
984 1632 1145 1664 tantam
1175 1638 1313 1664 rerum
1344 1624 1514 1665 uberta-

81 1689 167 1721 tem
190 1690 337 1722 natura
353 1681 507 1735 largita
525 1690 601 1732 est,
620 1689 667 1721 ut
686 1695 750 1729 ea,
767 1695 859 1735 quae
880 1680 1128 1735 gignuntur,
1146 1679 1301 1720 donata
1318 1680 1512 1722 consulto

84 1736 220 1789 nobis,
242 1752 325 1778 non
354 1737 529 1778 fortuito
560 1746 658 1778 nata
677 1736 917 1779 videantur:
950 1751 1026 1777 nec
1054 1737 1191 1778 solum
1219 1751 1281 1787 ea,
1304 1752 1397 1792 quae
1425 1737 1514 1778 fru-

83 1792 208 1848 gibus
228 1803 354 1849 atque
378 1794 517 1834 baccis
547 1803 668 1834 terrae
695 1794 802 1834 foetu
834 1793 1159 1847 profunduntur,
1183 1793 1255 1834 sed
1283 1794 1410 1834 etiam
1438 1808 1512 1849 pe-

86 1849 215 1890 cudes
234 1867 243 1891 :
275 1857 313 1883 38
332 1849 446 1904 quod
477 1850 746 1905 perspicuum
768 1849 834 1899 sit,
855 1850 1005 1904 partim
1028 1864 1118 1890 esse
1138 1849 1192 1890 ad
1219 1865 1343 1891 usum
1372 1849 1513 1891 homi-

86 1920 203 1956 nuni,
232 1907 383 1962 partim
410 1905 464 1946 ad
494 1906 694 1956 fructum,
722 1906 872 1961 partim
902 1906 955 1947 ad
976 1905 1229 1946 vescendum
1258 1916 1512 1961 procreatas.

85 1962 213 2003 Artes
252 1977 350 2004 vero
388 1962 710 2003 innumerabiles
750 1970 922 2017 repertae
970 1972 1081 2012 sunt,
1125 1962 1303 2003 docente
1348 1971 1510 2004 natura.
1525 1956 1577 1993 26

85 2033 212 2074 quam
237 2019 399 2061 imitata
427 2019 547 2072 ratio,
567 2034 630 2059 res
657 2018 711 2059 ad
730 2019 855 2059 vitam
885 2019 1135 2059 necessarias
1157 2019 1345 2060 sollerter
1363 2034 1512 2060 conse-

85 2083 185 2116 cuta
204 2084 281 2116 est.
342 2076 487 2131 Ipsum
522 2085 662 2116 autem
688 2075 905 2116 hominem
933 2075 1079 2116 eadem
1105 2084 1252 2116 natura
1271 2090 1354 2116 non
1374 2076 1562 2137 solum9

86 2131 299 2173 celeritate
326 2132 477 2172 mentis
503 2132 678 2183 ornavit,
698 2132 771 2173 sed
799 2132 924 2172 etiam
953 2147 1111 2182 sensus,
1139 2141 1355 2188 tamquam
1387 2133 1514 2174 sate]-

84 2187 180 2230 lites
210 2188 417 2239 attribuit,
449 2202 497 2229 ac
528 2189 721 2230 nuntios:
762 2198 806 2231 et
832 2196 872 2223 39
889 2203 1027 2230 rerum
1055 2188 1330 2244 plurimarum
1359 2189 1513 2231 obscu-

131 2325 170 2350 32
194 2326 222 2349 et
237 2320 313 2362 qu'od
326 2319 355 2348 in
371 2318 543 2349 civitatibus
560 2318 633 2359 δια]
661 2320 698 2350 In
719 2320 781 2350 hoc
868 2326 905 2355 37
925 2326 1020 2360 potest
1042 2330 1096 2349 esse
1114 2317 1244 2360 propior]
1274 2320 1326 2350 Sic
1348 2319 1417 2350 edd.
1444 2327 1516 2350 vett.

87 2361 159 2392 loco
181 2372 246 2393 non
269 2364 406 2393 cohaeret
424 2363 534 2400 oratio,
557 2369 697 2403 putoque
717 2373 782 2393 esse
824 2364 971 2403 quaedam
982 2366 1076 2402 prior,
1094 2368 1130 2392 ut
1148 2370 1179 2393 et
1201 2363 1264 2393 Ms.
1284 2362 1391 2392 Guelf.
1411 2370 1441 2392 et
1464 2363 1517 2394 alii

89 2405 252 2436 vitiosum.
824 2407 908 2446 apud
923 2406 1091 2436 Davisium
1104 2405 1233 2436 habent.
1245 2416 1286 2436 ex
1297 2412 1430 2444 utraque
1441 2415 1518 2437 con-

133 2453 172 2478 33
196 2447 230 2476 de
258 2455 365 2478 natura
393 2448 480 2487 omni]
513 2449 670 2479 Victorius
699 2449 783 2479 dedit
825 2450 896 2480 fusa
925 2450 1047 2479 factum
1070 2454 1116 2478 est
1145 2449 1178 2479 in
1208 2449 1432 2479 recentioribus
1450 2456 1518 2488 pro-

89 2489 222 2527 hominis,
238 2492 323 2530 quod
341 2492 488 2522 Davisius
503 2499 630 2523 secutus
645 2498 701 2522 est.
717 2501 783 2522 non
820 2492 919 2532 prior:
941 2493 1026 2532 quod
1041 2498 1087 2521 est
1102 2492 1267 2522 manifeste
1280 2493 1443 2528 vitiosum,
1460 2501 1519 2522 nee

90 2533 225 2564 absurda
253 2541 299 2564 est
325 2534 395 2564 haec
423 2534 528 2573 lectio,
552 2537 605 2566 sed
634 2535 784 2566 correctio
826 2537 915 2566 enim
929 2542 976 2565 est
995 2535 1144 2566 latinum.
1181 2535 1247 2574 Ego
1256 2534 1374 2574 propior
1389 2535 1518 2565 servavi.

92 2585 159 2606 non
174 2583 220 2607 est
234 2578 417 2607 necessaria,
440 2579 476 2608 In
493 2585 614 2609 naturae
628 2578 783 2609 universae
869 2585 909 2609 38
932 2577 1009 2620 quod
1023 2577 1205 2617 perspicuum
1228 2577 1278 2617 sit]
1310 2578 1390 2608 Puto
1413 2578 1518 2616 legen-

90 2619 299 2658 explicatione
321 2620 417 2650 etiam
438 2622 525 2660 origo
555 2622 695 2652 hominis
723 2628 783 2652 tra-
826 2622 918 2659 dum,
936 2633 989 2663 quo
998 2626 1096 2660 persp.
1099 2621 1155 2660 fit.

93 2661 187 2701 ditur.
869 2671 910 2697 39
933 2675 1027 2694 rerum
1051 2663 1247 2702 plurimarum
1269 2662 1448 2698 obscurarum
1471 2673 1520 2691 ne-

136 2710 176 2734 34
199 2704 242 2734 ita
256 2703 333 2744 sunt]
350 2705 432 2735 Libri
447 2706 577 2744 quidam
590 2707 658 2744 ista,
669 2708 722 2738 sed
737 2707 783 2738 nil
827 2706 963 2737 cessarias
980 2706 1184 2745 intelligentias
1201 2703 1355 2744 enudavit]
1377 2705 1427 2734 Sic
1450 2706 1519 2736 edd.

94 2747 199 2789 refert,
214 2754 286 2778 utro
302 2750 397 2778 modo
412 2748 506 2787 legas.
827 2756 902 2780 vett.
918 2750 1058 2789 itemque
1074 2749 1153 2779 Mss.
1169 2748 1285 2789 plures,
1302 2753 1337 2777 ut
1353 2748 1459 2778 Guelf.
1475 2755 1522 2778 at-

92 2796 101 2811 '—
139 2795 178 2820 35
202 2790 440 2830 conversionibus]
459 2792 640 2823 Addiderim
653 2804 717 2836 que.
826 2802 889 2832 que
913 2793 944 2823 id
972 2793 1163 2822 servandum
1185 2798 1272 2831 put0.
1316 2790 1521 2831 ConJecturas

138 2837 179 2868 336
201 2833 302 2875 quibus
316 2833 473 2876 coba-rent]
490 2844 520 2866 v.
536 2834 624 2868 Clav.
827 2835 927 2871 varias
940 2844 1127 2868 enumerare
1142 2844 1208 2867 non
1223 2833 1323 2867 rerem
