1844 3202
629 109 1046 149 CONSOLATIO.
1454 119 1550 152 1003

125 218 266 269 Liber,
292 219 437 260 fratres
462 218 728 274 Tyndaridae,
751 226 793 258 ct
820 217 999 258 faeminae
1031 218 1236 272 plurimae,
1265 219 1417 274 quibus
1443 235 1553 262 nunc

124 274 231 316 inter
251 275 352 316 deos
375 275 491 316 locus
512 289 600 315 esse
628 275 864 329 praecipuus
890 273 1089 323 creditur,
1110 284 1152 314 et
1184 274 1422 317 hominibus
1454 277 1554 336 nati,

125 340 166 370 et
199 331 389 372 homines
420 331 602 371 fuerunt.
663 330 760 381 Sed,
789 330 903 385 quod
926 329 1074 370 virtute
1104 331 1402 384 praestiterunt,
1430 343 1486 382 et,
1509 343 1555 374 ut

124 388 272 428 ceteris
293 387 344 428 ad
373 396 483 428 recte
507 386 739 437 vivendum,
770 388 961 441 beneque
991 386 1235 426 merendum
1267 388 1555 441 praelucerent,

125 442 430 493 laboraverunt,
451 442 546 484 ideo
567 457 640 484 cos
666 443 885 484 hominum
908 443 1033 492 fama,
1053 442 1350 483 beneficiorum
1379 459 1556 495 memor,

126 498 168 539 in
199 513 411 548 consessu,
442 499 705 554 concilioque
739 499 975 540 coelestium
1006 499 1241 540 collocavit.
1275 509 1399 554 atque
1430 500 1557 553 ipsos,

126 570 233 610 quos
258 569 455 596 vocamus
484 556 689 610 majorum
721 556 913 610 gentium
942 555 1058 604 deos,
1083 555 1270 610 aliosque
1298 557 1559 610 quampluri-

125 626 233 662 mos,
264 626 371 666 quos
406 612 448 652 in
488 611 661 652 deorum
703 625 925 652 numerum
967 611 1199 663 retulimus,
1238 611 1334 652 hinc
1373 627 1399 653 a
1438 612 1557 657 nobis

125 681 330 721 egressos,
351 677 392 708 et
423 668 464 708 in
494 667 650 708 coelum
681 669 906 723 profecto&
929 667 1175 709 facillimum
1207 667 1286 708 erit
1314 682 1556 722 agnoscere.

125 723 362 764 Maximum
386 738 481 765 vero
502 733 801 778 argumentum
834 733 911 774 est,
933 723 1047 779 quod
1078 724 1129 765 de
1159 724 1239 764 illis
1269 725 1492 774 credimus,
1515 725 1559 767 id

124 794 214 821 esse
243 780 519 830 verissimum,
552 780 666 834 quod
700 789 741 821 et
778 789 919 820 tantus
958 790 1022 820 tot
1060 780 1326 830 saeculorum,
1364 781 1558 822 doctissi-

123 851 378 891 morumque
413 836 632 877 hominum
666 851 909 886 consenSUS,
940 836 1122 878 veritatis
1154 851 1231 877 vox
1261 837 1352 892 ipsa
1380 851 1470 878 esse
1500 838 1557 879 vi-

125 893 263 944 detur,
285 902 327 933 et
346 892 461 948 quod
491 903 634 943 tantae,
656 903 826 948 tamque
853 892 1062 947 praeclarae
1084 893 1240 944 virtuti,
1272 907 1397 949 quem
1428 894 1557 935 alium

123 963 216 990 vere
243 958 549 1004 congruentem
583 949 725 990 locum
754 950 936 990 tribuere
965 959 1174 1005 oporteat,
1204 964 1287 990 non
1317 964 1414 990 sane
1440 964 1558 1005 repe-

123 1006 217 1046 ries.
240 1005 332 1060 quis
354 1015 417 1046 est
437 1016 579 1047 autem
603 1014 686 1046 tam
721 1006 907 1056 demens,
929 1016 990 1056 ut,
1012 1021 1118 1062 quos
1138 1007 1387 1057 innocentia,
1408 1006 1558 1047 libera-

123 1061 256 1112 litate,
286 1072 328 1102 et
356 1062 558 1126 singulari
589 1062 770 1128 quadam
804 1077 852 1103 ac
881 1063 1093 1117 praecipua
1122 1063 1271 1104 virtute
1304 1062 1382 1103 diis
1419 1064 1559 1117 proxi-

124 1132 217 1158 mos
243 1117 465 1173 intelligat,
486 1119 534 1159 iis
560 1121 798 1175 sejunctum
831 1133 854 1158 a
878 1118 959 1159 diis
985 1118 1252 1159 tribuendum
1286 1119 1426 1159 locum
1459 1133 1557 1159 cen-

124 1175 240 1216 seat?
273 1184 329 1224 et,
365 1189 463 1215 cum
496 1169 679 1216 hominis
714 1176 876 1216 animus
910 1183 1074 1216 terrena
1106 1184 1289 1230 respuat,
1323 1175 1375 1216 ad
1409 1189 1560 1230 supera

124 1245 291 1286 semper
319 1230 503 1272 feratur:
534 1232 604 1295 qui
635 1246 718 1273 non
750 1231 887 1272 solum
918 1231 1048 1273 tacito
1078 1241 1238 1272 naturae
1264 1231 1466 1287 impulsu,
1487 1232 1560 1273 sed

123 1287 350 1337 voluntate,
383 1302 510 1352 reque
543 1288 645 1342 ipsa,
677 1298 724 1329 ut
757 1302 882 1343 quam
915 1287 1095 1328 maxime
1127 1287 1369 1329 coelestibus
1401 1288 1557 1329 similes

124 1353 278 1394 essent,
301 1344 598 1399 praestiterunt,
619 1359 691 1385 eos
719 1344 915 1384 licebitne
945 1344 1050 1384 caelo
1081 1358 1171 1385 esse
1201 1345 1411 1399 priv?atos
1446 1344 1560 1386 Mihi

124 1414 220 1440 vero
241 1414 293 1441 eo
306 1400 465 1456 justius
486 1401 528 1440 in
550 1401 660 1441 coelo
684 1401 880 1441 collocati
901 1400 1106 1450 videntur,
1123 1414 1210 1456 quo
1234 1401 1385 1442 clarior
1410 1415 1559 1442 eorum

124 1456 232 1497 inter
268 1456 460 1498 homines
494 1457 557 1497 vel
590 1457 721 1498 eluxit
759 1456 1001 1506 liberalitas,
1034 1456 1098 1497 vel
1129 1457 1257 1498 virtus
1291 1458 1428 1498 nituit.
1463 1458 1559 1513 quis

123 1513 233 1554 enim
267 1513 453 1554 Hercule
483 1514 656 1554 fortior?
690 1513 784 1569 quis
804 1513 1081 1568 prudentior.
1072 1527 1082 1544 f
1116 1513 1189 1568 qui
1215 1513 1268 1554 ab
1294 1513 1409 1554 omni
1438 1514 1557 1570 cupi-

124 1568 257 1610 ditate
295 1570 523 1610 remotior?
571 1584 678 1624 quos
715 1570 785 1610 ille
823 1569 1003 1619 labores,
1040 1578 1087 1610 ut
1121 1569 1287 1611 fortiter
1324 1581 1480 1625 ageret,
1516 1579 1560 1611 et

126 1625 370 1666 hominibus
408 1625 640 1680 prodesset,
677 1626 874 1680 suscepit,
909 1634 952 1666 et
985 1626 1189 1680 pertulit?
1232 1634 1307 1667 aut
1341 1626 1442 1681 quid
1474 1641 1561 1667 non.

126 1681 284 1722 doloris
305 1691 345 1722 et
365 1682 614 1722 calamitatis
634 1681 858 1723 exhausit?
892 1682 1000 1745 quis·
1007 1696 1111 1737 ergo
1131 1682 1244 1723 hunc
1273 1684 1383 1723 coelo
1415 1683 1558 1723 exclu-

125 1737 170 1779 di
207 1738 404 1792 patiatur,
433 1752 529 1779 cum
567 1739 656 1802 ejus
695 1738 836 1779 virtuti
870 1738 1122 1794 sempiterna
1157 1739 1308 1794 gloria,
1346 1748 1389 1779 et
1423 1739 1559 1781 laudis

124 1794 309 1850 patuerit
350 1794 676 1835 immortalitas?
714 1795 946 1859 eademque
981 1804 1216 1836 ceterorum
1249 1795 1436 1837 conditio
1466 1805 1558 1837 est:

125 1865 307 1906 quorum
336 1850 443 1891 alius
462 1851 546 1892 alio
566 1865 721 1906 genere
744 1852 918 1901 virtutis,
949 1866 1096 1891 omnes
1126 1852 1317 1916 summis,
1337 1861 1379 1892 et
1411 1852 1559 1916 singu-

124 1907 282 1948 laribus
309 1907 370 1948 vel
403 1907 444 1948 in
474 1908 588 1962 ipsos
621 1907 737 1972 deos,
769 1908 829 1948 vel
862 1908 903 1948 in
937 1907 1132 1948 homines
1162 1909 1321 1949 meritis
1352 1910 1559 1963 praestite-

125 1972 235 2004 runt.
254 1963 398 2020 iraque
418 1972 501 2004 tam
524 1964 722 2019 egregiis,
743 1964 987 2019 eximiisque
1007 1964 1128 2005 iactis
1149 1980 1232 2005 non
1253 1964 1397 2005 infixas
1418 1965 1560 2020 plum—

125 2020 183 2062 bo
212 2028 385 2071 statuas,
410 2030 494 2060 non
524 2031 759 2061 arescentes
788 2020 1098 2084 triumphorum
1129 2035 1305 2062 coronas
1337 2021 1435 2062 satis
1466 2021 1561 2062 diu-

125 2084 248 2117 turna
285 2075 516 2131 persolvere
554 2091 678 2131 posse
715 2077 888 2132 praemia
917 2076 1160 2140 judicatum
1189 2086 1267 2128 est,
1299 2077 1372 2118 sed
1410 2078 1561 2119 floren-

125 2132 250 2182 tima,
280 2132 580 2188 stabilioraque
621 2148 794 2174 munera
833 2133 1009 2188 quaesita
1039 2143 1152 2185 sunt,
1183 2135 1334 2198 quibus
1365 2148 1562 2175 ornaren-

125 2197 197 2230 tur
223 2189 266 2240 ii,
288 2189 360 2245 qui
379 2189 590 2239 virtutem,
618 2189 897 2240 honestatem,
926 2189 1121 2246 gloriam,
1152 2190 1256 2241 otio,
1288 2190 1468 2241 libidini,
1489 2205 1562 2230 vo-

127 2244 294 2300 luptati,
323 2246 417 2287 vitae
454 2244 634 2301 denique
675 2246 970 2301 praetulissent.
1002 2255 1173 2302 tamque
1202 2246 1244 2287 id
1285 2262 1453 2302 aequum
1485 2256 1564 2296 est,

126 2316 255 2366 quam
284 2301 389 2343 illud
429 2301 644 2353 decorum,
676 2302 941 2357 maximeque
971 2302 1250 2357 probandum,
1280 2318 1365 2344 non
1394 2299 1563 2344 easdem

126 2357 332 2412 improbis
353 2358 485 2409 sedes,
509 2373 612 2413 quas
634 2358 770 2410 bonis,
791 2368 918 2415 atque
938 2359 1128 2415 integris,
1150 2368 1246 2414 post
1267 2369 1445 2400 mortem
1476 2374 1566 2400 esse

129 2414 379 2470 propositas.
418 2414 714 2456 intellexerunt
751 2416 864 2456 enim
904 2429 955 2456 ex
991 2415 1224 2471 majoribus
1257 2416 1409 2457 nostris
1444 2430 1563 2456 com-

128 2470 284 2533 plures,
303 2471 377 2525 qui
395 2471 595 2527 sapientia
621 2472 921 2536 praestiterunt,
942 2486 1040 2512 cum
1070 2472 1112 2513 in
1144 2471 1222 2513 diis
1253 2472 1427 2527 aequitas
1457 2486 1567 2526 prae·

128 2540 254 2581 clpue
281 2527 434 2582 vigeat,
465 2542 596 2583 eaque
629 2528 670 2568 in
699 2542 844 2569 eorum
876 2528 1182 2592 gubernatione
1212 2537 1409 2583 appareat
1434 2528 1566 2570 maxi-

130 2597 213 2631 me,
243 2582 329 2624 fieri
358 2598 441 2623 non
467 2597 604 2647 posse,
636 2585 738 2640 quin
769 2585 1013 2640 nequitiam,
1045 2585 1284 2648 sceleraque
1313 2594 1566 2635 aversentur,

129 2639 286 2694 quique
311 2653 360 2679 ea
387 2639 429 2679 in
450 2639 529 2680 vita
557 2651 847 2692 exercuerunt,
873 2655 946 2681 eos
977 2656 999 2681 a
1029 2656 1073 2682 se
1097 2641 1176 2695 ipsi
1180 2656 1197 2681 s
1226 2640 1473 2704 longissime
1502 2655 1567 2680 se-

125 2695 326 2750 jungant.
355 2695 506 2759 quod
496 2710 538 2736 in
558 2697 710 2761 vulgus
737 2696 820 2747 edi,
841 2711 1068 2753 verumque
1095 2697 1336 2762 existimari,
1359 2711 1442 2737 non
1474 2711 1569 2738 mo-

132 2751 189 2792 do
219 2751 370 2792 rationi
397 2752 663 2818 conveniens,
685 2752 758 2794 sed
783 2752 886 2794 utile
915 2767 1085 2818 quoque
1116 2753 1158 2792 in
1186 2753 1330 2807 primis
1357 2762 1421 2793 est
1452 2753 1568 2793 futu—

133 2821 242 2849 rum.
270 2822 381 2860 nam,
404 2808 438 2850 si
467 2807 610 2864 quid
601 2824 643 2861 in
675 2809 895 2854 hominum
924 2809 1072 2854 animis
1101 2809 1283 2864 pietatis,
1310 2808 1343 2850 si
1372 2808 1475 2863 quid
1504 2823 1571 2849 re·
