1844 3202
281 116 360 160 972
654 112 712 150 M.
747 113 961 151 TULLII
1002 112 1337 151 CICERONIS

280 233 511 275 numquam
548 220 691 272 etiam,
731 220 765 262 si
804 229 917 262 recte
957 221 1156 276 sapimus,
1196 235 1295 262 cum
1335 220 1562 275 voluptate.
1620 220 1704 262 Sed

280 275 486 332 quidquid
507 276 574 327 sit,
592 286 729 318 totum
748 277 830 318 hoc
851 278 908 318 ita
927 276 1014 318 leve
1033 287 1110 327 est,
1129 277 1268 332 qualia
1287 285 1384 318 sunt
1403 290 1466 327 ea,
1482 292 1575 333 quae
1597 290 1705 332 pun-

279 342 350 373 cto
381 333 582 387 temporis
614 334 732 374 fiunt.
760 348 850 384 nec,
880 334 914 374 si
938 348 1051 374 mors
1083 334 1224 388 paullo
1252 334 1419 389 longior
1449 332 1574 374 alicui
1602 347 1705 374 con-

282 390 433 444 tingat,
456 389 761 444 desperandum
783 400 847 430 est
873 390 926 430 de
946 389 1136 440 deorum,
1157 399 1400 445 naturaeque
1430 389 1707 444 benignitate,

279 446 380 501 quin
411 461 463 487 eo
492 460 662 502 quoque
694 456 882 500 tempore
913 455 1205 509 properantem
1239 460 1262 486 e
1286 446 1368 487 vita
1400 445 1612 487 discedere
1645 446 1709 486 fo-

279 509 413 552 veant,
435 511 562 557 atque
582 503 772 543 allevent
795 501 915 557 cujus
939 502 995 542 rei
1016 502 1058 542 in
1087 501 1361 543 morientibus
1392 502 1619 566 saepissime
1650 501 1706 542 si-

278 573 365 614 gna
384 559 554 599 minime
575 557 703 599 dubia
722 566 974 599 cernuntur·
1003 572 1100 598 cum
1116 557 1227 599 velut
1247 572 1270 598 e
1292 573 1440 600 somno
1462 558 1601 613 exciti,
1622 572 1707 614 quo

282 625 472 669 tempore
500 623 735 655 extremum
765 614 956 669 spiritum
989 614 1141 655 edituri
1169 623 1281 664 sunt,
1312 615 1368 655 ita
1391 615 1635 678 gaudentes
1667 623 1710 655 et

279 671 434 712 alacres
472 671 692 725 aspiciunt,
726 681 774 711 ut
807 670 1081 711 libentissime
1111 670 1279 727 judices
1314 685 1336 710 e
1365 670 1450 712 vita
1487 670 1709 726 proficisci.

279 727 559 783 quamobrem
591 742 641 767 ne
680 728 770 768 haec
807 726 976 782 quidem
1008 727 1137 768 ullam
1171 742 1334 782 aequam
1376 727 1532 769 doloris
1562 728 1708 768 afferre

278 798 449 824 causam
473 794 676 848 possunt3
707 783 779 838 qui
800 793 912 824 certe
932 783 1274 839 comprimendus
1293 798 1340 824 ac
1362 783 1610 824 minuendus
1631 792 1709 834 est,

279 839 410 895 quod,
431 840 557 880 etiam
584 839 618 880 si
641 840 761 889 nolis,
782 849 973 894 tempore
994 849 1134 881 tamen
1154 840 1244 904 ipso
1265 849 1528 891 extenuatur,
1548 849 1590 880 et
1615 854 1710 881 eva-

279 896 438 937 nescit:
470 911 569 946 non,
592 896 707 960 quod
730 896 944 937 minuendi
965 895 1120 937 doloris
1141 898 1198 937 vis
1219 897 1260 937 in
1282 897 1371 951 ipsa
1391 896 1458 937 die
1487 897 1624 952 posita
1643 896 1710 946 sit,

280 951 352 993 sed
384 952 498 1007 quod
528 967 626 993 usus
656 953 759 1008 ipse,
780 953 1072 1008 cogitatioque
1100 952 1287 994 diuturni
1315 954 1515 1016 temporis
1545 952 1710 1003 doceat,

279 1009 383 1049 nihil
405 1023 493 1050 esse
514 1009 565 1049 in
576 1019 713 1050 morte
743 1009 856 1060 mali,
885 1009 1066 1065 ideoque
1093 1009 1251 1059 leviter,
1273 1018 1315 1050 et
1344 1009 1550 1064 patienter
1573 1006 1711 1052 feren-

280 1064 393 1105 dam
453 1064 536 1106 Sed
568 1073 705 1129 turpe,
727 1065 988 1121 stultumque
1009 1076 1071 1106 est
1101 1065 1277 1115 homini,
1298 1075 1427 1116 tanta,
1449 1076 1620 1121 tamque
1639 1080 1710 1106 va-

279 1122 342 1162 ria
362 1136 500 1163 rerum
520 1122 764 1177 cognitione
785 1122 1004 1172 instructo,
1027 1137 1110 1162 non
1131 1137 1155 1162 a
1175 1136 1219 1163 se
1247 1122 1338 1177 ipso
1361 1123 1503 1177 potius
1530 1132 1710 1173 mature,

280 1192 407 1233 quam
427 1192 518 1219 sero
538 1179 592 1219 ab
613 1193 707 1229 usu,
728 1188 769 1219 et
789 1178 1047 1234 cogitatione
1068 1178 1225 1220 doloris
1246 1178 1431 1219 remedia
1447 1188 1710 1234 exspectare:

280 1249 375 1289 quae
398 1244 485 1275 tam
509 1234 625 1275 firma
647 1243 758 1285 sunt,
778 1244 827 1276 ut
849 1235 1057 1275 neminem
1078 1235 1169 1275 fore
1194 1245 1357 1290 putem,
1377 1250 1503 1290 quem
1536 1249 1619 1276 non
1640 1249 1708 1275 ve-

280 1290 496 1331 hementer
536 1305 620 1331 non
650 1291 798 1347 juvent
837 1291 989 1341 solum,
1021 1291 1093 1332 sed
1127 1292 1252 1332 ctiam
1293 1302 1574 1346 permoneant
1606 1290 1710 1332 mihi

282 1362 376 1388 vero
405 1361 455 1388 eo
489 1347 624 1402 magis
659 1347 888 1389 necessaria
911 1348 1095 1398 fuerunt,
1126 1363 1210 1403 quo
1241 1348 1404 1403 turpius
1422 1349 1557 1389 visum
1585 1356 1708 1396 esset,

281 1418 365 1454 me,
401 1403 474 1459 qui
513 1413 674 1445 ceteros
706 1404 1044 1445 constantissime
1077 1405 1318 1445 consolatus
1349 1419 1499 1455 essem,
1537 1405 1579 1445 in
1616 1418 1712 1445 meo

280 1459 428 1501 dolore
451 1460 617 1524 Jacere:
649 1476 811 1516 voxque
840 1460 912 1501 illa
945 1459 1147 1512 exaudiri,
1171 1470 1213 1502 et
1240 1462 1415 1502 fortasse
1443 1476 1527 1502 non
1560 1461 1710 1502 imme-

279 1516 376 1567 rito,
397 1517 616 1572 potuisset,
644 1518 821 1558 Hiccine
841 1517 911 1558 ille
935 1517 1100 1568 Cicero,
1122 1517 1243 1573 cujus
1265 1518 1320 1558 ob
1341 1532 1387 1557 os
1406 1518 1523 1559 Graii
1544 1532 1617 1559 ora
1637 1517 1716 1559 ob-

278 1574 493 1614 vertebant
531 1575 639 1614 sua?
689 1574 773 1614 Sed
811 1588 887 1614 nos
922 1573 1191 1629 philosophia
1227 1573 1422 1614 adversus
1460 1589 1606 1615 omnes
1642 1573 1707 1615 vel

279 1637 536 1684 temporum,
568 1630 630 1670 vel
663 1630 858 1680 fortunae,
886 1630 946 1670 vel
979 1641 1136 1670 naturae
1170 1629 1335 1670 insidias
1369 1631 1573 1672 munivit.
1612 1645 1707 1687 quae

279 1685 338 1726 ita
360 1686 477 1726 fortis
498 1694 575 1735 est,
597 1695 644 1726 ut
675 1686 858 1727 nullius'
850 1686 1012 1741 mjuriae
1033 1686 1238 1741 impetum
1259 1686 1501 1727 extimescat
1521 1704 1529 1728 :
1562 1687 1620 1728 ita
1649 1687 1707 1727 le-

279 1742 342 1782 nis
362 1752 404 1783 et
425 1742 574 1792 suavis,
595 1753 643 1783 ut
661 1757 808 1783 omnes
830 1743 1075 1783 acerbitates
1098 1743 1218 1783 facile
1246 1743 1413 1798 mitiget
1441 1757 1490 1784 ac
1516 1743 1708 1785 molliat:

277 1797 337 1839 ita
354 1798 524 1839 demum
546 1798 660 1839 utilis
681 1808 723 1839 et
750 1799 979 1849 fructuosa,
1002 1809 1048 1839 ut
1075 1808 1205 1840 totam
1240 1814 1283 1839 se
1311 1800 1363 1840 acl
1396 1799 1598 1841 humanas
1627 1800 1709 1841 uti-

278 1854 415 1896 litates
444 1855 733 1896 liberalissime
763 1856 953 1911 porrigat
981 1865 1109 1910 atque
1139 1855 1331 1910 explicet.
1363 1870 1437 1896 nec
1465 1871 1560 1897 vero
1591 1872 1709 1898 secus

278 1910 418 1952 debet.
439 1926 534 1967 quae
560 1911 670 1952 enim
698 1911 978 1953 humanarum
1007 1913 1266 1953 miseriarum
1299 1912 1520 1953 cumulum
1549 1914 1710 1969 optime

279 1968 404 2017 norit,
435 1977 476 2008 et
504 1968 743 2009 acutissime
778 1969 1016 2024 perspiciat,
1049 1969 1080 2009 si
1108 1983 1176 2009 eas
1208 1968 1389 2023 patiatur
1417 1984 1584 2011 manare
1615 1970 1709 2012 lon-

278 2024 389 2079 gius,
416 2038 551 2080 neque
580 2024 743 2065 homini
772 2040 952 2066 moerore
982 2025 1192 2089 confecto,
1213 2025 1404 2076 consilio,
1430 2025 1709 2082 praesidioque

279 2095 357 2121 suo
387 2090 541 2136 praesto
572 2082 650 2123 sit:
682 2081 783 2137 quid
813 2081 886 2123 illo
916 2082 1134 2123 miserius
1126 2083 1139 2109 ³
1176 2082 1278 2137 quid
1306 2082 1390 2123 vita
1418 2091 1562 2124 nostra
1590 2084 1708 2125 labo-

278 2137 444 2188 riosius‚
465 2146 537 2178 aut
557 2138 719 2179 taetrius
738 2139 751 2178 ?
785 2147 858 2179 aut
878 2138 979 2194 quid
999 2137 1230 2194 prodesset,
1251 2138 1496 2194 adspectum
1517 2154 1542 2181 a
1562 2150 1711 2181 natura

279 2192 333 2235 ad
352 2207 503 2249 supera
522 2203 710 2235 erectum
730 2195 954 2259 accepisse,
973 2205 1021 2236 ut
1040 2195 1197 2236 coelum
1223 2196 1512 2251 contemplari,
1532 2205 1580 2237 ut
1609 2196 1711 2237 deo-

281 2265 374 2291 rum
407 2250 671 2314 majestatem
701 2252 900 2307 cogitare,
923 2262 994 2293 aut
1021 2267 1045 2292 a
1076 2251 1153 2292 diis
1184 2252 1492 2293 immortalibus
1523 2262 1709 2294 mentem

280 2315 323 2347 et
344 2306 561 2357 rationem,
582 2318 630 2349 ut
651 2308 771 2349 utilia
798 2322 1071 2373 cognoscere,
1092 2308 1269 2349 honesta
1297 2323 1322 2349 a
1351 2309 1543 2364 turpibus
1575 2323 1709 2351 secer-

281 2377 393 2427 nere,
415 2378 536 2418 aequa
555 2364 765 2419 amplecti,
787 2366 868 2405 ab
859 2366 1011 2421 lniquis
1029 2365 1235 2406 abstinere
1260 2379 1494 2420 possemuS,
1515 2380 1615 2406 voce
1635 2365 1710 2407 de-

281 2419 407 2476 nique
431 2420 535 2475 ipsa,
557 2431 599 2461 et
621 2421 808 2462 oratione
829 2421 925 2472 frui,
947 2437 1040 2477 quae
1063 2421 1187 2462 nullis
1209 2422 1490 2463 animantibus
1512 2436 1712 2464 concessa

280 2484 358 2526 est,
379 2490 545 2532 quaque
576 2477 721 2518 ceteris
747 2479 957 2542 omnibus,
978 2493 1071 2533 quae
1106 2479 1183 2519 sub
1211 2478 1319 2518 coelo
1351 2488 1462 2529 sunt,
1484 2479 1710 2521 viventium

281 2533 436 2574 naturis
459 2534 746 2574 antecellimus
765 2535 778 2573 ?
812 2534 950 2575 ininia
970 2534 1061 2575 haec
1082 2534 1208 2575 videri
1231 2544 1415 2589 possent,
1437 2535 1470 2575 si
1491 2545 1576 2576 tam
1598 2535 1709 2577 mul-

281 2589 334 2629 tis
354 2603 404 2629 ex
423 2589 595 2630 adverso
620 2590 795 2631 miseriis
815 2605 1013 2655 oppressa
1039 2591 1218 2632 hominis
1246 2602 1394 2633 natura
1416 2607 1554 2648 neque
1588 2607 1632 2634 se
1655 2591 1710 2634 ad

279 2645 467 2686 coelestia
486 2646 659 2702 erigere,
684 2661 759 2687 nec
785 2648 910 2688 tantis
942 2648 1077 2697 bonis,
1106 2648 1258 2703 quibus
1287 2648 1448 2705 majora
1477 2648 1593 2690 nulla
1619 2663 1709 2690 esse

281 2711 523 2757 potuerunt,
559 2703 620 2743 uti
654 2715 809 2759 posset.
846 2703 919 2745 sed
955 2706 1158 2759 profecto,
1197 2715 1242 2745 ut
1269 2716 1417 2746 contra
1450 2705 1708 2760 serpentium

279 2758 389 2799 virus
421 2757 744 2813 pharmacorum
776 2774 932 2815 genera
966 2760 1112 2812 multa,
1139 2770 1286 2802 contra
1311 2761 1461 2816 inopiae
1491 2761 1706 2804 calamita-

281 2823 368 2856 tem
403 2815 590 2858 sollertia
625 2825 668 2858 et
707 2816 927 2869 industria,
963 2827 1109 2861 contra
1148 2818 1418 2874 turpitudinis
1447 2818 1706 2875 voluptatem
