<?xml version="1.0" encoding="UTF-8"?>
<!DOCTYPE html PUBLIC "-//W3C//DTD XHTML 1.0 Transitional//EN"
    "http://www.w3.org/TR/xhtml1/DTD/xhtml1-transitional.dtd">
<html xmlns="http://www.w3.org/1999/xhtml" xml:lang="en" lang="en">
 <head>
  <title>
</title>
<meta http-equiv="Content-Type" content="text/html;charset=utf-8" />
  <meta name='ocr-system' content='tesseract 3.04.00' />
  <meta name='ocr-capabilities' content='ocr_page ocr_carea ocr_par ocr_line ocrx_word'/>
</head>
<body>
  <div class='ocr_page' id='page_1' title='image "./p2operaomnia04ciceuoft_0284.png"; bbox 0 0 1844 3202; ppageno 0'>
   <div class='ocr_carea' id='block_1_1' title="bbox 323 119 1382 168">
    <p class='ocr_par' dir='ltr' id='par_1_1' title="bbox 323 119 1382 168">
     <span class='ocr_line' id='line_1_1' title="bbox 323 119 1382 168; baseline 0.001 -10"><span class='ocrx_word' id='word_1_1' title='bbox 323 124 402 168; x_wconf 85' lang='grc'><strong>890</strong></span> <span class='ocrx_word' id='word_1_2' title='bbox 690 119 748 158; x_wconf 99' lang='lat' dir='ltr'><strong>M.</strong></span> <span class='ocrx_word' id='word_1_3' title='bbox 786 120 1004 158; x_wconf 90' lang='lat' dir='ltr'>TULLII</span> <span class='ocrx_word' id='word_1_4' title='bbox 1044 119 1382 160; x_wconf 87' lang='lat' dir='ltr'>CICERONIS</span> 
     </span>
    </p>
   </div>
   <div class='ocr_carea' id='block_1_2' title="bbox 321 227 1752 342">
    <p class='ocr_par' dir='ltr' id='par_1_2' title="bbox 321 227 1752 342">
     <span class='ocr_line' id='line_1_2' title="bbox 322 227 1752 284; baseline 0.001 -16"><span class='ocrx_word' id='word_1_5' title='bbox 322 227 496 278; x_wconf 89' lang='lat' dir='ltr'><strong>eisdem,</strong></span> <span class='ocrx_word' id='word_1_6' title='bbox 527 242 629 269; x_wconf 90' lang='lat' dir='ltr'><strong>num</strong></span> <span class='ocrx_word' id='word_1_7' title='bbox 663 236 737 269; x_wconf 90' lang='lat' dir='ltr'><strong>aut</strong></span> <span class='ocrx_word' id='word_1_8' title='bbox 773 227 993 271; x_wconf 84' lang='lat' dir='ltr'><strong>clarissimi</strong></span> <span class='ocrx_word' id='word_1_9' title='bbox 1024 229 1098 270; x_wconf 89' lang='lat' dir='ltr'><strong>viri</strong></span> <span class='ocrx_word' id='word_1_10' title='bbox 1136 228 1254 281; x_wconf 90' lang='lat' dir='ltr'><strong>Julii,</strong></span> <span class='ocrx_word' id='word_1_11' title='bbox 1275 238 1349 271; x_wconf 87' lang='lat' dir='ltr'><strong>aut</strong></span> <span class='ocrx_word' id='word_1_12' title='bbox 1383 243 1552 271; x_wconf 88' lang='lat' dir='ltr'><strong>summo</strong></span> <span class='ocrx_word' id='word_1_13' title='bbox 1582 228 1752 284; x_wconf 88' lang='lat' dir='ltr'><strong>ingenio</strong></span> 
     </span>
     <span class='ocr_line' id='line_1_3' title="bbox 321 284 1210 342; baseline 0 -17"><span class='ocrx_word' id='word_1_14' title='bbox 321 284 522 340; x_wconf 90' lang='lat' dir='ltr'><strong>praeditus</strong></span> <span class='ocrx_word' id='word_1_15' title='bbox 543 285 608 325; x_wconf 87' lang='lat' dir='ltr'><strong>M.</strong></span> <span class='ocrx_word' id='word_1_16' title='bbox 631 285 844 326; x_wconf 87' lang='lat' dir='ltr'><strong>Antonius</strong></span> <span class='ocrx_word' id='word_1_17' title='bbox 864 287 1005 342; x_wconf 90' lang='lat' dir='ltr'><strong>potuit</strong></span> <span class='ocrx_word' id='word_1_18' title='bbox 1024 285 1210 326; x_wconf 88' lang='lat' dir='ltr'><strong>imitari?</strong></span> 
     </span>
    </p>
   </div>
   <div class='ocr_carea' id='block_1_3' title="bbox 321 340 1758 564">
    <p class='ocr_par' dir='ltr' id='par_1_3' title="bbox 321 340 1758 509">
     <span class='ocr_line' id='line_1_4' title="bbox 321 340 1758 438; baseline 0 -56"><span class='ocrx_word' id='word_1_19' title='bbox 321 342 545 438; x_wconf 76' lang='lat' dir='ltr'><strong>fuPR1se.</strong></span> <span class='ocrx_word' id='word_1_20' title='bbox 566 340 594 381; x_wconf 79' lang='lat' dir='ltr'><strong>l.</strong></span> <span class='ocrx_word' id='word_1_21' title='bbox 614 345 670 394; x_wconf 85' lang='lat'><strong>6)</strong></span> <span class='ocrx_word' id='word_1_22' title='bbox 712 341 826 383; x_wconf 89' lang='lat' dir='ltr'><strong>Cum</strong></span> <span class='ocrx_word' id='word_1_23' title='bbox 858 344 957 385; x_wconf 90' lang='lat' dir='ltr'><strong>dare</strong></span> <span class='ocrx_word' id='word_1_24' title='bbox 985 341 1116 383; x_wconf 88' lang='lat' dir='ltr'><strong>nollet</strong></span> <span class='ocrx_word' id='word_1_25' title='bbox 1134 342 1247 394; x_wconf 86' lang='lat' dir='ltr'><strong>Aris,</strong></span> <span class='ocrx_word' id='word_1_26' title='bbox 1268 343 1375 384; x_wconf 89' lang='lat' dir='ltr'><strong>clam</strong></span> <span class='ocrx_word' id='word_1_27' title='bbox 1399 357 1450 384; x_wconf 87' lang='lat' dir='ltr'><strong>ex</strong></span> <span class='ocrx_word' id='word_1_28' title='bbox 1477 341 1666 383; x_wconf 87' lang='lat' dir='ltr'><strong>Sardinia</strong></span> <span class='ocrx_word' id='word_1_29' title='bbox 1692 348 1758 382; x_wconf 86' lang='lat' dir='ltr'><strong>est</strong></span> 
     </span>
     <span class='ocr_line' id='line_1_5' title="bbox 402 412 677 438; baseline 0 0"><span class='ocrx_word' id='word_1_30' title='bbox 402 412 424 438; x_wconf 92' lang='lat' dir='ltr'><strong>e</strong></span> <span class='ocrx_word' id='word_1_31' title='bbox 447 412 470 438; x_wconf 91' lang='lat' dir='ltr'><strong>e</strong></span> <span class='ocrx_word' id='word_1_32' title='bbox 490 413 512 438; x_wconf 88' lang='lat' dir='ltr'><strong>c</strong></span> <span class='ocrx_word' id='word_1_33' title='bbox 645 412 677 438; x_wconf 88' lang='lat' dir='ltr'><strong>s.</strong></span> 
     </span>
     <span class='ocr_line' id='line_1_6' title="bbox 369 406 1519 509; baseline 0.002 -15"><span class='ocrx_word' id='word_1_34' title='bbox 369 406 642 505; x_wconf 39' lang='lat' dir='ltr'><strong>gIdEmeiJisl</strong></span> <span class='ocrx_word' id='word_1_35' title='bbox 648 468 821 495; x_wconf 81' lang='lat' dir='ltr'><strong>uxorem</strong></span> <span class='ocrx_word' id='word_1_36' title='bbox 846 453 1065 509; x_wconf 85' lang='lat' dir='ltr'><strong>pellicatus</strong></span> <span class='ocrx_word' id='word_1_37' title='bbox 1085 453 1231 496; x_wconf 90' lang='lat' dir='ltr'><strong>dolore</strong></span> <span class='ocrx_word' id='word_1_38' title='bbox 1250 455 1519 498; x_wconf 82' lang='lat' dir='ltr'><strong>concitatam.</strong></span> 
     </span>
    </p>

    <p class='ocr_par' dir='ltr' id='par_1_4' title="bbox 381 510 1048 564">
     <span class='ocr_line' id='line_1_7' title="bbox 381 510 1048 564; baseline 0 -13"><span class='ocrx_word' id='word_1_39' title='bbox 381 512 543 553; x_wconf 77' lang='lat' dir='ltr'><strong>Piusc.</strong></span> <span class='ocrx_word' id='word_1_40' title='bbox 566 510 594 551; x_wconf 83' lang='lat' dir='ltr'><strong>l.</strong></span> <span class='ocrx_word' id='word_1_41' title='bbox 616 515 671 564; x_wconf 86' lang='lat'><strong>7.)</strong></span> <span class='ocrx_word' id='word_1_42' title='bbox 695 511 839 552; x_wconf 87' lang='lat' dir='ltr'><strong>Arinis</strong></span> <span class='ocrx_word' id='word_1_43' title='bbox 861 525 1048 551; x_wconf 77' lang='lat' dir='ltr'><strong>uxorem.</strong></span> 
     </span>
    </p>
   </div>
   <div class='ocr_carea' id='block_1_4' title="bbox 793 595 1286 638">
    <p class='ocr_par' dir='ltr' id='par_1_5' title="bbox 793 595 1286 638">
     <span class='ocr_line' id='line_1_8' title="bbox 793 595 1286 638; baseline 0 -1"><span class='ocrx_word' id='word_1_44' title='bbox 793 595 979 637; x_wconf 86' lang='lat' dir='ltr'>CIRCA</span> <span class='ocrx_word' id='word_1_45' title='bbox 1009 596 1286 638; x_wconf 90' lang='lat' dir='ltr'><strong>MEDIUM.</strong></span> 
     </span>
    </p>
   </div>
   <div class='ocr_carea' id='block_1_5' title="bbox 321 673 1760 1180">
    <p class='ocr_par' dir='ltr' id='par_1_6' title="bbox 321 673 1760 956">
     <span class='ocr_line' id='line_1_9' title="bbox 378 673 1760 739; baseline -0.002 -22"><span class='ocrx_word' id='word_1_46' title='bbox 378 677 531 731; x_wconf 86' lang='lat' dir='ltr'>Neque</span> <span class='ocrx_word' id='word_1_47' title='bbox 562 689 657 716; x_wconf 89' lang='lat' dir='ltr'><strong>vero</strong></span> <span class='ocrx_word' id='word_1_48' title='bbox 694 674 824 716; x_wconf 88' lang='lat' dir='ltr'><strong>haec</strong></span> <span class='ocrx_word' id='word_1_49' title='bbox 815 689 905 739; x_wconf 78' lang='lat' dir='ltr'><strong>ipsa</strong></span> <span class='ocrx_word' id='word_1_50' title='bbox 935 673 1178 730; x_wconf 89' lang='lat' dir='ltr'><strong>quotidiana</strong></span> <span class='ocrx_word' id='word_1_51' title='bbox 1208 688 1273 715; x_wconf 89' lang='lat' dir='ltr'><strong>res</strong></span> <span class='ocrx_word' id='word_1_52' title='bbox 1301 674 1387 730; x_wconf 92' lang='lat' dir='ltr'><strong>Ap.</strong></span> <span class='ocrx_word' id='word_1_53' title='bbox 1423 674 1650 717; x_wconf 84' lang='lat' dir='ltr'><strong>Claudium</strong></span> <span class='ocrx_word' id='word_1_54' title='bbox 1687 673 1760 715; x_wconf 80' lang='lat' dir='ltr'><strong>illa</strong></span> 
     </span>
     <span class='ocr_line' id='line_1_10' title="bbox 321 730 1758 798; baseline -0.001 -24"><span class='ocrx_word' id='word_1_55' title='bbox 321 732 599 798; x_wconf 87' lang='lat' dir='ltr'><strong>humanitate,</strong></span> <span class='ocrx_word' id='word_1_56' title='bbox 634 740 677 772; x_wconf 92' lang='lat' dir='ltr'><strong>et</strong></span> <span class='ocrx_word' id='word_1_57' title='bbox 711 731 916 787; x_wconf 84' lang='lat' dir='ltr'><strong>sapientia</strong></span> <span class='ocrx_word' id='word_1_58' title='bbox 955 730 1195 787; x_wconf 87' lang='lat' dir='ltr'><strong>praeditum,</strong></span> <span class='ocrx_word' id='word_1_59' title='bbox 1235 745 1308 795; x_wconf 85' lang='lat' dir='ltr'><strong>per</strong></span> <span class='ocrx_word' id='word_1_60' title='bbox 1344 745 1387 772; x_wconf 89' lang='lat' dir='ltr'><strong>se</strong></span> <span class='ocrx_word' id='word_1_61' title='bbox 1420 730 1512 786; x_wconf 83' lang='lat' dir='ltr'><strong>ipsa</strong></span> <span class='ocrx_word' id='word_1_62' title='bbox 1545 730 1758 782; x_wconf 86' lang='lat' dir='ltr'><strong>movisset,</strong></span> 
     </span>
     <span class='ocr_line' id='line_1_11' title="bbox 321 788 1758 844; baseline -0.001 -14"><span class='ocrx_word' id='word_1_63' title='bbox 321 790 402 831; x_wconf 90' lang='lat' dir='ltr'><strong>nisi</strong></span> <span class='ocrx_word' id='word_1_64' title='bbox 440 789 552 830; x_wconf 90' lang='lat' dir='ltr'><strong>hunc</strong></span> <span class='ocrx_word' id='word_1_65' title='bbox 584 788 753 830; x_wconf 84' lang='lat' dir='ltr'><strong>Claudii</strong></span> <span class='ocrx_word' id='word_1_66' title='bbox 794 789 931 829; x_wconf 86' lang='lat' dir='ltr'><strong>fratris</strong></span> <span class='ocrx_word' id='word_1_67' title='bbox 969 803 1033 829; x_wconf 91' lang='lat' dir='ltr'><strong>su1</strong></span> <span class='ocrx_word' id='word_1_68' title='bbox 1063 789 1387 843; x_wconf 84' lang='lat' dir='ltr'><strong>competitorem</strong></span> <span class='ocrx_word' id='word_1_69' title='bbox 1425 788 1516 829; x_wconf 90' lang='lat' dir='ltr'><strong>fore</strong></span> <span class='ocrx_word' id='word_1_70' title='bbox 1553 796 1758 844; x_wconf 85' lang='lat' dir='ltr'><strong>putasset,</strong></span> 
     </span>
     <span class='ocr_line' id='line_1_12' title="bbox 322 844 1758 908; baseline -0.001 -21"><span class='ocrx_word' id='word_1_71' title='bbox 322 846 397 902; x_wconf 90' lang='lat' dir='ltr'><strong>qui</strong></span> <span class='ocrx_word' id='word_1_72' title='bbox 417 846 499 887; x_wconf 88' lang='lat' dir='ltr'><strong>sive</strong></span> <span class='ocrx_word' id='word_1_73' title='bbox 519 845 732 901; x_wconf 83' lang='lat' dir='ltr'><strong>patricius,</strong></span> <span class='ocrx_word' id='word_1_74' title='bbox 755 845 838 886; x_wconf 88' lang='lat' dir='ltr'><strong>sive</strong></span> <span class='ocrx_word' id='word_1_75' title='bbox 855 844 1045 900; x_wconf 89' lang='lat' dir='ltr'><strong>plebeius</strong></span> <span class='ocrx_word' id='word_1_76' title='bbox 1066 854 1190 895; x_wconf 90' lang='lat' dir='ltr'><strong>esset,</strong></span> <span class='ocrx_word' id='word_1_77' title='bbox 1217 844 1422 908; x_wconf 80' lang='lat' dir='ltr'><strong>(nondum</strong></span> <span class='ocrx_word' id='word_1_78' title='bbox 1450 844 1562 885; x_wconf 86' lang='lat' dir='ltr'><strong>enim</strong></span> <span class='ocrx_word' id='word_1_79' title='bbox 1594 853 1758 886; x_wconf 84' lang='lat' dir='ltr'><strong>certum</strong></span> 
     </span>
     <span class='ocr_line' id='line_1_13' title="bbox 323 901 1695 956; baseline -0.001 -12"><span class='ocrx_word' id='word_1_80' title='bbox 323 904 604 944; x_wconf 87' lang='lat' dir='ltr'><strong>constitutum</strong></span> <span class='ocrx_word' id='word_1_81' title='bbox 625 904 728 955; x_wconf 87' lang='lat' dir='ltr'><strong>erat)</strong></span> <span class='ocrx_word' id='word_1_82' title='bbox 750 916 847 943; x_wconf 88' lang='lat' dir='ltr'><strong>cum</strong></span> <span class='ocrx_word' id='word_1_83' title='bbox 870 901 944 942; x_wconf 91' lang='lat' dir='ltr'><strong>illo</strong></span> <span class='ocrx_word' id='word_1_84' title='bbox 965 901 1045 943; x_wconf 89' lang='lat' dir='ltr'><strong>sibi</strong></span> <span class='ocrx_word' id='word_1_85' title='bbox 1064 902 1378 942; x_wconf 87' lang='lat' dir='ltr'><strong>contentionem</strong></span> <span class='ocrx_word' id='word_1_86' title='bbox 1395 902 1486 942; x_wconf 62' lang='lat' dir='ltr'><strong>fote</strong></span> <span class='ocrx_word' id='word_1_87' title='bbox 1503 902 1695 956; x_wconf 87' lang='lat' dir='ltr'><strong>putabat.</strong></span> 
     </span>
    </p>

    <p class='ocr_par' dir='ltr' id='par_1_7' title="bbox 323 957 1759 1057">
     <span class='ocr_line' id='line_1_14' title="bbox 381 957 1759 1046; baseline -0.001 -46"><span class='ocrx_word' id='word_1_88' title='bbox 381 959 651 1009; x_wconf 73' lang='lat' dir='ltr'><strong>1s1D.l.19</strong></span> <span class='ocrx_word' id='word_1_89' title='bbox 680 973 712 999; x_wconf 83' lang='lat' dir='ltr'><strong>c.</strong></span> <span class='ocrx_word' id='word_1_90' title='bbox 740 959 796 1011; x_wconf 88' lang='grc'><strong>3.)</strong></span> <span class='ocrx_word' id='word_1_91' title='bbox 831 960 972 1001; x_wconf 87' lang='lat' dir='ltr'><strong>Ouem</strong></span> <span class='ocrx_word' id='word_1_92' title='bbox 1002 972 1190 1046; x_wconf 83' lang='lat' dir='ltr'><strong>purpura</strong></span> <span class='ocrx_word' id='word_1_93' title='bbox 1219 958 1372 1013; x_wconf 85' lang='lat' dir='ltr'><strong>regalis</strong></span> <span class='ocrx_word' id='word_1_94' title='bbox 1401 972 1486 1000; x_wconf 89' lang='lat' dir='ltr'><strong>non</strong></span> <span class='ocrx_word' id='word_1_95' title='bbox 1514 957 1759 1008; x_wconf 86' lang='lat' dir='ltr'><strong>commovit,</strong></span> 
     </span>
     <span class='ocr_line' id='line_1_15' title="bbox 323 1002 1155 1057; baseline -0.002 0"><span class='ocrx_word' id='word_1_96' title='bbox 323 1030 421 1057; x_wconf 88' lang='lat' dir='ltr'><strong>eum</strong></span> <span class='ocrx_word' id='word_1_97' title='bbox 443 1015 672 1057; x_wconf 87' lang='lat' dir='ltr'><strong>Sardorum</strong></span> <span class='ocrx_word' id='word_1_98' title='bbox 694 1002 932 1056; x_wconf 80' lang='lat' dir='ltr'><strong>mastrucca</strong></span> <span class='ocrx_word' id='word_1_99' title='bbox 951 1015 1155 1056; x_wconf 85' lang='lat' dir='ltr'><strong>tentavit?</strong></span> 
     </span>
    </p>

    <p class='ocr_par' dir='ltr' id='par_1_8' title="bbox 323 1071 1759 1180">
     <span class='ocr_line' id='line_1_16' title="bbox 381 1071 1759 1135; baseline -0.002 -21"><span class='ocrx_word' id='word_1_100' title='bbox 381 1073 432 1113; x_wconf 89' lang='lat' dir='ltr'><strong>M</strong></span> <span class='ocrx_word' id='word_1_101' title='bbox 439 1087 649 1114; x_wconf 84' lang='lat' dir='ltr'><strong>ARCELL.</strong></span> <span class='ocrx_word' id='word_1_102' title='bbox 673 1072 702 1113; x_wconf 80' lang='lat' dir='ltr'><strong>l.</strong></span> <span class='ocrx_word' id='word_1_103' title='bbox 723 1082 786 1112; x_wconf 81' lang='lat'><strong>22.</strong></span> <span class='ocrx_word' id='word_1_104' title='bbox 791 1072 804 1124; x_wconf 96' lang='lat'><em>)</em></span> <span class='ocrx_word' id='word_1_105' title='bbox 838 1074 928 1113; x_wconf 91' lang='lat' dir='ltr'><strong>Vos</strong></span> <span class='ocrx_word' id='word_1_106' title='bbox 950 1085 1119 1135; x_wconf 85' lang='lat' dir='ltr'><strong>quoque</strong></span> <span class='ocrx_word' id='word_1_107' title='bbox 1148 1071 1200 1112; x_wconf 92' lang='lat' dir='ltr'><strong>de</strong></span> <span class='ocrx_word' id='word_1_108' title='bbox 1221 1071 1381 1112; x_wconf 84' lang='lat' dir='ltr'><strong>familia</strong></span> <span class='ocrx_word' id='word_1_109' title='bbox 1399 1071 1544 1123; x_wconf 90' lang='lat' dir='ltr'><strong>nobili,</strong></span> <span class='ocrx_word' id='word_1_110' title='bbox 1564 1085 1662 1113; x_wconf 89' lang='lat' dir='ltr'><strong>cum</strong></span> <span class='ocrx_word' id='word_1_111' title='bbox 1683 1085 1759 1112; x_wconf 85' lang='lat' dir='ltr'><strong>au·</strong></span> 
     </span>
     <span class='ocr_line' id='line_1_17' title="bbox 323 1127 1265 1180; baseline -0.001 -10"><span class='ocrx_word' id='word_1_112' title='bbox 323 1130 520 1171; x_wconf 88' lang='lat' dir='ltr'><strong>ctoritate</strong></span> <span class='ocrx_word' id='word_1_113' title='bbox 540 1129 654 1171; x_wconf 90' lang='lat' dir='ltr'><strong>orbis</strong></span> <span class='ocrx_word' id='word_1_114' title='bbox 676 1138 896 1180; x_wconf 82' lang='lat' dir='ltr'><strong>terrarum,</strong></span> <span class='ocrx_word' id='word_1_115' title='bbox 917 1128 1069 1169; x_wconf 87' lang='lat' dir='ltr'><strong>sentire</strong></span> <span class='ocrx_word' id='word_1_116' title='bbox 1089 1127 1265 1169; x_wconf 83' lang='lat' dir='ltr'><strong>debetis.</strong></span> 
     </span>
    </p>
   </div>
   <div class='ocr_carea' id='block_1_6' title="bbox 561 1219 1525 1263">
    <p class='ocr_par' dir='ltr' id='par_1_9' title="bbox 561 1219 1525 1263">
     <span class='ocr_line' id='line_1_18' title="bbox 561 1219 1525 1263; baseline 0 0"><span class='ocrx_word' id='word_1_117' title='bbox 561 1220 704 1263; x_wconf 91' lang='lat' dir='ltr'>POST</span> <span class='ocrx_word' id='word_1_118' title='bbox 733 1220 899 1263; x_wconf 86' lang='lat' dir='ltr'>DUAS</span> <span class='ocrx_word' id='word_1_119' title='bbox 934 1220 1151 1261; x_wconf 81' lang='lat' dir='ltr'><strong>PARTES</strong></span> <span class='ocrx_word' id='word_1_120' title='bbox 1184 1219 1525 1263; x_wconf 85' lang='lat' dir='ltr'><strong>ORATIONIS.</strong></span> 
     </span>
    </p>
   </div>
   <div class='ocr_carea' id='block_1_7' title="bbox 673 1298 1411 1356">
    <p class='ocr_par' dir='ltr' id='par_1_10' title="bbox 673 1298 1411 1356">
     <span class='ocr_line' id='line_1_19' title="bbox 673 1298 1411 1356; baseline 0 -17"><span class='ocrx_word' id='word_1_121' title='bbox 673 1298 791 1339; x_wconf 79' lang='lat' dir='ltr'><strong>Dicit</strong></span> <span class='ocrx_word' id='word_1_122' title='bbox 812 1299 860 1339; x_wconf 79' lang='lat' dir='ltr'><strong>de</strong></span> <span class='ocrx_word' id='word_1_123' title='bbox 882 1298 1049 1350; x_wconf 77' lang='lat' dir='ltr'><strong>Scauro,</strong></span> <span class='ocrx_word' id='word_1_124' title='bbox 1072 1314 1190 1354; x_wconf 80' lang='lat' dir='ltr'><strong>quem</strong></span> <span class='ocrx_word' id='word_1_125' title='bbox 1212 1298 1411 1356; x_wconf 57' lang='lat' dir='ltr'><strong>d‘fimdit·</strong></span> 
     </span>
    </p>
   </div>
   <div class='ocr_carea' id='block_1_8' title="bbox 321 1365 1765 1592">
    <p class='ocr_par' dir='ltr' id='par_1_11' title="bbox 321 1365 1765 1592">
     <span class='ocr_line' id='line_1_20' title="bbox 378 1365 1761 1431; baseline 0.001 -26"><span class='ocrx_word' id='word_1_126' title='bbox 378 1365 565 1406; x_wconf 61' lang='lat' dir='ltr'><strong>Ascon.</strong></span> <span class='ocrx_word' id='word_1_127' title='bbox 562 1366 583 1430; x_wconf 79' lang='lat'><strong>.)</strong></span> <span class='ocrx_word' id='word_1_128' title='bbox 607 1367 748 1431; x_wconf 77' lang='lat' dir='ltr'><strong>Nam,</strong></span> <span class='ocrx_word' id='word_1_129' title='bbox 771 1381 867 1408; x_wconf 89' lang='lat' dir='ltr'><strong>cum</strong></span> <span class='ocrx_word' id='word_1_130' title='bbox 889 1381 940 1408; x_wconf 82' lang='lat' dir='ltr'><strong>ex</strong></span> <span class='ocrx_word' id='word_1_131' title='bbox 958 1366 1103 1408; x_wconf 88' lang='lat' dir='ltr'><strong>multis</strong></span> <span class='ocrx_word' id='word_1_132' title='bbox 1123 1382 1233 1408; x_wconf 88' lang='lat' dir='ltr'><strong>unus</strong></span> <span class='ocrx_word' id='word_1_133' title='bbox 1251 1366 1288 1407; x_wconf 90' lang='lat' dir='ltr'><strong>ei</strong></span> <span class='ocrx_word' id='word_1_134' title='bbox 1319 1375 1496 1408; x_wconf 79' lang='lat' dir='ltr'><strong>restaiet</strong></span> <span class='ocrx_word' id='word_1_135' title='bbox 1522 1366 1761 1418; x_wconf 84' lang='lat' dir='ltr'><strong>Dolabella,</strong></span> 
     </span>
     <span class='ocr_line' id='line_1_21' title="bbox 321 1422 1760 1479; baseline 0.001 -17"><span class='ocrx_word' id='word_1_136' title='bbox 321 1430 521 1477; x_wconf 88' lang='lat' dir='ltr'><strong>paternus</strong></span> <span class='ocrx_word' id='word_1_137' title='bbox 562 1422 773 1474; x_wconf 78' lang='lat' dir='ltr'><strong>inimicus,</strong></span> <span class='ocrx_word' id='word_1_138' title='bbox 813 1424 885 1479; x_wconf 88' lang='lat' dir='ltr'><strong>qui</strong></span> <span class='ocrx_word' id='word_1_139' title='bbox 921 1438 1020 1465; x_wconf 90' lang='lat' dir='ltr'><strong>cum</strong></span> <span class='ocrx_word' id='word_1_140' title='bbox 1059 1425 1114 1466; x_wconf 89' lang='lat' dir='ltr'><strong>O.</strong></span> <span class='ocrx_word' id='word_1_141' title='bbox 1152 1423 1370 1478; x_wconf 87' lang='lat' dir='ltr'><strong>Caepione,</strong></span> <span class='ocrx_word' id='word_1_142' title='bbox 1399 1423 1637 1479; x_wconf 74' lang='lat' dir='ltr'><strong>pxopinquo</strong></span> <span class='ocrx_word' id='word_1_143' title='bbox 1667 1438 1760 1472; x_wconf 86' lang='lat' dir='ltr'><strong>suo,</strong></span> 
     </span>
     <span class='ocr_line' id='line_1_22' title="bbox 325 1467 1765 1535; baseline 0.001 -16"><span class='ocrx_word' id='word_1_144' title='bbox 325 1488 474 1520; x_wconf 87' lang='lat' dir='ltr'><strong>contra</strong></span> <span class='ocrx_word' id='word_1_145' title='bbox 504 1479 635 1520; x_wconf 78' lang='lat' dir='ltr'><strong>Scam</strong></span> <span class='ocrx_word' id='word_1_146' title='bbox 639 1495 709 1520; x_wconf 88' lang='lat' dir='ltr'><strong>um</strong></span> <span class='ocrx_word' id='word_1_147' title='bbox 740 1490 903 1535; x_wconf 86' lang='lat' dir='ltr'><strong>patrem</strong></span> <span class='ocrx_word' id='word_1_148' title='bbox 927 1495 1050 1522; x_wconf 88' lang='lat' dir='ltr'><strong>suum</strong></span> <span class='ocrx_word' id='word_1_149' title='bbox 1062 1467 1367 1535; x_wconf 85' lang='lat' dir='ltr'><strong>obsignaverat</strong></span> <span class='ocrx_word' id='word_1_150' title='bbox 1386 1490 1576 1531; x_wconf 86' lang='lat' dir='ltr'><strong>stateras,</strong></span> <span class='ocrx_word' id='word_1_151' title='bbox 1596 1495 1665 1521; x_wconf 87' lang='lat' dir='ltr'><strong>eas</strong></span> <span class='ocrx_word' id='word_1_152' title='bbox 1686 1480 1765 1521; x_wconf 85' lang='lat' dir='ltr'><strong>sibi</strong></span> 
     </span>
     <span class='ocr_line' id='line_1_23' title="bbox 324 1535 1202 1592; baseline 0.002 -16"><span class='ocrx_word' id='word_1_153' title='bbox 324 1535 565 1577; x_wconf 84' lang='lat' dir='ltr'><strong>inimicitias</strong></span> <span class='ocrx_word' id='word_1_154' title='bbox 588 1551 670 1578; x_wconf 90' lang='lat' dir='ltr'><strong>non</strong></span> <span class='ocrx_word' id='word_1_155' title='bbox 693 1546 921 1592; x_wconf 84' lang='lat' dir='ltr'><strong>susceptas,</strong></span> <span class='ocrx_word' id='word_1_156' title='bbox 943 1537 1016 1578; x_wconf 89' lang='lat' dir='ltr'><strong>sed</strong></span> <span class='ocrx_word' id='word_1_157' title='bbox 1038 1537 1202 1578; x_wconf 86' lang='lat' dir='ltr'><strong>relatas.</strong></span> 
     </span>
    </p>
   </div>
   <div class='ocr_carea' id='block_1_9' title="bbox 550 1627 1538 1671">
    <p class='ocr_par' dir='ltr' id='par_1_12' title="bbox 550 1627 1538 1671">
     <span class='ocr_line' id='line_1_24' title="bbox 550 1627 1538 1671; baseline 0.001 -3"><span class='ocrx_word' id='word_1_158' title='bbox 550 1629 576 1654; x_wconf 43' lang='grc' dir='ltr'><strong>ἥθ’</strong></span> <span class='ocrx_word' id='word_1_159' title='bbox 600 1627 741 1668; x_wconf 89' lang='lat' dir='ltr'>POST</span> <span class='ocrx_word' id='word_1_160' title='bbox 770 1628 913 1668; x_wconf 85' lang='lat' dir='ltr'>TRES</span> <span class='ocrx_word' id='word_1_161' title='bbox 948 1628 1164 1669; x_wconf 81' lang='lat' dir='ltr'><strong>PARTES</strong></span> <span class='ocrx_word' id='word_1_162' title='bbox 1197 1628 1538 1671; x_wconf 83' lang='lat' dir='ltr'><strong>ORATIONIS.</strong></span> 
     </span>
    </p>
   </div>
   <div class='ocr_carea' id='block_1_10' title="bbox 325 1707 1769 2717">
    <p class='ocr_par' dir='ltr' id='par_1_13' title="bbox 325 1707 1765 1820">
     <span class='ocr_line' id='line_1_25' title="bbox 383 1707 1765 1763; baseline 0.001 -16"><span class='ocrx_word' id='word_1_163' title='bbox 383 1707 679 1760; x_wconf 70' lang='lat' dir='ltr'><strong>Ascomus.)</strong></span> <span class='ocrx_word' id='word_1_164' title='bbox 723 1707 957 1748; x_wconf 84' lang='lat' dir='ltr'><strong>Praesertim</strong></span> <span class='ocrx_word' id='word_1_165' title='bbox 995 1721 1091 1748; x_wconf 86' lang='lat' dir='ltr'><strong>cum</strong></span> <span class='ocrx_word' id='word_1_166' title='bbox 1133 1707 1440 1763; x_wconf 76' lang='lat' dir='ltr'><strong>piopinquitas,</strong></span> <span class='ocrx_word' id='word_1_167' title='bbox 1472 1717 1516 1748; x_wconf 90' lang='lat' dir='ltr'><strong>et</strong></span> <span class='ocrx_word' id='word_1_168' title='bbox 1545 1707 1765 1750; x_wconf 88' lang='lat' dir='ltr'><strong>celebritas</strong></span> 
     </span>
     <span class='ocr_line' id='line_1_26' title="bbox 325 1763 1439 1820; baseline 0 -16"><span class='ocrx_word' id='word_1_169' title='bbox 325 1764 410 1805; x_wconf 92' lang='lat' dir='ltr'><strong>loci</strong></span> <span class='ocrx_word' id='word_1_170' title='bbox 431 1764 715 1820; x_wconf 89' lang='lat' dir='ltr'><strong>suspicionem</strong></span> <span class='ocrx_word' id='word_1_171' title='bbox 737 1763 909 1805; x_wconf 87' lang='lat' dir='ltr'><strong>desidiae</strong></span> <span class='ocrx_word' id='word_1_172' title='bbox 932 1763 1069 1815; x_wconf 83' lang='lat' dir='ltr'><strong>tollat,</strong></span> <span class='ocrx_word' id='word_1_173' title='bbox 1090 1775 1161 1805; x_wconf 80' lang='lat' dir='ltr'><strong>aut</strong></span> <span class='ocrx_word' id='word_1_174' title='bbox 1182 1764 1439 1820; x_wconf 84' lang='lat' dir='ltr'><strong>cupiditatis.</strong></span> 
     </span>
    </p>

    <p class='ocr_par' dir='ltr' id='par_1_14' title="bbox 325 1819 1767 1934">
     <span class='ocr_line' id='line_1_27' title="bbox 383 1819 1767 1877; baseline -0.001 -14"><span class='ocrx_word' id='word_1_175' title='bbox 383 1822 603 1877; x_wconf 84' lang='lat' dir='ltr'><strong>OUINCT.</strong></span> <span class='ocrx_word' id='word_1_176' title='bbox 630 1819 659 1861; x_wconf 79' lang='lat' dir='ltr'><strong>l.</strong></span> <span class='ocrx_word' id='word_1_177' title='bbox 679 1830 717 1861; x_wconf 87' lang='lat'><strong>5.</strong></span> <span class='ocrx_word' id='word_1_178' title='bbox 739 1836 772 1861; x_wconf 86' lang='lat' dir='ltr'><strong>c.</strong></span> <span class='ocrx_word' id='word_1_179' title='bbox 800 1823 876 1874; x_wconf 85' lang='lat'><strong>13.)</strong></span> <span class='ocrx_word' id='word_1_180' title='bbox 911 1822 1006 1876; x_wconf 89' lang='lat' dir='ltr'><strong>Ego</strong></span> <span class='ocrx_word' id='word_1_181' title='bbox 1037 1834 1178 1876; x_wconf 89' lang='lat' dir='ltr'><strong>porro,</strong></span> <span class='ocrx_word' id='word_1_182' title='bbox 1207 1836 1280 1877; x_wconf 79' lang='lat' dir='ltr'><strong>qui</strong></span> <span class='ocrx_word' id='word_1_183' title='bbox 1309 1821 1497 1862; x_wconf 84' lang='lat' dir='ltr'><strong>Albanas</strong></span> <span class='ocrx_word' id='word_1_184' title='bbox 1527 1820 1664 1862; x_wconf 89' lang='lat' dir='ltr'><strong>habeo</strong></span> <span class='ocrx_word' id='word_1_185' title='bbox 1694 1835 1767 1862; x_wconf 83' lang='lat' dir='ltr'><strong>co-</strong></span> 
     </span>
     <span class='ocr_line' id='line_1_28' title="bbox 325 1863 1031 1934; baseline 0 -16"><span class='ocrx_word' id='word_1_186' title='bbox 325 1863 508 1928; x_wconf 90' lang='lat' dir='ltr'><strong>lumnas,</strong></span> <span class='ocrx_word' id='word_1_187' title='bbox 528 1877 695 1919; x_wconf 86' lang='lat' dir='ltr'><strong>clitellis</strong></span> <span class='ocrx_word' id='word_1_188' title='bbox 713 1892 782 1919; x_wconf 87' lang='lat' dir='ltr'><strong>eas</strong></span> <span class='ocrx_word' id='word_1_189' title='bbox 803 1878 1031 1934; x_wconf 85' lang='lat' dir='ltr'><strong>apportavi.</strong></span> 
     </span>
    </p>

    <p class='ocr_par' dir='ltr' id='par_1_15' title="bbox 325 1933 1765 2204">
     <span class='ocr_line' id='line_1_29' title="bbox 384 1933 1763 1987; baseline -0.001 -11"><span class='ocrx_word' id='word_1_190' title='bbox 384 1935 606 1976; x_wconf 78' lang='lat' dir='ltr'><strong>QUINCT.</strong></span> <span class='ocrx_word' id='word_1_191' title='bbox 636 1934 665 1975; x_wconf 80' lang='lat' dir='ltr'><strong>l.</strong></span> <span class='ocrx_word' id='word_1_192' title='bbox 692 1946 732 1985; x_wconf 84' lang='lat'><strong>9.</strong></span> <span class='ocrx_word' id='word_1_193' title='bbox 755 1950 789 1975; x_wconf 86' lang='lat' dir='ltr'><strong>c.</strong></span> <span class='ocrx_word' id='word_1_194' title='bbox 823 1935 943 1987; x_wconf 94' lang='grc'><strong>14)</strong></span> <span class='ocrx_word' id='word_1_195' title='bbox 978 1935 1147 1975; x_wconf 87' lang='lat' dir='ltr'><strong>Domus</strong></span> <span class='ocrx_word' id='word_1_196' title='bbox 1179 1934 1255 1976; x_wconf 86' lang='lat' dir='ltr'><strong>tibi</strong></span> <span class='ocrx_word' id='word_1_197' title='bbox 1285 1935 1459 1976; x_wconf 85' lang='lat' dir='ltr'><strong>deerat?</strong></span> <span class='ocrx_word' id='word_1_198' title='bbox 1491 1942 1535 1976; x_wconf 90' lang='lat' dir='ltr'><strong>at</strong></span> <span class='ocrx_word' id='word_1_199' title='bbox 1565 1933 1763 1975; x_wconf 90' lang='lat' dir='ltr'><strong>habebas.</strong></span> 
     </span>
     <span class='ocr_line' id='line_1_30' title="bbox 325 1990 1764 2055; baseline -0.001 -22"><span class='ocrx_word' id='word_1_200' title='bbox 325 1992 506 2047; x_wconf 89' lang='lat' dir='ltr'><strong>pecunia</strong></span> <span class='ocrx_word' id='word_1_201' title='bbox 534 1991 786 2055; x_wconf 83' lang='lat' dir='ltr'><strong>superabat?</strong></span> <span class='ocrx_word' id='word_1_202' title='bbox 819 1999 863 2032; x_wconf 88' lang='lat' dir='ltr'><strong>at</strong></span> <span class='ocrx_word' id='word_1_203' title='bbox 889 1991 1059 2046; x_wconf 84' lang='lat' dir='ltr'><strong>egebas.</strong></span> <span class='ocrx_word' id='word_1_204' title='bbox 1122 1992 1339 2033; x_wconf 84' lang='lat' dir='ltr'><strong>Incurristi</strong></span> <span class='ocrx_word' id='word_1_205' title='bbox 1368 2005 1511 2033; x_wconf 87' lang='lat' dir='ltr'><strong>amens</strong></span> <span class='ocrx_word' id='word_1_206' title='bbox 1535 1991 1578 2032; x_wconf 88' lang='lat' dir='ltr'><strong>in</strong></span> <span class='ocrx_word' id='word_1_207' title='bbox 1599 1990 1764 2032; x_wconf 87' lang='lat' dir='ltr'><strong>colum-</strong></span> 
     </span>
     <span class='ocr_line' id='line_1_31' title="bbox 327 2046 1765 2103; baseline -0.001 -14"><span class='ocrx_word' id='word_1_208' title='bbox 327 2063 416 2099; x_wconf 90' lang='lat' dir='ltr'><strong>nas,</strong></span> <span class='ocrx_word' id='word_1_209' title='bbox 438 2049 478 2089; x_wconf 90' lang='lat' dir='ltr'><strong>in</strong></span> <span class='ocrx_word' id='word_1_210' title='bbox 508 2048 667 2089; x_wconf 86' lang='lat' dir='ltr'><strong>alienos</strong></span> <span class='ocrx_word' id='word_1_211' title='bbox 695 2047 867 2089; x_wconf 85' lang='lat' dir='ltr'><strong>insanus</strong></span> <span class='ocrx_word' id='word_1_212' title='bbox 899 2047 1100 2089; x_wconf 84' lang='lat' dir='ltr'><strong>insanisti.</strong></span> <span class='ocrx_word' id='word_1_213' title='bbox 1131 2047 1385 2103; x_wconf 80' lang='lat' dir='ltr'><strong>depressam,</strong></span> <span class='ocrx_word' id='word_1_214' title='bbox 1416 2062 1593 2099; x_wconf 88' lang='lat' dir='ltr'><strong>coecam,</strong></span> <span class='ocrx_word' id='word_1_215' title='bbox 1618 2046 1765 2103; x_wconf 87' lang='lat' dir='ltr'><strong>jacen-</strong></span> 
     </span>
     <span class='ocr_line' id='line_1_32' title="bbox 326 2104 1764 2162; baseline -0.001 -16"><span class='ocrx_word' id='word_1_216' title='bbox 326 2113 414 2146; x_wconf 87' lang='lat' dir='ltr'><strong>tem</strong></span> <span class='ocrx_word' id='word_1_217' title='bbox 438 2105 615 2146; x_wconf 89' lang='lat' dir='ltr'><strong>domum</strong></span> <span class='ocrx_word' id='word_1_218' title='bbox 635 2104 781 2160; x_wconf 90' lang='lat' dir='ltr'><strong>pluris,</strong></span> <span class='ocrx_word' id='word_1_219' title='bbox 804 2119 933 2161; x_wconf 86' lang='lat' dir='ltr'><strong>quam</strong></span> <span class='ocrx_word' id='word_1_220' title='bbox 953 2113 1009 2155; x_wconf 88' lang='lat' dir='ltr'><strong>te,</strong></span> <span class='ocrx_word' id='word_1_221' title='bbox 1029 2114 1072 2147; x_wconf 88' lang='lat' dir='ltr'><strong>et</strong></span> <span class='ocrx_word' id='word_1_222' title='bbox 1092 2119 1219 2162; x_wconf 88' lang='lat' dir='ltr'><strong>quam</strong></span> <span class='ocrx_word' id='word_1_223' title='bbox 1241 2106 1431 2146; x_wconf 77' lang='lat' dir='ltr'><strong>fortunas</strong></span> <span class='ocrx_word' id='word_1_224' title='bbox 1458 2114 1551 2146; x_wconf 89' lang='lat' dir='ltr'><strong>tuas</strong></span> <span class='ocrx_word' id='word_1_225' title='bbox 1580 2104 1764 2145; x_wconf 85' lang='lat' dir='ltr'><strong>aestima-</strong></span> 
     </span>
     <span class='ocr_line' id='line_1_33' title="bbox 326 2161 394 2204; baseline -0.056 0"><span class='ocrx_word' id='word_1_226' title='bbox 326 2161 394 2204; x_wconf 89' lang='lat' dir='ltr'><strong>sti.</strong></span> 
     </span>
    </p>

    <p class='ocr_par' dir='ltr' id='par_1_16' title="bbox 327 2216 1769 2331">
     <span class='ocr_line' id='line_1_34' title="bbox 384 2216 1769 2273; baseline -0.001 -14"><span class='ocrx_word' id='word_1_227' title='bbox 384 2218 533 2259; x_wconf 77' lang='lat' dir='ltr'><strong>SERv.</strong></span> <span class='ocrx_word' id='word_1_228' title='bbox 560 2228 594 2259; x_wconf 87' lang='grc'><strong>1.</strong></span> <span class='ocrx_word' id='word_1_229' title='bbox 621 2217 788 2273; x_wconf 83' lang='lat' dir='ltr'><strong>Georg.)</strong></span> <span class='ocrx_word' id='word_1_230' title='bbox 813 2216 1042 2260; x_wconf 87' lang='lat' dir='ltr'><strong>Redimunt</strong></span> <span class='ocrx_word' id='word_1_231' title='bbox 1070 2231 1113 2260; x_wconf 91' lang='lat' dir='ltr'><strong>se</strong></span> <span class='ocrx_word' id='word_1_232' title='bbox 1140 2231 1189 2258; x_wconf 89' lang='lat' dir='ltr'><strong>ea</strong></span> <span class='ocrx_word' id='word_1_233' title='bbox 1217 2226 1338 2273; x_wconf 89' lang='lat' dir='ltr'><strong>parte</strong></span> <span class='ocrx_word' id='word_1_234' title='bbox 1367 2217 1568 2273; x_wconf 88' lang='lat' dir='ltr'><strong>corporis,</strong></span> <span class='ocrx_word' id='word_1_235' title='bbox 1597 2224 1769 2273; x_wconf 87' lang='lat' dir='ltr'><strong>propter</strong></span> 
     </span>
     <span class='ocr_line' id='line_1_35' title="bbox 327 2275 947 2331; baseline -0.002 -15"><span class='ocrx_word' id='word_1_236' title='bbox 327 2289 455 2331; x_wconf 87' lang='lat' dir='ltr'><strong>quam</strong></span> <span class='ocrx_word' id='word_1_237' title='bbox 477 2275 659 2316; x_wconf 83' lang='lat' dir='ltr'><strong>maxime</strong></span> <span class='ocrx_word' id='word_1_238' title='bbox 678 2283 947 2330; x_wconf 85' lang='lat' dir='ltr'><strong>expetuntur.</strong></span> 
     </span>
    </p>

    <p class='ocr_par' dir='ltr' id='par_1_17' title="bbox 385 2330 1415 2395">
     <span class='ocr_line' id='line_1_36' title="bbox 385 2330 1415 2395; baseline 0 -24"><span class='ocrx_word' id='word_1_239' title='bbox 385 2331 490 2372; x_wconf 93' lang='lat' dir='ltr'><strong>Ab</strong></span> <span class='ocrx_word' id='word_1_240' title='bbox 480 2346 570 2386; x_wconf 80' lang='lat' dir='ltr'><strong>ipsa</strong></span> <span class='ocrx_word' id='word_1_241' title='bbox 590 2331 694 2372; x_wconf 82' lang='lat' dir='ltr'><strong>stiva</strong></span> <span class='ocrx_word' id='word_1_242' title='bbox 713 2345 881 2372; x_wconf 90' lang='lat' dir='ltr'><strong>mecum</strong></span> <span class='ocrx_word' id='word_1_243' title='bbox 904 2331 1096 2372; x_wconf 90' lang='lat' dir='ltr'><strong>homines</strong></span> <span class='ocrx_word' id='word_1_244' title='bbox 1115 2330 1415 2395; x_wconf 85' lang='lat' dir='ltr'><strong>loquebantur.</strong></span> 
     </span>
    </p>

    <p class='ocr_par' dir='ltr' id='par_1_18' title="bbox 384 2384 1698 2444">
     <span class='ocr_line' id='line_1_37' title="bbox 384 2384 1698 2444; baseline -0.002 -16"><span class='ocrx_word' id='word_1_245' title='bbox 384 2389 611 2429; x_wconf 76' lang='lat' dir='ltr'><strong>FRONTO.</strong></span> <span class='ocrx_word' id='word_1_246' title='bbox 615 2389 629 2440; x_wconf 95' lang='lat'><em>)</em></span> <span class='ocrx_word' id='word_1_247' title='bbox 655 2388 869 2429; x_wconf 88' lang='lat' dir='ltr'><strong>Retineret</strong></span> <span class='ocrx_word' id='word_1_248' title='bbox 887 2387 944 2438; x_wconf 89' lang='lat' dir='ltr'><strong>id,</strong></span> <span class='ocrx_word' id='word_1_249' title='bbox 968 2387 1081 2444; x_wconf 88' lang='lat' dir='ltr'><strong>quod</strong></span> <span class='ocrx_word' id='word_1_250' title='bbox 1104 2387 1316 2443; x_wconf 83' lang='lat' dir='ltr'><strong>praecipue</strong></span> <span class='ocrx_word' id='word_1_251' title='bbox 1337 2400 1500 2441; x_wconf 89' lang='lat' dir='ltr'><strong>semper</strong></span> <span class='ocrx_word' id='word_1_252' title='bbox 1520 2384 1698 2427; x_wconf 86' lang='lat' dir='ltr'><strong>studuit.</strong></span> 
     </span>
    </p>

    <p class='ocr_par' dir='ltr' id='par_1_19' title="bbox 325 2442 1765 2717">
     <span class='ocr_line' id='line_1_38' title="bbox 383 2442 1765 2508; baseline -0.001 -23"><span class='ocrx_word' id='word_1_253' title='bbox 383 2445 557 2486; x_wconf 64' lang='lat' dir='ltr'><strong>Ascoix*</strong></span> <span class='ocrx_word' id='word_1_254' title='bbox 566 2458 646 2485; x_wconf 86' lang='lat' dir='ltr'><strong>IUS</strong></span> <span class='ocrx_word' id='word_1_255' title='bbox 654 2445 681 2498; x_wconf 95' lang='lat'><strong>.)</strong></span> <span class='ocrx_word' id='word_1_256' title='bbox 716 2446 824 2486; x_wconf 81' lang='lat' dir='ltr'><strong>Haec</strong></span> <span class='ocrx_word' id='word_1_257' title='bbox 856 2459 954 2486; x_wconf 87' lang='lat' dir='ltr'><strong>cum</strong></span> <span class='ocrx_word' id='word_1_258' title='bbox 986 2455 1034 2485; x_wconf 89' lang='lat' dir='ltr'><strong>tu</strong></span> <span class='ocrx_word' id='word_1_259' title='bbox 1053 2446 1237 2508; x_wconf 84' lang='lat' dir='ltr'><strong>effugere</strong></span> <span class='ocrx_word' id='word_1_260' title='bbox 1258 2458 1342 2484; x_wconf 92' lang='lat' dir='ltr'><strong>non</strong></span> <span class='ocrx_word' id='word_1_261' title='bbox 1359 2442 1570 2498; x_wconf 90' lang='lat' dir='ltr'><strong>potuisses</strong></span> <span class='ocrx_word' id='word_1_262' title='bbox 1588 2452 1765 2484; x_wconf 88' lang='lat' dir='ltr'><strong>conten·</strong></span> 
     </span>
     <span class='ocr_line' id='line_1_39' title="bbox 327 2498 1765 2556; baseline -0.003 -12"><span class='ocrx_word' id='word_1_263' title='bbox 327 2502 401 2544; x_wconf 91' lang='lat' dir='ltr'><strong>des</strong></span> <span class='ocrx_word' id='word_1_264' title='bbox 422 2511 578 2552; x_wconf 88' lang='lat' dir='ltr'><strong>tamen,</strong></span> <span class='ocrx_word' id='word_1_265' title='bbox 598 2509 641 2542; x_wconf 87' lang='lat' dir='ltr'><strong>et</strong></span> <span class='ocrx_word' id='word_1_266' title='bbox 660 2501 908 2556; x_wconf 84' lang='lat' dir='ltr'><strong>postulabis,</strong></span> <span class='ocrx_word' id='word_1_267' title='bbox 930 2510 979 2542; x_wconf 90' lang='lat' dir='ltr'><strong>ut</strong></span> <span class='ocrx_word' id='word_1_268' title='bbox 1003 2502 1069 2542; x_wconf 90' lang='lat' dir='ltr'><strong>M.</strong></span> <span class='ocrx_word' id='word_1_269' title='bbox 1091 2500 1308 2549; x_wconf 89' lang='lat' dir='ltr'><strong>AEmilius,</strong></span> <span class='ocrx_word' id='word_1_270' title='bbox 1328 2515 1425 2541; x_wconf 87' lang='lat' dir='ltr'><strong>cum</strong></span> <span class='ocrx_word' id='word_1_271' title='bbox 1453 2514 1529 2541; x_wconf 87' lang='lat' dir='ltr'><strong>sua</strong></span> <span class='ocrx_word' id='word_1_272' title='bbox 1557 2498 1765 2555; x_wconf 86' lang='lat' dir='ltr'><strong>dignitate</strong></span> 
     </span>
     <span class='ocr_line' id='line_1_40' title="bbox 327 2556 1764 2613; baseline -0.003 -12"><span class='ocrx_word' id='word_1_273' title='bbox 327 2559 461 2610; x_wconf 87' lang='lat' dir='ltr'><strong>omni,</strong></span> <span class='ocrx_word' id='word_1_274' title='bbox 493 2572 588 2599; x_wconf 89' lang='lat' dir='ltr'><strong>cum</strong></span> <span class='ocrx_word' id='word_1_275' title='bbox 629 2558 758 2612; x_wconf 86' lang='lat' dir='ltr'><strong>patris</strong></span> <span class='ocrx_word' id='word_1_276' title='bbox 798 2557 1019 2608; x_wconf 88' lang='lat' dir='ltr'><strong>memoria,</strong></span> <span class='ocrx_word' id='word_1_277' title='bbox 1048 2572 1147 2599; x_wconf 90' lang='lat' dir='ltr'><strong>cum</strong></span> <span class='ocrx_word' id='word_1_278' title='bbox 1178 2557 1241 2598; x_wconf 86' lang='lat' dir='ltr'><strong>avi</strong></span> <span class='ocrx_word' id='word_1_279' title='bbox 1270 2556 1421 2613; x_wconf 87' lang='lat' dir='ltr'><strong>gloria,</strong></span> <span class='ocrx_word' id='word_1_280' title='bbox 1452 2556 1764 2608; x_wconf 78' lang='lat' dir='ltr'><strong>sordidissimae,</strong></span> 
     </span>
     <span class='ocr_line' id='line_1_41' title="bbox 325 2613 1765 2671; baseline -0.002 -14"><span class='ocrx_word' id='word_1_281' title='bbox 325 2615 560 2665; x_wconf 86' lang='lat' dir='ltr'><strong>levissimae,</strong></span> <span class='ocrx_word' id='word_1_282' title='bbox 580 2614 811 2656; x_wconf 88' lang='lat' dir='ltr'><strong>vanissimae</strong></span> <span class='ocrx_word' id='word_1_283' title='bbox 839 2614 973 2671; x_wconf 88' lang='lat' dir='ltr'><strong>genti,</strong></span> <span class='ocrx_word' id='word_1_284' title='bbox 993 2629 1042 2656; x_wconf 89' lang='lat' dir='ltr'><strong>ac</strong></span> <span class='ocrx_word' id='word_1_285' title='bbox 1071 2628 1205 2671; x_wconf 91' lang='lat' dir='ltr'><strong>prope</strong></span> <span class='ocrx_word' id='word_1_286' title='bbox 1234 2613 1374 2656; x_wconf 88' lang='lat' dir='ltr'><strong>dicam</strong></span> <span class='ocrx_word' id='word_1_287' title='bbox 1402 2613 1557 2670; x_wconf 90' lang='lat' dir='ltr'><strong>pellitis</strong></span> <span class='ocrx_word' id='word_1_288' title='bbox 1587 2613 1765 2655; x_wconf 86' lang='lat' dir='ltr'><strong>testibus</strong></span> 
     </span>
     <span class='ocr_line' id='line_1_42' title="bbox 327 2672 604 2717; baseline -0.018 0"><span class='ocrx_word' id='word_1_289' title='bbox 327 2672 604 2717; x_wconf 83' lang='lat' dir='ltr'><strong>condonetur.</strong></span> 
     </span>
    </p>
   </div>
   <div class='ocr_carea' id='block_1_11' title="bbox 384 2759 1764 2896">
    <p class='ocr_par' dir='ltr' id='par_1_20' title="bbox 384 2759 1764 2896">
     <span class='ocr_line' id='line_1_43' title="bbox 641 2759 1444 2802; baseline 0 -1"><span class='ocrx_word' id='word_1_290' title='bbox 641 2760 837 2802; x_wconf 92' lang='lat' dir='ltr'>VERSU</span> <span class='ocrx_word' id='word_1_291' title='bbox 867 2759 910 2801; x_wconf 91' lang='lat' dir='ltr'>A</span> <span class='ocrx_word' id='word_1_292' title='bbox 938 2759 1276 2802; x_wconf 91' lang='lat' dir='ltr'><strong>NOVISSIMO</strong></span> <span class='ocrx_word' id='word_1_293' title='bbox 1309 2759 1444 2801; x_wconf 91' lang='lat' dir='ltr'><strong>CLX.</strong></span> 
     </span>
     <span class='ocr_line' id='line_1_44' title="bbox 384 2836 1764 2896; baseline -0.003 -15"><span class='ocrx_word' id='word_1_294' title='bbox 384 2840 590 2893; x_wconf 62' lang='lat' dir='ltr'><strong>Ascou.)</strong></span> <span class='ocrx_word' id='word_1_295' title='bbox 625 2838 827 2896; x_wconf 90' lang='lat' dir='ltr'><strong>Undique</strong></span> <span class='ocrx_word' id='word_1_296' title='bbox 848 2837 954 2881; x_wconf 89' lang='lat' dir='ltr'><strong>mihi</strong></span> <span class='ocrx_word' id='word_1_297' title='bbox 982 2837 1238 2896; x_wconf 86' lang='lat' dir='ltr'><strong>suppeditat,</strong></span> <span class='ocrx_word' id='word_1_298' title='bbox 1259 2837 1376 2896; x_wconf 89' lang='lat' dir='ltr'><strong>quod</strong></span> <span class='ocrx_word' id='word_1_299' title='bbox 1402 2851 1478 2894; x_wconf 86' lang='lat' dir='ltr'><strong>pro</strong></span> <span class='ocrx_word' id='word_1_300' title='bbox 1505 2836 1572 2879; x_wconf 95' lang='lat' dir='ltr'><strong>M.</strong></span> <span class='ocrx_word' id='word_1_301' title='bbox 1603 2836 1764 2878; x_wconf 82' lang='lat' dir='ltr'><strong>Scauro</strong></span> 
     </span>
    </p>
   </div>
  </div>
 </body>
</html>
