1844 3202
260 110 338 151 720
783 106 860 144 DE
897 107 1164 146 OFFICIIS

262 222 393 254 tatem
426 211 550 266 datae,
583 214 829 271 adspectum
873 228 1011 258 essent
1050 215 1284 257 deformem
1323 215 1529 258 habiturae
1566 226 1694 274 atquc

176 282 248 322 127
263 280 443 325 turpem,
465 285 534 312 eas
563 273 749 313 contexit
779 283 906 328 atque
933 273 1107 314 abdidit.
1167 274 1291 314 Hanc
1313 283 1471 315 naturae
1492 284 1577 315 tam
1600 275 1697 316 dili-

261 337 431 381 gentem
470 328 669 370 fabricam
704 330 865 370 imitata
899 339 964 370 est
999 329 1219 370 hominum
1255 330 1514 371 verecundia.
1584 332 1694 388 Quae

262 384 376 424 enim
405 394 552 426 natura
579 385 818 434 occultavit,
839 385 988 426 eadem
1018 399 1180 435 omnes,
1200 386 1272 441 qui
1299 402 1398 428 sana
1423 395 1564 428 mente
1585 397 1696 438 sunt,

261 452 478 481 removent
515 442 567 482 ab
601 442 760 482 oculis:
806 441 969 497 ipsique
1007 441 1259 492 necessitati,
1292 442 1394 484 dant
1428 458 1616 499 operam,
1649 453 1698 485 ut

262 511 388 552 quam
422 498 706 538 occultissime
742 509 947 553 pareant:
992 512 1256 554 quarumque
1289 499 1471 553 partium
1508 501 1698 555 corporis

261 568 364 594 usus
386 563 484 594 sunt
504 554 739 604 necessarii,
756 568 824 595 eas
844 569 979 609 neque
1000 562 1152 609 partes,
1169 569 1303 610 neque
1324 569 1467 597 earum
1488 572 1590 597 usus
1612 558 1697 598 suis

263 609 504 651 nominibus
536 611 777 665 appellant:
810 611 1008 666 quodque
1038 611 1174 651 facere
1202 620 1324 666 turpe
1357 627 1440 652 non
1469 622 1546 663 est,
1566 613 1697 654 modo

154 687 185 718 p.
200 683 250 708 26.
264 665 454 716 occulte3
478 666 520 707 id
541 667 679 707 dicere
699 668 948 708 obscoenum
969 674 1047 707 est.
1078 668 1217 722 itaque
1240 682 1315 708 nec
1337 677 1479 724 aperta
1500 670 1611 710 actio
1633 683 1698 710 re-

225 731 357 763 a·rum
381 722 544 763 illarum
569 723 802 778 petulantia
821 732 952 774 vacat,
975 738 1049 764 nec
1071 723 1270 765 orationis
1291 725 1559 766 obscoenitas.
1603 726 1700 767 Nec

178 771 250 803 ¹23
268 794 364 820 vero
397 780 592 820 audiendi
625 788 723 820 sunt
755 780 922 836 Cynici,
951 789 1024 821 aut
1056 780 1089 820 si
1116 781 1188 836 qui
1218 780 1388 822 fuerunt
1418 781 1549 823 Stoici
1578 796 1699 837 paene

264 835 432 890 Cynici,
453 837 524 891 qui
552 835 863 891 reprehendunt
885 847 927 878 et
947 837 1135 887 irrident,
1156 837 1272 892 quod
1293 852 1355 889 ea,
1378 853 1471 894 quae
1493 838 1631 894 turpia
1653 853 1698 879 re

261 906 346 932 non
368 892 464 941 sint,
487 892 728 932 nominibus
750 907 798 933 ac
819 893 954 934 verbis
975 894 1183 948 flagitiosa
1200 893 1425 936 ducamus:
1448 895 1518 936 illa
1540 903 1699 946 autern,

261 963 356 1003 quae
394 948 531 1002 turpia
565 948 662 998 sint,
698 948 940 989 nominibus
973 950 1234 1004 appellemus
1265 951 1363 991 suis.
1423 952 1700 1002 Latrocinari,

261 1003 469 1054 fraudare,
489 1003 739 1055 adulterare,
761 1019 804 1045 re
827 1014 948 1060 turpe
975 1015 1037 1045 est
1057 1021 1065 1054 ;
1099 1005 1170 1046 sed
1192 1005 1346 1047 dicitur
1366 1021 1448 1048 non
1471 1008 1669 1048 obscoene
1688 1025 1698 1048 ε

259 1059 404 1101 liberis
438 1059 537 1101 dare
568 1073 756 1116 operam,
792 1074 836 1101 re
870 1060 1093 1102 honestum
1122 1071 1200 1112 est,
1229 1063 1399 1104 nomine
1424 1064 1700 1105 obscoenum:

260 1116 467 1172 pluraque
495 1116 535 1157 in
565 1131 656 1157 ean}
691 1117 940 1158 sententiam
970 1118 1023 1157 ab
1053 1117 1212 1159 eisdem
1238 1127 1385 1160 contra
1409 1120 1699 1161 verecundiam

261 1173 546 1229 disputantur.
606 1175 700 1215 Nos
735 1184 879 1215 autem
915 1183 1105 1216 naturam
1140 1189 1379 1230 sequamur,
1413 1185 1455 1217 et
1485 1177 1538 1217 ab
1568 1177 1699 1229 omni,

261 1229 379 1285 quod
399 1230 600 1272 abhorret
628 1230 681 1270 ab
710 1231 931 1272 oculorum
954 1232 1202 1286 auriumque
1222 1233 1540 1287 approbatione,
1562 1234 1701 1289 fugia-

261 1301 369 1327 mus.
430 1287 589 1337 Status,
619 1287 820 1330 incessus.
849 1288 993 1338 sessio,
1022 1288 1251 1339 accubitio,
1280 1289 1434 1339 vultus,
1461 1289 1589 1340 oculi,
1609 1305 1697 1331 ma·

176 1355 392 1396 129uuum
416 1352 572 1393 motus,
594 1352 764 1384 teneant
794 1344 897 1385 illud
925 1343 1140 1386 decorum.
1200 1345 1367 1401 Quibus
1395 1346 1437 1386 in
1466 1346 1591 1388 rebus
1613 1346 1700 1388 duo

261 1400 443 1440 maxime
472 1411 570 1441 sunt
598 1399 827 1456 fugienda:
860 1401 1015 1457 nequid
1043 1401 1359 1452 effeminatum,
1385 1412 1458 1443 aut
1486 1403 1629 1454 molle,
1658 1412 1702 1445 ct

264 1457 419 1512 nequid
436 1455 605 1507 durum,
622 1466 695 1498 aut
713 1458 915 1498 rusticum
937 1458 1005 1498 sit.
1035 1459 1129 1499 Nec
1145 1472 1242 1499 vero
1265 1458 1537 1500 histrionibus
1557 1468 1700 1502 orato-

262 1513 464 1569 ribusque
483 1513 801 1554 concedendum
824 1524 902 1559 cst,
924 1521 964 1545 38
982 1524 1028 1555 nt
1050 1515 1098 1555 iis
1124 1514 1216 1556 haee
1237 1525 1335 1571 apta
1355 1516 1452 1566 sint,
1474 1517 1595 1558 nobis
1617 1516 1703 1558 dis-

262 1569 416 1610 soluta.
477 1570 751 1611 Scenicorum
775 1571 948 1625 quidem
977 1586 1071 1612 mos
1096 1581 1256 1613 tantam
1279 1572 1406 1613 habet
1427 1573 1554 1614 veteri
1575 1573 1702 1615 disci-

262 1626 380 1681 plina
415 1627 723 1677 vcrecundiam,
759 1637 807 1667 ut
837 1627 880 1668 in
914 1641 1083 1668 scenam
1115 1628 1203 1668 sine
1231 1629 1499 1684 subligaculo
1526 1630 1703 1684 prodeat

262 1697 404 1724 nemo.
435 1692 628 1726 verentur
658 1682 785 1733 enim,
805 1698 871 1733 ne,
901 1684 934 1724 si
966 1699 1051 1739 quo
1079 1698 1181 1726 casu
1209 1686 1405 1736 evenerit,
1439 1695 1486 1727 ut
1515 1687 1702 1742 corporis

261 1748 405 1795 partes
425 1738 622 1795 quaedam
642 1740 895 1795 aperiantur,
916 1739 1198 1796 adspiciantur
1220 1756 1304 1782 non
1325 1741 1491 1783 decore.
1538 1744 1704 1785 Nostro

263 1796 436 1851 quidem
467 1811 584 1838 more
617 1810 716 1838 cum
746 1797 988 1851 parentibus
1016 1798 1196 1853 puberes
1225 1798 1312 1849 filii,
1333 1813 1431 1840 cum
1451 1800 1604 1841 soceris
1624 1814 1703 1856 ge·-

264 1852 353 1893 neri
374 1867 459 1894 non
479 1852 685 1895 lavantur.
744 1853 980 1895 Retinenda
1007 1865 1070 1895 est
1101 1853 1231 1910 igitur
1254 1854 1381 1912 hujus
1401 1856 1568 1911 generis
1587 1871 1701 1898 vere-

179 1902 251 1957 36
263 1909 434 1961 cundia,
453 1910 687 1964 praesertim
707 1919 856 1952 natura
873 1911 964 1966 ipsa
982 1910 1186 1966 magistra
1205 1919 1248 1952 et
1267 1911 1388 1953 duce.
1427 1913 1539 1954 Cum
1560 1921 1701 1955 autem

177 1984 254 2017 130
265 1965 561 2021 pulcritudinis
582 1966 668 2008 duo
688 1981 846 2022 genera
864 1968 962 2018 sint,
984 1982 1166 2024 quorum
1197 1969 1239 2009 in
1268 1968 1400 2010 altero
1422 1977 1613 2010 venustas
1634 1971 1704 2021 sit,

264 2023 309 2064 in
334 2023 468 2064 altero
496 2022 680 2078 dignitas
699 2039 711 2075 3
742 2032 1003 2066 venustatem
1024 2024 1273 2066 muliebrem
1296 2025 1451 2066 ducere
1471 2025 1704 2077 debemus;

260 2079 517 2134 dignitatem
544 2079 718 2120 virilem.
776 2082 894 2136 Ergo
916 2090 959 2123 et
977 2095 1002 2122 a
1021 2081 1158 2122 forma
1178 2090 1442 2123 removeatur
1460 2083 1597 2123 omnis
1617 2084 1703 2124 viro

264 2150 351 2176 non
370 2135 526 2191 dignus
547 2146 720 2178 ornatus
740 2153 749 2178 :
782 2146 825 2177 et
851 2137 949 2179 huic
969 2137 1105 2179 simile
1125 2137 1270 2179 vitium
1291 2137 1333 2179 in
1352 2146 1477 2193 gestu
1498 2148 1702 2196 motuque

265 2200 473 2234 caveatur.
533 2194 648 2234 Nam
679 2201 723 2234 et
750 2193 974 2249 palaestrici
1001 2204 1160 2245 motus,
1181 2209 1293 2250 saepe
1318 2204 1416 2236 sunt
1441 2195 1669 2237 odiosiores
1688 2212 1701 2248 ς

265 2257 310 2291 et
330 2256 370 2283 39
381 2247 636 2291 histrionum
656 2251 848 2291 nonnulli
867 2260 1013 2307 gestus
1032 2251 1162 2306 inepti
1184 2266 1268 2292 non
1289 2260 1436 2292 vacant
1450 2252 1702 2294 offensione:

222 2313 255 2345 b.
267 2314 311 2347 et
335 2305 378 2347 in
406 2313 588 2362 utroque
607 2321 776 2362 genere,
798 2322 893 2363 quae
915 2315 1013 2349 sunt
1033 2317 1146 2350 recta
1162 2315 1205 2349 et
1224 2308 1442 2364 simplicia,
1462 2309 1701 2351 laudantur.

267 2363 432 2404 Formae
460 2372 601 2404 autem
631 2363 832 2418 dignitas,
861 2364 1015 2406 eoloris
1045 2364 1235 2405 bonitate
1263 2365 1419 2406 tuenda
1448 2373 1536 2406 est:
1569 2366 1703 2418 color,

263 2419 638 2461 exercitationibus
659 2421 862 2477 corporis,
919 2420 1180 2463 Adhibenda
1196 2429 1260 2463 est
1275 2432 1478 2478 praetcrea
1496 2422 1705 2465 munditia

265 2540 442 2576 irationem,
470 2547 506 2571 ut
531 2542 569 2572 ad
596 2545 847 2580 excernendum,
872 2550 903 2573 et
927 2544 965 2573 ad
1009 2552 1086 2574 cum
1103 2542 1277 2580 constituit,
1293 2553 1371 2574 cum
1394 2550 1467 2574 ante
1482 2551 1562 2576 esset
1576 2543 1704 2577 nannum

266 2585 324 2614 has
340 2585 539 2615 necessitates
554 2586 684 2624 quidem
701 2585 794 2615 solas.
1007 2593 1102 2626 gestus
1118 2586 1232 2625 ineptiis
1248 2598 1300 2616 non
1315 2593 1436 2617 vacant.
1460 2588 1602 2618 Pearcius
1619 2589 1703 2618 hane

310 2634 350 2657 :33
368 2634 400 2656 ut
417 2627 451 2656 iis
468 2628 528 2656 hcet:
544 2634 614 2666 apra
631 2628 699 2664 sint,
717 2627 793 2657 nobis
809 2625 963 2668 dissoluta]
1009 2630 1109 2667 magis
1125 2629 1246 2669 probat,
1263 2640 1320 2668 ego
1337 2629 1437 2660 illam.
1460 2642 1513 2660 non
1532 2637 1643 2659 vacant
1659 2631 1703 2670 ‹f-

269 2670 313 2700 Ut
337 2671 369 2700 in
394 2671 430 2700 iis
453 2671 563 2700 debeat
586 2680 652 2700 csse
674 2671 896 2701 convenientia
920 2682 964 2701 rc·
996 2673 1130 2712 scm-ione
1145 2674 1311 2712 respondet
1332 2674 1373 2711 τῷ
1396 2680 1460 2702 sunt
1475 2672 1630 2704 odiosiora,
1651 2685 1702 2712 ge-

267 2713 339 2750 bus,
357 2720 387 2742 et
402 2714 554 2753 personis,
572 2714 604 2744 in
623 2715 732 2744 ceteris
752 2714 850 2744 libera
863 2721 894 2744 et
909 2724 965 2745 ne·
1008 2723 1066 2744 stus
1089 2715 1178 2754 inepti
1201 2723 1276 2746 sunt
1299 2717 1331 2746 in
1352 2716 1469 2755 quibus
1487 2723 1532 2746 est
1547 2717 1704 2748 affectatio

266 2756 424 2795 gligemla.
1010 2759 1180 2788 venustatis
1197 2760 1256 2791 &c.
1272 2759 1366 2799 idque
1379 2759 1543 2799 respondet
1556 2760 1595 2797 τᾷ
1607 2758 1703 2799 pala*

309 2808 349 2831 υς
373 2799 440 2830 hist.
463 2798 592 2828 nonnulli
613 2805 706 2837 gestus
728 2798 819 2838 incptt‘
839 2810 891 2828 non
908 2810 964 2829 va·
1010 2801 1089 2831 <trivi
1103 2807 1205 2832 meus.

267 2849 334 2871 cnm·
348 2840 512 2883 qffcmt'om]
528 2843 580 2874 sic
591 2843 797 2876 Anemoreia-s
813 2844 902 2875 hune
918 2842 963 2874 lo-
