1844 3202
292 136 370 174 642
816 139 893 177 DE
930 139 1194 180 LEGIBUS

343 246 425 295 legis
441 242 614 292 laudibus,
630 257 661 284 et
675 248 805 298 quidem
821 250 962 300 propriis
971 251 1102 300 generis
1117 250 1180 287 sui.
1193 264 1221 287 c.
1236 256 1272 297 7.
1293 250 1434 300 Reliqua
1453 259 1563 287 autem
1576 261 1658 300 pars
1677 249 1720 286 li-

344 298 397 336 hri
414 310 574 337 versatur
591 302 625 337 in
644 302 711 338 ista
729 302 799 351 lege
813 303 1009 353 explicanda
1028 314 1057 340 et
1078 314 1248 353 tamquam
1267 303 1454 347 wadnam,
1470 312 1521 345 ut,
1542 305 1662 354 quibus
1680 303 1723 340 de

344 353 452 389 causis
472 367 611 404 quaeque
630 355 712 404 Iegis
726 366 810 405 pars
827 356 972 405 placeat,
992 357 1113 405 intellig
1122 365 1214 395 atur.
1254 358 1294 393 In
1341 370 1376 392 vo
1395 371 1456 392 non
1475 359 1578 392 solmz
1601 357 1722 393 Plato-

322 447 324 449 ,
344 419 416 443 nem
437 408 581 457 aliosque
598 409 732 445 Graecos
747 408 950 458 philosophos
966 410 1132 450 imitatur,
1152 411 1208 459 qui
1226 410 1263 445 de
1283 410 1409 457 &gibus
1429 410 1582 460 «zcrr'pserlz
1595 424 1633 446 v.
1649 410 1720 446 III,

345 466 381 497 5.
403 460 428 497 6
445 476 454 501 ;
481 460 540 496 scd
556 461 655 497 etiam
673 462 931 498 consuetudinem
953 463 1213 512 magistratuum
1236 463 1467 503 Romarmrum,
1484 464 1541 511 qui
1562 463 1722 510 inferen-

343 511 395 549 dis
415 513 636 564 rrgandisque
653 513 795 563 legibus,
811 515 955 565 primum
973 515 1013 552 de
1032 515 1130 551 lami„-
1155 526 1183 550 ιε
1210 517 1400 551 7ι.υ(.-,.τι“ίαω
1421 518 1500 565 123³*
1524 517 1558 551 in
1584 517 1722 552 univer-

343 580 417 604 sum
442 567 658 610 disserebant,
677 567 792 604 deinde
812 582 833 604 a
850 580 1011 617 pravom,
1033 568 1142 604 sariba
1170 568 1371 615 subjicimus,
1391 570 1524 604 recitari
1546 569 1646 617 Iegem
1666 569 1722 611 iu·

345 619 479 663 habant,
500 634 574 656 mox
592 620 742 664 docendo,
762 621 966 670 explicando,
982 621 1228 671 rationibusque
1245 624 1377 669 (dferam
1388 622 1421 655 'aas
1435 635 1506 658 eam
1524 621 1722 664 suadebant,

343 679 456 723 atquc,
475 672 532 709 boc
550 673 677 710 demum
684 674 796 721 ficta,
812 674 969 724 populum
985 674 1147 711 discedere
1158 685 1200 717 ct,
1216 675 1301 710 datis
1322 674 1466 716 tabellis,
1483 675 1517 711 in
1531 689 1594 712 sua
1609 688 1721 726 quem-

343 739 404 777 que
423 726 513 763 tribu
530 727 732 777 szffvgium
742 727 840 775 firre
849 727 1029 775 jubebant.
1053 729 1123 765 Ill.
1143 733 1180 765 4.
1198 729 1232 764 in
1240 727 1311 774 fin.

882 812 1126 860 ATTmus.

249 900 272 946 1
291 873 418 943 SED
451 902 579 952 visne,
608 903 806 959 quoniam
838 912 880 944 et
912 904 1010 944 satis
1035 904 1125 960 jam
1162 903 1424 945 ambulatum
1456 913 1534 954 est,
1565 912 1607 944 et
1645 902 1721 944 tibi

259 958 404 1004 1aliud
434 959 598 999 dicendi
632 960 794 1000 initium
823 960 1074 1001 sumendum
1104 969 1181 1010 est,
1202 960 1342 1002 locum
1369 971 1599 1013 mutemus,
1619 968 1662 1001 et
1681 960 1723 1001 in

269 1015 440 1064 insula,
462 1030 555 1070 quae
569 1024 640 1055 est
661 1015 702 1055 in
733 1016 927 1066 Fibreno,
970 1025 980 1047 1
1004 1019 1116 1068 (nam
1146 1017 1296 1071 opinor
1324 1016 1383 1057 illi
1413 1016 1532 1057 alteri
1563 1016 1724 1057 flumini

291 1085 448 1112 nomen
473 1071 578 1123 esse)
606 1072 788 1112 sermoni
818 1071 979 1127 reliquo
1011 1072 1159 1113 demus
1186 1087 1373 1127 operam,
1398 1073 1588 1112 sedentes
1610 1075 1622 1113 ?
1657 1073 1722 1112 M.

292 1127 401 1169 Sane
422 1126 606 1183 quidem.
630 1142 725 1168 nam
747 1127 821 1168 illo
847 1128 943 1169 loco
972 1128 1247 1170 libentissime
1270 1129 1385 1169 soleo
1415 1129 1490 1178 uti,
1512 1128 1595 1170 sive
1622 1128 1724 1184 quid

256 1192 461 1225 2mecum
490 1183 579 1239 ipse
604 1184 765 1240 cogite,
805 1195 822 1216 2
841 1185 924 1226 sive
954 1185 1056 1241 quid
1084 1194 1156 1226 aut
1182 1185 1334 1235 scribo,
1358 1193 1430 1226 aut
1457 1185 1570 1240 lego.
1629 1186 1722 1226 Att.

293 1240 519 1296 Equidem,
544 1248 560 1271 ὃ
576 1242 648 1295 qui
669 1256 778 1281 nunc
798 1241 979 1297 primum
1003 1241 1086 1282 huc
1106 1241 1301 1292 venerim,
1321 1241 1459 1282 satiari
1481 1256 1562 1282 non
1587 1256 1696 1297 queo
1713 1258 1739 1282 :.

291 1297 619 1352 magnificasque
651 1297 782 1347 villas,
817 1307 859 1338 et
900 1298 1135 1352 pavimenta
1175 1312 1422 1349 marmorea,
1458 1308 1501 1338 et
1532 1298 1726 1353 laqueata.

289 1362 401 1395 tecta
418 1362 659 1394 contemno.
679 1353 831 1395 duetus
853 1369 948 1396 vero
967 1369 1185 1410 aquarum,
1210 1363 1226 1386 4
1245 1369 1350 1410 quos
1370 1354 1439 1394 isti
1460 1354 1566 1395 nilos
1587 1363 1630 1394 et
1648 1368 1724 1395 eu-

289 1410 403 1466 ripos
424 1419 587 1461 vocant,
609 1410 701 1466 quis
725 1425 807 1451 non
828 1426 925 1452 cum
953 1410 1043 1452 haee
1066 1411 1216 1462 videat,
1242 1410 1441 1451 irriserit?
1491 1412 1655 1467 Itaque,
1676 1417 1724 1451 ut

290 1477 338 1508 tu
359 1466 502 1523 paullo
522 1476 619 1507 ante
638 1466 689 1507 de
712 1467 807 1522 lege
836 1477 878 1507 et
899 1469 996 1523 jure
1023 1467 1241 1518 disserens,
1263 1467 1314 1508 ad
1346 1477 1538 1508 naturam
1572 1468 1723 1508 refere-

290 1524 366 1564 bas
396 1523 563 1572 omnia3
595 1523 653 1564 sic
680 1523 720 1564 in
752 1524 816 1564 his
845 1525 941 1579 ipsis
971 1524 1109 1574 rebus,
1131 1539 1225 1579 quae
1255 1523 1306 1565 ad
1338 1523 1568 1579 requietem
1596 1523 1726 1564 animi

292 1580 700 1636 delectationemque
721 1589 980 1635 quaeruntur,
1002 1590 1148 1622 natura
1175 1580 1430 1621 dominatur.
1489 1582 1631 1636 Quare
1651 1595 1725 1620 an-

293 1646 362 1677 tea
380 1636 576 1687 mirabar,
604 1636 724 1691 (nihil
746 1637 855 1677 enim
885 1636 949 1677 his
978 1638 1017 1678 in
1049 1637 1151 1677 locis
1173 1637 1250 1677 nisi
1273 1651 1382 1687 saxa,
1404 1645 1447 1677 et
1466 1645 1631 1677 montes
1651 1650 1723 1677 co-

291 1693 511 1748 gitabam:
544 1693 671 1749 idque
702 1701 749 1733 ut
779 1694 974 1744 facerem,
1008 1703 1050 1734 et
1079 1693 1338 1734 orationibus
1369 1693 1599 1734 inducebar
1627 1693 1725 1744 tuis,

293 1758 336 1790 et
356 1750 557 1802 versibus)
583 1749 655 1790 sed
677 1750 873 1799 mirabar,
895 1760 942 1790 ut
968 1749 1066 1800 dixi,
1086 1759 1128 1790 te
1161 1758 1245 1790 tam
1267 1749 1385 1790 valde
1418 1750 1499 1790 hoc
1524 1750 1620 1790 loco
1653 1748 1727 1790 de-

293 1806 468 1848 lectari:
501 1821 610 1846 nunc
645 1815 793 1847 contra
825 1807 967 1857 miror,
998 1816 1054 1857 te,
1083 1821 1179 1847 cum
1219 1807 1355 1848 Roma
1385 1806 1511 1856 absis,
1546 1821 1726 1861 usquam

255 1868 277 1898 3
294 1863 437 1918 potius
467 1877 570 1903 esse.
631 1864 698 1903 M.
727 1864 823 1918 Ego
852 1877 965 1911 vero,
996 1877 1093 1908 cum
1133 1863 1230 1903 licet
1268 1863 1409 1918 plures
1449 1862 1536 1903 dies
1566 1862 1725 1913 abesse,

251 1915 280 1943 b·
296 1919 524 1974 praesertim
547 1920 627 1960 hoc
648 1929 840 1974 tempore
861 1921 972 1970 anni,
989 1929 1031 1961 et
1050 1919 1339 1960 amoenitatem
1360 1919 1467 1959 hanc
1487 1927 1529 1959 et
1549 1918 1727 1959 salubri-

292 1984 423 2017 tatem
445 1990 613 2031 sequor‚
634 1991 726 2016 raro
747 1984 890 2016 autem
910 1975 1021 2017 licet.
1081 1975 1162 2015 Sed
1195 1976 1391 2016 nimirum
1418 1989 1486 2015 me
1511 1974 1592 2015 alia
1619 1990 1724 2030 quo-

291 2046 375 2087 que
408 2046 533 2073 causa
575 2032 769 2081 delectat,
814 2041 940 2088 ⁵quae
976 2042 1018 2073 te
1049 2046 1131 2072 non
1163 2032 1332 2087 attingit
1361 2031 1431 2072 ita.
1492 2031 1584 2071 Att.
1616 2033 1725 2073 Ouae

291 2088 461 2129 tandem
492 2089 571 2129 ista
600 2103 726 2129 causa
755 2090 846 2128 est?
880 2090 945 2129 M.
977 2089 1103 2143 Quia,
1141 2094 1158 2119 ⁶
1177 2088 1209 2129 si
1234 2102 1373 2128 verum
1409 2087 1603 2138 dicimus,
1618 2074 1725 2129 “siaeo

290 2154 357 2186 est
391 2160 499 2195 mea,
534 2152 578 2185 et
604 2144 731 2200 hujus
763 2144 900 2186 fratris
932 2132 1016 2185 mei
1046 2159 1249 2200 germana
1280 2144 1436 2198 patria:
1480 2143 1579 2184 hinc
1613 2144 1724 2185 enim

294 2208 309 2238 7
323 2201 405 2243 orti
427 2202 557 2257 stirpe
579 2201 870 2258 antiquissima
899 2216 1069 2243 sumus:
1101 2201 1168 2242 hic
1190 2215 1320 2251 sacra,
1345 2209 1360 2231 8
1379 2200 1463 2241 hic·
1476 2214 1626 2255 genus,
1658 2200 1726 2243 hic

338 2323 350 2346 1
378 2327 444 2345 nam
460 2322 503 2355 op.
521 2315 567 2344 illi
581 2315 668 2345 alteri
672 2316 715 2356 fl
733 2327 829 2346 nomen
842 2315 908 2354 esse]
928 2316 989 2346 Ex·
1077 2323 1092 2346 5
1118 2325 1183 2356 quae
1199 2320 1226 2344 te
1240 2326 1292 2343 non
1301 2314 1424 2353 attingit
1439 2312 1497 2353 ila]
1514 2314 1571 2344 Pro
1587 2314 1631 2343 ita
1646 2315 1726 2345 Gui-

291 2360 402 2389 cidisse
418 2360 539 2388 videtur
555 2359 603 2388 hoc
618 2360 667 2389 vel
683 2360 716 2389 id
729 2367 798 2399 post
812 2360 919 2399 opinor.
936 2359 989 2389 Vi-

291 2403 337 2432 dit
352 2410 382 2432 ct
398 2403 555 2432 Davisius.

336 2453 355 2475 2
379 2445 443 2474 sive
464 2445 599 2480 quidam
614 2442 718 2483 scribo]
742 2445 856 2475 Addidi
880 2444 953 2485 quid
971 2454 988 2474 e

293 2487 356 2518 Ms.
374 2488 480 2518 Guelf.
507 2494 540 2517 ut
558 2495 588 2517 et
608 2487 660 2516 alii
687 2488 764 2517 Mes.
789 2488 920 2524 habent,
939 2487 993 2516 ¹vel

292 2530 419 2573 aliquid,
438 2538 472 2560 ut
490 2538 520 2560 et
539 2532 607 2561 edd.
633 2540 678 2569 pr.
697 2531 721 2560 si
739 2531 801 2562 sive
821 2531 987 2567 deleretur,

293 2574 388 2604 etiam
405 2574 477 2615 quid
490 2575 597 2603 abesse
614 2580 726 2612 posset.

335 2623 353 2647 3
378 2618 429 2656 qui
449 2627 522 2645 nunc
532 2614 677 2655 primum]
703 2617 755 2646 Sic
779 2616 897 2645 habent
919 2615 988 2645 edd.

292 2670 338 2699 pr.
359 2659 515 2690 Victorius
539 2659 660 2698 primus
683 2659 778 2689 edidit
797 2658 988 2697 potissimum,

291 2704 374 2741 quod
405 2710 436 2732 et
467 2702 545 2732 Mss.
576 2702 707 2740 quidam
736 2701 867 2737 habent,
891 2702 988 2731 etiam

293 2745 398 2775 Guelf.
422 2746 474 2775 sed
498 2746 528 2775 id
550 2754 681 2774 sensum
704 2745 758 2774 hic
775 2745 987 2774 commodum

293 2798 357 2817 non
374 2788 479 2818 habet.

335 2837 353 2860 4
378 2842 444 2871 quos
467 2828 531 2869 isti]
556 2831 722 2861 Amatores
748 2830 933 2861 deliciarum
956 2836 987 2860 et

292 2873 539 2912 magnificentiae
554 2883 593 2903 ex
609 2879 685 2904 arte.

1032 2357 1171 2388 lielmius
1195 2358 1364 2397 reponebat
1381 2357 1454 2387 Tite.
1473 2367 1530 2396 ego
1553 2357 1726 2389 delendum

1032 2407 1120 2441 puto.
1144 2407 1256 2431 natum
1280 2406 1326 2430 est
1348 2410 1364 2429 e
1388 2400 1476 2430 finali
1496 2400 1580 2430 verbi
1603 2399 1727 2440 attingit

1032 2452 1063 2474 et
1077 2444 1179 2483 prima
1193 2443 1277 2473 verbi
1294 2444 1462 2482 sequentis.

1075 2491 1093 2516 6
1117 2487 1141 2515 si
1161 2497 1264 2515 verum
1279 2484 1415 2525 dicimus]
1440 2486 1560 2516 Durius
1583 2486 1646 2516 hoc
1667 2492 1726 2523 est,

1031 2539 1100 2573 pro,
1125 2530 1149 2559 si
1166 2538 1277 2559 verum
1301 2530 1402 2558 dicere
1421 2528 1586 2565 volumus,
1610 2537 1727 2568 nempe

1032 2581 1120 2602 more
1142 2572 1262 2611 vulgari
1286 2572 1444 2610 Arpinum
1467 2572 1517 2601 vel
1548 2572 1651 2601 Roma
1673 2581 1729 2610 pa-

1033 2616 1091 2645 tria
1108 2615 1176 2653 ejus
1196 2615 1367 2645 dicebatur.
1412 2615 1501 2645 Idem
1524 2614 1604 2644 infra
1619 2613 1665 2642 hic
1680 2624 1728 2642 sa-

1033 2669 1082 2687 cra
1105 2667 1148 2688 sc.
1174 2657 1303 2687 familiae
1328 2665 1441 2687 nostrae
1465 2657 1598 2696 propria,
1619 2656 1660 2686 dii
1682 2656 1728 2686 fa-

1033 2701 1170 2732 miliares
1187 2708 1217 2730 et
1235 2701 1323 2740 patrii
1339 2707 1414 2730 sunt
1429 2706 1459 2730 et
1474 2709 1491 2729 a
1507 2699 1597 2729 nobis
1613 2699 1728 2729 colun—

1032 2751 1092 2774 tur.

1074 2792 1089 2821 7
1115 2786 1170 2815 orti
1192 2793 1227 2815 st.
1253 2797 1271 2815 a
1295 2783 1404 2826 sumus]
1431 2785 1545 2815 Addidi
1569 2794 1664 2813 sumus
1686 2793 1727 2816 ex

1029 2830 1098 2860 edd.
1116 2839 1161 2868 pr.

1074 2878 1091 2903 8
1114 2871 1160 2901 hic
1172 2870 1274 2911 genus]
1294 2871 1344 2902 Sic
1360 2871 1422 2902 fere
1443 2870 1522 2901 Mss.
1540 2876 1571 2900 et
1591 2869 1660 2900 edd.
1678 2877 1725 2909 pr.
