1844 3202
614 130 792 170 L1BER
825 128 1102 169 TERTIUS.
1497 136 1570 182 79¹

145 236 313 296 Iosophi
334 239 552 291 nominati,
573 254 699 280 omne
719 239 880 280 bonum
901 238 943 279 in
967 238 1182 293 voluptate
1203 249 1434 292 posuerunt
1453 258 1462 282 :
1493 241 1575 282 vir-

144 304 365 353 tutemque
385 305 636 338 censuerunt
656 296 712 336 ob
741 309 835 336 eam
865 310 953 336 rem
975 309 1063 335 esse
1084 293 1354 345 laudandam,
1376 298 1489 352 quod
1512 298 1575 339 ef-

146 352 288 394 ficiens
307 362 414 395 esset
433 352 672 408 voluptatis.
688 352 842 408 quibus
861 351 1062 393 obsoletis
1083 351 1204 392 floret
1224 351 1445 405 EpicuruS,
1464 354 1577 410 ejus-

147 407 243 450 dem
265 410 349 450 fere
368 409 537 464 adjutor
556 419 786 465 auctorque
807 408 1038 449 sententiae.
1090 407 1200 448 Cum
1223 406 1302 457 his,
1321 408 1417 449 viris
1436 411 1574 464 equis-

148 479 244 519 que,
274 474 321 505 ut
350 465 518 516 dicitur,
541 466 574 506 si
594 465 858 506 honestatem
880 465 988 506 tueri
1009 479 1056 505 ac
1082 465 1257 505 retinere
1279 465 1482 505 sententia
1500 476 1577 516 est,

145 520 445 562 decertandum
466 532 543 562 est.
603 523 714 563 Nam
737 522 771 563 si
794 537 877 563 non
898 521 1029 562 modo
1049 521 1223 571 utilitas,
1245 520 1317 561 sed
1339 521 1421 562 vita
1442 522 1578 563 omnis
1597 535 1665 573 117

144 575 282 627 beata,
303 578 490 633 corporis
510 578 627 619 firma
647 579 963 629 constitutione,
985 578 1160 634 ejusque
1177 577 1489 619 constitutionis
1506 592 1580 633 spe

145 631 374 687 explorata,
405 644 454 675 ut
482 649 507 675 a
537 635 790 676 Metrodoro
821 635 1026 690 scriptum
1056 645 1134 685 est,
1173 634 1437 675 continetur:
1469 643 1581 676 certe

146 687 239 729 haec
270 690 442 742 utilitas,
473 700 516 731 et
545 692 715 748 quidem
747 706 927 742 summa,
950 691 1009 732 sic
1039 691 1160 731 enim·
1173 701 1358 741 censent,
1382 705 1480 732 cum
1502 690 1582 732 ho-

146 754 309 787 nestate
329 747 549 802 pugnabit.
569 763 666 789 nam
688 748 760 789 ubi
780 749 964 804 primum
985 747 1220 802 prudentiae
1241 747 1360 788 locus
1380 747 1549 789 dabitur
1567 750 1579 787 ἒ

145 815 214 852 an,
236 812 283 843 ut
308 803 529 859 conquirat
553 804 739 860 undique
758 805 980 846 suavitates
999 806 1012 845 ?
1045 818 1172 860 quam
1193 803 1320 844 miser
1339 804 1501 845 virtutis
1522 805 1582 845 fa-

147 857 349 910 mulatus,
368 860 580 901 servientis
601 861 824 917 voluptati!
848 861 964 917 quod
985 868 1126 901 autem
1149 875 1302 902 munus
1320 861 1582 915 prudentiae?

146 928 201 955 an
227 915 370 972 legere
400 916 684 972 intelligenter
702 918 940 973 voluptates
958 919 971 958 ?
1005 918 1070 958 fac
1092 917 1197 958 nihil
1218 917 1300 958 isto
1321 931 1411 958 esse
1425 918 1584 974 jucun-

148 970 270 1013 dius:
300 973 403 1028 quid
430 974 610 1028 cogitari
636 984 778 1030 potest
807 975 1000 1030 turpius?
1032 975 1144 1024 Jam,
1164 974 1236 1030 qui
1257 973 1448 1014 dolorem
1471 989 1587 1015 sum-

150 1042 268 1069 mum
292 1029 453 1071 malum
473 1030 600 1082 dicat,
622 1031 735 1086 apud
754 1046 853 1072 eum
880 1045 1006 1087 quem
1037 1029 1166 1071 habet
1193 1030 1335 1072 locum
1363 1031 1584 1081 fortitudo,
1598 1048 1627 1078 p·
1642 1043 1693 1072 76·

149 1099 245 1140 quae
284 1095 349 1127 est
388 1086 583 1128 dolorum
622 1087 902 1143 laborumque
943 1087 1176 1128 contemtio
1196 1088 1210 1127 ?
1246 1088 1434 1142 quamvis
1473 1088 1585 1129 enim
1597 1092 1625 1112 a.

149 1141 294 1182 multis
324 1142 365 1183 in
395 1143 500 1184 locis
531 1144 645 1185 dicat
674 1145 880 1200 Epicurus
914 1144 1040 1197 (sicut
1067 1144 1136 1184 hic
1158 1143 1276 1197 dicit)
1302 1145 1402 1185 satis
1423 1145 1588 1185 fortiter

150 1197 204 1238 de
236 1197 413 1240 dolore:
445 1208 587 1241 tamen
628 1209 664 1232 ⁵1
682 1215 765 1241 non
800 1199 1074 1256 spectandum
1111 1209 1188 1249 est,
1225 1200 1326 1256 quid
1357 1200 1482 1251 dicat,
1515 1201 1589 1242 sed

151 1253 256 1310 quid
275 1264 603 1297 consentaneum
626 1256 680 1298 sit
700 1257 738 1298 ei
757 1256 910 1307 dicere,
931 1257 1004 1312 qui
1024 1257 1136 1297 bona
1153 1256 1368 1312 voluptate
1387 1257 1588 1298 termina·

152 1311 271 1362 verit,
303 1312 415 1353 mala
443 1312 614 1354 dolore:
647 1322 709 1365 ut,
750 1313 783 1354 si
813 1313 933 1355 illum
968 1313 1137 1354 audiam
1172 1312 1224 1354 de
1256 1314 1517 1355 continentia
1547 1323 1589 1355 et

153 1369 442 1423 temperantia.
472 1369 575 1410 dicit
602 1369 672 1411 ille
694 1369 862 1426 quidem
892 1369 1030 1411 multa
1055 1369 1202 1410 multis
1222 1369 1351 1411 locis:
1385 1370 1459 1411 sed
1481 1385 1590 1427 aqua

152 1424 298 1475 haeret,
320 1434 367 1466 ut
386 1426 515 1467 aiunt.
537 1441 634 1467 nam
655 1429 726 1483 qui
760 1435 901 1482 potest
919 1426 1237 1481 temperantiam
1259 1426 1428 1468 laudare
1448 1427 1497 1477 is,
1518 1428 1592 1483 qui

152 1490 284 1536 ponat
312 1496 526 1524 summum
555 1483 715 1524 bonum
743 1483 786 1524 in
820 1483 1063 1538 voluptate?
1097 1492 1161 1524 est
1180 1482 1291 1523 enim
1313 1483 1592 1538 temperantia

149 1537 374 1579 libidinum
395 1539 565 1580 inimica
583 1556 592 1581 ι
622 1539 817 1580 libidines
842 1549 984 1581 autem
1004 1540 1328 1580 consectatrices
1349 1540 1591 1595 voluptatiS.

150 1594 297 1651 Atque
317 1595 358 1635 in
384 1595 449 1636 his
470 1606 612 1637 tamen
634 1596 767 1637 tribus
788 1596 1030 1652 generibUS,
1053 1611 1225 1652 quoquo
1247 1595 1377 1637 modo
1398 1605 1590 1651 possunt,
1608 1610 1680 1643 118

152 1665 237 1692 non
257 1651 451 1693 incallide
472 1653 825 1709 tergiversantur.⁴
864 1652 1133 1694 prudentiam
1153 1652 1441 1703 introducunt,
1458 1652 1593 1694 scien-

151 1707 255 1748 tiam
286 1709 626 1764 suppeditantem
649 1709 899 1764 voluptateS,
920 1708 1202 1764 depellentem
1225 1708 1406 1750 dolores.
1426 1709 1595 1751 fortitu-

153 1763 296 1805 dinem
327 1779 497 1821 quoque
527 1766 669 1821 aliquo
699 1766 830 1806 modo
861 1765 1105 1821 expediunt,
1125 1780 1223 1807 cum
1254 1765 1439 1816 tradunt,
1464 1766 1594 1807 ratio-

153 1835 251 1862 nem
271 1822 537 1878 negligendae
561 1823 722 1873 mortis,
740 1822 1085 1878 perpetiendique
1105 1821 1276 1863 doloris.
1326 1823 1466 1863 Etiam
1487 1831 1596 1863 tem-

155 1879 387 1933 perantiam
424 1879 645 1928 inducunt,
679 1894 763 1920 non
797 1878 997 1920 facillime
1030 1878 1090 1919 illi
1125 1878 1310 1934 quidem,
1345 1878 1418 1920 sed
1452 1888 1595 1920 tamen

154 1949 328 1990 quoquo
358 1935 489 1977 modo
519 1945 710 1991 possunt.
741 1936 889 1976 dieunt
918 1936 1046 1984 enim,
1076 1935 1303 1989 voluptatis
1333 1935 1594 1991 magnitudi-

156 2005 252 2032 nem
275 1991 432 2033 doloris
453 1992 713 2034 detractione
735 1992 855 2033 finiri.
912 1992 1085 2033 Justitia
1103 1991 1283 2042 vacillat,
1305 1992 1368 2032 vel
1382 1992 1499 2048 jacet
1518 2007 1597 2047 po-

155 2047 254 2098 tius,
275 2053 507 2105 omnesque
524 2062 584 2089 eae
611 2049 798 2100 virtutes,
828 2063 923 2104 quae
953 2048 995 2088 in
1021 2048 1328 2089 communitate
1350 2059 1597 2099 cernuntur,

155 2113 204 2157 et
217 2103 260 2145 in
280 2105 480 2147 societate
498 2107 664 2161 generis
683 2105 871 2147 humani.
894 2119 1030 2161 neque
1057 2105 1170 2145 enim
1192 2105 1372 2155 bonitas,
1393 2120 1470 2146 nec
1491 2105 1598 2146 libe-

157 2161 314 2213 ralitas,
346 2176 422 2203 nec
452 2162 629 2204 comitas
660 2176 752 2204 esse
781 2171 937 2218 potest,
968 2176 1052 2203 non
1073 2161 1166 2216 plus
1191 2176 1317 2217 quam
1339 2162 1538 2212 amicitia,
1561 2162 1596 2202 si

157 2218 251 2259 haec
272 2232 357 2260 non
376 2232 453 2274 per
482 2233 525 2260 se
555 2228 818 2274 expetantur,
838 2218 912 2260 sed
941 2217 994 2259 ad
1023 2219 1301 2273 voluptatem,
1320 2218 1597 2260 utilitatemve

159 2275 404 2316 referantur.
467 2275 748 2317 Conferamus
777 2275 908 2331 igitur
936 2275 979 2316 in
1007 2289 1155 2330 pauca.
1182 2289 1278 2315 nam
1302 2286 1349 2316 ut
1368 2275 1594 2317 utilitatem
1612 2290 1687 2330 119

161 2331 320 2372 nullam
354 2347 445 2373 esse
476 2331 713 2383 docuimus,
749 2347 844 2388 quae
878 2331 1089 2372 honestati
1123 2340 1235 2372 esset
1267 2332 1506 2374 contraria:
1538 2331 1597 2373 sic

161 2402 330 2428 omnem
359 2389 620 2445 voluptatem
651 2388 830 2430 dicimus
861 2388 1072 2429 honestati
1101 2402 1192 2429 esse
1221 2389 1489 2430 contrariam.
1512 2403 1598 2445 quo

159 2444 297 2499 magis
316 2445 682 2500 reprehendendos
704 2445 1004 2501 Calliphonem
1024 2454 1068 2485 et
1099 2445 1418 2486 Dinomachum
1432 2445 1599 2502 judico,

162 2501 235 2557 qui
265 2515 308 2542 se
339 2501 591 2545 diremturos
621 2502 948 2544 controversiam
977 2511 1243 2557 putaverunt,
1273 2502 1307 2543 si
1337 2517 1435 2543 cum
1465 2502 1598 2542 hone·
1609 2511 1644 2545 b.

160 2566 270 2600 state
290 2557 564 2613 voluptatem,
582 2569 799 2615 tamquam
819 2574 916 2600 cum
933 2558 1105 2600 homine
1123 2559 1347 2614 pecudem,
1366 2557 1603 2614 copulavis-

162 2624 268 2656 sent.
326 2615 430 2655 Non
459 2616 606 2671 recipit
635 2617 759 2658 istam
790 2615 1136 2672 conjunctionem
1166 2615 1380 2666 honestas,
1404 2629 1602 2670 asperna—

164 2681 247 2722 tur,
277 2671 455 2727 repellit.
485 2686 562 2713 nec
592 2687 689 2714 vero
721 2672 813 2714 finis
842 2673 1068 2724 bonorum,
1105 2681 1144 2704 ⁵2
1166 2674 1225 2725 (et
1253 2672 1495 2724 malorum,)
1529 2671 1603 2727 qui

210 2793 246 2816 51
273 2796 326 2815 non
356 2785 390 2815 id
408 2785 592 2825 spectandum
614 2784 670 2826 est]
695 2786 729 2816 id
747 2786 861 2824 delevi,
905 2797 964 2817 um
979 2797 1046 2818 esse
1061 2793 1174 2827 potest.

165 2829 250 2868 quod
266 2828 357 2859 nullo
374 2830 470 2860 modo
485 2829 596 2860 locum
614 2830 730 2860 habere
748 2837 861 2871 potest,
950 2837 989 2861 52
1012 2837 1040 2860 et
1055 2827 1208 2867 malorum]
1227 2827 1323 2858 Recte
1339 2827 1402 2858 hoc
1411 2827 1506 2858 deleri
1518 2827 1606 2858 vole-

165 2872 240 2912 quia
255 2872 396 2912 sequitur
411 2872 494 2915 quid,
519 2874 551 2903 in
566 2883 630 2913 quo
646 2873 776 2905 nullum
792 2873 862 2904 viti-
905 2872 960 2904 bat
975 2873 1135 2911 Muretus,
1151 2880 1293 2913 eumque
1305 2878 1434 2903 secutus
1449 2871 1601 2904 Peatciu‘s
