1844 3202
611 113 1025 157 CONSOLATIO.
1452 118 1548 150 1005

120 226 310 270 laborem
333 227 529 277 sentiunt,
547 235 604 277 et,
625 227 658 268 si
682 235 820 267 tantus
849 233 924 274 est,
946 234 993 264 ut
1020 221 1242 277 aliquando
1272 231 1478 276 crumpat,
1496 235 1547 262 co

118 293 260 325 tamen
293 299 376 325 non
405 297 661 338 magnopere
690 291 922 323 moventur.
951 279 1028 321 toti
1059 278 1168 318 enim
1200 278 1238 317 in
1273 293 1323 317 eo
1358 290 1469 328 sunt,
1501 288 1546 318 ut

116 341 279 395 prosint
299 341 458 396 patriae,
473 339 839 394 immortalemque
860 337 937 377 sibi
957 335 1136 377 nominis
1159 334 1402 374 memoriam
1426 350 1545 375 com-

114 407 278 450 parent.
301 412 394 438 nam
423 397 456 436 si
478 396 570 451 quis
594 396 888 451 negligendam
913 393 1052 441 ducat,
1075 405 1330 444 omnemque
1365 390 1545 431 hominis

116 452 359 494 felicitatem
388 461 500 493 recte
535 454 743 493 factorum
778 450 1033 492 conscientia
1061 447 1197 488 metiri
1228 446 1336 496 velit,
1369 447 1400 486 is
1432 458 1544 488 certe

115 508 276 550 divinos
314 509 508 558 honores,
538 509 610 564 qui
640 508 761 549 claris
791 508 884 548 viris
915 506 1042 546 tribui
1071 513 1388 551 consueverunt,
1421 519 1541 544 num-

115 579 242 620 quam
264 565 464 621 negliget.
487 566 640 606 etenim
662 564 713 604 de
734 564 811 605 diis
832 563 945 617 ipsis,
967 562 1037 617 qui
1059 559 1229 601 eosdem
1262 559 1338 599 sibi
1365 558 1543 601 honores

115 621 363 672 asciverunt,
384 620 791 677 pessimejudicasse
811 619 1029 660 videretur.
1063 627 1178 657 tanta
1206 625 1345 656 autem
1380 630 1542 665 eorum,

115 677 186 732 qui
218 677 460 733 hujusmodi
491 677 795 718 consuetudine
825 675 1019 716 delectati
1051 682 1160 722 sunt,
1190 684 1230 713 et
1262 672 1476 727 sapientia,
1502 683 1545 712 et

114 733 290 788 aequitas
319 734 576 791 agnoscitur,
602 741 649 774 ut
679 732 860 773 dubitari
889 746 969 771 non
1001 729 1147 786 possit,
1177 729 1291 785 quin,
1324 729 1400 784 ipsi
1430 728 1543 784 quod

114 799 308 844 egerunt,
330 805 354 832 a
381 799 493 832 certa
515 790 675 831 ratione
702 788 999 844 proficiscatur.
1034 786 1177 843 quales
1212 799 1428 826 numerare
1463 786 1545 825 La-

114 846 380 888 cedaemonas
410 861 648 902 possumus,
681 845 948 895 clarissimos,
981 853 1023 884 et
1051 843 1302 884 fortissimos
1324 842 1444 892 viros,
1473 842 1544 897 qui

112 902 221 944 cives
253 917 367 952 suos,
399 913 577 944 mortem
610 916 686 957 pro
719 902 852 958 patria
886 901 1105 950 obeuntes,
1135 899 1282 940 divinis
1315 897 1544 939 honoribus

114 958 277 1000 afficere
314 960 516 1000 solebant.
575 959 691 1016 Quid
723 973 819 999 vero
853 958 950 1007 illae,
991 957 1126 997 omnis
1167 956 1288 1011 plane
1327 955 1545 1005 doctrinae,

112 1015 335 1072 omnisque
365 1015 578 1071 sapientiae
609 1024 800 1071 parentes
830 1015 1042 1055 Athenae?
1085 1021 1223 1053 nonne
1256 1012 1445 1053 Codrum
1480 1027 1545 1052 re-

113 1085 211 1126 gem
233 1087 371 1123 suum,
392 1073 447 1113 ob
475 1073 675 1128 pietatem
707 1073 748 1113 in
779 1072 972 1127 patriam,
1003 1071 1234 1124 meritaque
1266 1069 1351 1118 illa,
1389 1069 1545 1123 quibus

114 1128 324 1179 excelluit,
347 1144 505 1185 magno
527 1143 733 1170 consensu
755 1129 796 1169 in
827 1128 929 1169 deos
960 1127 1224 1168 retulerunt?
1256 1127 1400 1180 Atque
1432 1125 1543 1165 haud

113 1184 216 1235 scio,
242 1199 294 1225 an
324 1196 436 1226 recte
462 1187 663 1227 senserint
681 1186 754 1226 viri
784 1184 1032 1232 doctissimi,
1053 1197 1232 1238 quorum
1261 1196 1310 1222 ea
1341 1181 1420 1222 fuit
1450 1181 1544 1236 opi-

115 1240 200 1291 nio,
221 1241 327 1282 viros
349 1242 498 1292 claros,
521 1252 564 1284 et
588 1243 716 1283 fortes
746 1242 898 1283 iccirco
929 1241 1105 1282 deorum
1134 1238 1434 1279 immortalium
1465 1238 1543 1279 ho-

113 1311 214 1337 nore
239 1308 520 1348 consecratOS,
549 1310 595 1340 ut
620 1299 863 1340 incitaretur
890 1298 1019 1338 virtus
1048 1297 1196 1346 acrius,
1226 1307 1269 1336 et
1295 1306 1545 1335 acuerentur

115 1353 403 1396 vehementius
423 1356 475 1396 ad
497 1356 693 1396 obeunda
721 1355 905 1411 pericula
932 1354 1004 1410 qui
1032 1353 1177 1409 patriae
1199 1367 1357 1401 amore,
1379 1352 1545 1392 studio-

114 1424 196 1465 que
227 1412 489 1453 tenebantur.
520 1427 614 1452 vera
643 1413 755 1453 enim
786 1411 947 1453 virtutis
978 1424 1137 1451 merces
1167 1409 1304 1464 gloria
1335 1419 1426 1448 est:
1469 1422 1544 1448 nec

113 1467 346 1562 (quidquam
377 1477 439 1510 est
468 1468 594 1519 aliud,
615 1484 700 1525 quo
728 1469 863 1523 magis
893 1467 945 1508 ad
976 1477 1103 1516 recte,
1130 1466 1387 1520 honesteque
1416 1480 1545 1520 agen-

147 1538 216 1564 um
256 1526 490 1578 praestantis
531 1525 658 1566 animi
697 1525 887 1565 homines
918 1523 1206 1564 incendantur.
1239 1521 1353 1578 quod
1385 1521 1546 1576 optime

112 1581 297 1634 agnovit,
318 1595 366 1622 ac
394 1581 627 1622 diutissime
655 1582 840 1631 retinuit,
861 1581 1050 1621 onmium
1082 1580 1313 1620 litterarum
1347 1578 1548 1632 praeclara

112 1645 271 1688 custos,
303 1645 345 1677 et
376 1637 497 1678 altrix
527 1638 720 1679 Graecia:
752 1653 846 1694 quae
879 1637 1037 1679 multos
1071 1636 1198 1676 habet
1221 1635 1383 1676 virtutis
1412 1636 1547 1689 gratia

113 1691 249 1733 factos
288 1707 338 1734 ex
377 1693 621 1735 hominibus
662 1694 777 1744 deos,
809 1709 989 1749 quorum
1027 1693 1129 1733 alios
1169 1694 1353 1732 fatentur
1390 1706 1546 1732 novos:

114 1748 220 1789 alios
241 1749 384 1790 multis
407 1750 497 1806 jam
527 1750 678 1791 seculis
707 1760 897 1805 receptos
929 1751 970 1790 in
1002 1749 1173 1797 coelum,
1194 1756 1546 1803 consecratosque

115 1805 380 1848 contendunt
397 1822 408 1856 ;
440 1821 566 1862 quam
586 1807 710 1848 multi
740 1821 881 1848 autern
911 1807 1006 1857 sint,
1029 1806 1099 1862 qui
1130 1805 1367 1846 reconditas
1397 1819 1545 1845 eorum

115 1871 356 1903 scrutantur
395 1863 568 1915 litteras,
607 1878 729 1905 nosse
768 1865 943 1904 fortasse
990 1871 1179 1918 possunt.
1257 1863 1411 1916 Neque
1451 1876 1546 1902 vero

114 1916 205 1959 haec
225 1933 250 1958 a
270 1933 339 1959 me
364 1920 460 1961 ideo
488 1920 699 1976 copiosius
729 1920 1011 1975 disputantur,
1034 1919 1149 1975 quod
1179 1933 1251 1960 eos
1280 1927 1451 1968 temere,
1473 1933 1545 1959 ne-

114 1989 196 2029 que
217 1975 316 2016 satis
336 1976 597 2018 considerate
622 1986 706 2018 tam
739 1978 896 2017 multos
926 1985 1193 2016 consecratos
1224 1989 1314 2015 esse
1343 1975 1455 2015 credi
1478 1990 1545 2015 ve-

115 2030 189 2071 lim
209 2047 218 2071 :
247 2045 345 2072 cum
367 2030 439 2074 eos'
460 2033 549 2088 ipse
571 2048 740 2089 quoque
763 2047 942 2083 venerer,
970 2033 1230 2087 deorumque
1261 2032 1356 2072 loco
1387 2031 1546 2072 haben-

115 2086 193 2127 dos
220 2097 397 2143 putem:
429 2090 501 2131 sed
531 2090 686 2145 potius,
709 2105 804 2131 cum
837 2099 901 2130 tot
931 2089 1043 2144 apud
1074 2103 1220 2130 omnes
1250 2103 1369 2143 paene
1398 2097 1547 2142 gentes

114 2143 444 2196 immortalitate,
482 2146 713 2202 divinisque
749 2146 980 2187 honoribus
1018 2145 1157 2186 affecti
1186 2142 1470 2200 reperiantur,
1501 2153 1567 2185 ut·

115 2213 315 2242 exacuam
342 2202 551 2244 bonorum
583 2213 744 2244 mentes
773 2204 826 2243 ad
856 2217 906 2243 ea
934 2201 1226 2258 promerenda,
1258 2216 1351 2256 quae
1383 2201 1548 2255 sapien-

117 2255 223 2297 tium
252 2257 417 2313 judicio
448 2259 660 2301 ducuntur
689 2259 962 2315 amplissima.
992 2258 1095 2299 nihil
1124 2259 1236 2299 enim
1267 2257 1549 2313 praestantius,

116 2321 190 2376 aut
228 2314 608 2357 beatiusaccidere
639 2316 801 2357 homini
835 2323 991 2372 potest,
1022 2329 1147 2371 quam
1179 2329 1230 2355 eo
1261 2314 1356 2355 loco
1387 2313 1549 2364 donari,

116 2383 158 2408 m
179 2383 305 2424 quem
325 2381 373 2412 ut
393 2373 666 2414 ascenderent
685 2372 801 2414 urbis
822 2382 977 2414 nostrae
1009 2371 1261 2421 conditores,
1284 2370 1447 2411 nullum
1478 2384 1549 2425 pe-

115 2425 312 2489 riculum,
333 2428 497 2470 nullum
516 2429 718 2481 laborem,
740 2429 903 2470 nullum
928 2429 1109 2488 denique
1136 2438 1348 2469 certamen
1379 2436 1549 2481 praeter-

115 2492 333 2524 miserunt.
355 2498 419 2535 ac,
439 2485 473 2526 si
493 2486 663 2541 privatae
683 2486 891 2536 utilitatis,
912 2494 955 2527 et
975 2484 1191 2526 commodi
1221 2483 1414 2524 habenda
1442 2482 1549 2523 ratio

115 2546 194 2589 est,
218 2539 375 2581 nullam
405 2541 530 2583 aliam
555 2552 763 2599 expetere,
784 2553 857 2584 aut
883 2551 1030 2599 optare
1051 2541 1110 2583 vir
1138 2540 1316 2596 sapiens,
1337 2550 1378 2579 et
1408 2539 1548 2579 erudi-

116 2601 199 2646 tus,
230 2605 382 2650 praeter
409 2596 516 2639 hanc
545 2614 689 2651 unam,
719 2599 861 2641 debet.
915 2598 1097 2654 Templa
1124 2612 1220 2638 vero
1250 2596 1418 2651 publice
1438 2605 1548 2645 vota,

117 2659 161 2692 et
198 2651 391 2694 dedicata
409 2669 420 2704 ;
469 2665 672 2710 quantum
713 2656 755 2697 in
785 2656 934 2711 vulgus
964 2654 1196 2711 dignitatis,
1228 2662 1431 2708 quantum
1472 2651 1547 2691 ha-

116 2706 219 2748 bent
244 2709 426 2764 gloriae?
458 2724 554 2752 cum
578 2726 738 2764 omnes,
760 2713 832 2768 qui
859 2712 959 2753 deos
986 2712 1096 2762 illos,
1116 2710 1268 2766 quibus
1297 2708 1455 2763 templa
1474 2722 1547 2748 vo-

116 2773 279 2817 ventur,
318 2765 486 2821 publice
514 2767 673 2820 colunt,
704 2768 825 2810 fateri
855 2778 1077 2824 cogantur,
1108 2777 1151 2808 et
1179 2766 1305 2807 fuisse
1340 2764 1548 2814 homines,

117 2826 161 2861 et
190 2821 244 2863 ad
283 2822 400 2874 deos,
430 2823 675 2881 divinosque
704 2826 904 2876 honores,
933 2840 1018 2866 uua
1047 2825 1198 2866 virtute
1227 2823 1372 2872 fretos,
1402 2834 1546 2865 ascen-

172 2889 287 2920 VOL.
309 2893 376 2921 1v.
402 2893 440 2921 Ρ.
463 2893 519 2922 11.
870 2894 895 2937 3
918 2894 946 2922 Τ
