1844 3202
603 149 681 187 DE
715 147 1025 186 AMICITIA.
1450 153 1526 187 845

96 258 215 310 cetis,
234 258 322 301 sine
342 271 427 315 qua
445 255 629 298 amicitia
658 269 749 297 esse
778 269 862 297 non
892 262 1044 310 potest,
1074 262 1123 294 ut
1150 266 1200 294 ea
1228 262 1402 308 excepta
1421 254 1525 296 nihil

96 315 282 357 amicitia
298 312 576 372 praestabilius
597 311 768 369 putetis.

360 579 439 632 M.
478 578 762 632 TULLII
801 576 1248 631 CICERONIS
1532 575 1650 645 {321⁶-

512 709 1099 782 PARADOXA

779 854 834 879 AD

591 938 663 986 M.
698 935 1018 985 BRUTUM.

85 1194 560 1272 ANIMADVERTI,
576 1221 722 1272 Brute,
736 1233 847 1276 saepe
865 1219 1091 1270 Catonem,
1108 1218 1363 1261 avunculum
1378 1226 1518 1274 tuum,
1536 1222 1556 1270 1

84 1295 185 1322 cum
213 1280 256 1321 in
286 1286 436 1321 senatu
464 1277 713 1318 sententiam
744 1276 916 1327 diceret,
946 1276 1062 1317 locos
1093 1291 1237 1331 graves
1258 1290 1308 1317 ex
1327 1276 1518 1332 philoso-

114 1337 183 1378 hia
201 1345 393 1386 tractare,
411 1334 682 1376 abhorrentes
701 1332 754 1374 ab
773 1332 856 1374 hoc
876 1348 957 1374 usu
977 1333 1130 1374 forensi
1150 1343 1193 1374 et
1213 1332 1384 1388 publico
1402 1351 1412 1374 ε
1444 1335 1520 1377 sed

83 1351 265 1434 gicendo
285 1389 488 1447 consequi
507 1401 663 1441 tamen,
691 1398 705 1421 1
719 1399 767 1431 ut
786 1390 859 1430 illa
877 1390 1005 1431 etiam
1025 1389 1185 1444 populo
1206 1389 1440 1444 probabilia
1458 1392 1518 1433 vi·

81 1449 293 1491 derentur.
332 1449 449 1504 quod
483 1462 535 1488 eo
571 1447 708 1503 majus
745 1455 809 1487 est
840 1446 915 1498 illi,
949 1460 1078 1501 quam
1110 1455 1183 1487 aut
1211 1445 1303 1496 tibi,
1336 1455 1409 1487 aut
1439 1463 1516 1489 no-

79 1506 146 1547 bis
165 1522 175 1546 :
205 1505 304 1562 quia
324 1519 400 1546 nos
427 1519 476 1545 ea
506 1503 775 1559 philosophia
794 1502 889 1558 plus
910 1503 1085 1552 utimur,
1117 1511 1134 1534 ‘2
1154 1517 1247 1558 quae
1269 1502 1434 1557 peperit
1454 1504 1519 1545 di-

79 1562 204 1604 cendi
232 1562 415 1618 copiam,
435 1570 478 1601 et
506 1560 549 1601 in
579 1575 664 1616 qua
693 1560 892 1601 dicuntur
921 1573 984 1610 ea,
1005 1574 1100 1615 quae
1122 1574 1206 1600 non
1226 1558 1412 1600 multum
1434 1560 1520 1602 dis-

79 1627 253 1675 crepant
282 1619 336 1660 ab
361 1617 557 1673 opinione
586 1617 792 1673 populari.
854 1616 963 1657 Cato
992 1625 1136 1656 autem
1167 1615 1379 1670 perfectus
1406 1619 1518 1670 (mea

79 1675 301 1728 sententia)
336 1674 519 1724 Stoicus,
551 1684 593 1714 et
621 1688 671 1714 ea
700 1673 843 1724 sentit,
863 1688 959 1729 quae
990 1687 1074 1712 non
1099 1687 1197 1712 sane
1217 1672 1452 1727 probantur
1471 1674 1515 1715 in

77 1731 256 1787 vulgus:
287 1739 330 1772 et
349 1731 392 1771 in
412 1745 462 1771 ea
479 1738 542 1771 est
560 1730 723 1780 haeresi,
744 1744 838 1784 quae
859 1729 1022 1769 nullum
1041 1728 1231 1784 sequitur
1251 1729 1398 1770 florem
1420 1745 1515 1771 ora-

75 1787 218 1838 tionis,
239 1801 374 1842 neque
405 1787 553 1828 dilatat
580 1796 883 1842 argumentum
904 1802 913 1826 :
948 1792 964 1816 3
980 1785 1154 1826 minutis
1180 1786 1512 1841 interrogatiun-

76 1843 198 1893 culis,
227 1843 346 1899 quasi
377 1843 559 1898 punctis‚
590 1842 704 1898 quod
734 1843 969 1897 proposuit,
1001 1841 1141 1882 efficit.
1201 1841 1284 1882 Sed
1312 1842 1417 1884 nihil
1447 1853 1512 1886 est

74 1910 165 1943 tam
185 1900 442 1951 incredibile,
464 1898 579 1955 quod
603 1913 688 1939 non
719 1899 896 1939 dicendo
926 1899 995 1939 fiat
1020 1896 1266 1953 probabile:
1299 1899 1403 1940 nihil
1421 1909 1511 1942 tam

74 1956 311 2008 horridum,
331 1966 420 1998 tam
446 1956 669 2006 incultum,
690 1955 806 2010 quod
837 1970 921 1996 non
953 1953 1218 2010 splendescat
1245 1955 1448 2007 oratione,
1468 1966 1513 1999 et

73 2022 295 2069 tamquam
315 2012 545 2054 excolatur.
564 2012 680 2067 quod
707 2026 805 2052 cum
824 2011 884 2052 ita
904 2021 1110 2067 putarem,
1131 2011 1212 2052 feci
1232 2012 1359 2052 etiam
1380 2014 1511 2055 auda-

73 2069 179 2120 cius,
200 2084 327 2125 quam
347 2069 416 2110 ille
436 2069 540 2124 ipse,
561 2068 614 2110 de
636 2083 721 2124 quo
741 2068 907 2124 loquor.
968 2067 1080 2109 Cato
1099 2067 1213 2109 enim
1234 2068 1439 2110 duntaxat
1459 2070 1511 2111 de

73 2125 368 2182 magnitudine
388 2126 530 2176 animi,
555 2134 574 2156 4
587 2125 640 2166 de
661 2124 933 2174 continentia,
956 2124 1009 2166 de
1033 2134 1187 2176 morte,
1206 2123 1257 2165 de
1278 2126 1395 2166 omni
1416 2125 1511 2167 lau-

72 2183 127 2224 de
158 2182 335 2233 virtutis,
367 2181 419 2223 de
443 2183 522 2223 diis
551 2181 879 2232 immortalibus,
900 2181 952 2222 de
973 2181 1148 2223 caritate
1175 2181 1337 2237 patriae,
1371 2182 1513 2224 Stoice

72 2239 196 2291 solet,
224 2238 418 2281 oratoriis
449 2238 705 2280 ornamentis
735 2237 949 2288 adhibitis,
975 2237 1128 2279 dicere.
1186 2238 1282 2293 Ego
1312 2253 1408 2280 vero
1437 2238 1511 2281 illa

72 2296 177 2351 ipsa,
198 2311 294 2351 quae
312 2295 377 2337 vix
408 2295 451 2335 in
470 2294 718 2352 gymnasiis,
738 2304 782 2335 et
799 2295 843 2335 in
864 2294 952 2336 otio
974 2294 1106 2336 Stoici
1137 2294 1334 2350 probant,
1356 2294 1509 2338 ludens

70 2351 235 2408 conjeci
254 2353 294 2392 in
317 2366 565 2393 communes
586 2352 717 2393 locos.
738 2366 848 2407 quae,
870 2351 970 2407 quia
987 2359 1087 2392 sunt
1105 2351 1382 2403 admirabilia,
1402 2348 1505 2394 conss
1517 2364 1552 2397 b.

71 2417 220 2464 traque
241 2408 483 2465 opinionem
503 2409 711 2459 omnium,
738 2408 792 2450 ab
816 2408 917 2463 ipsis
936 2407 1065 2449 etiam
1083 2407 1272 2463 παράδοξα
1289 2406 1507 2464 appellan-

116 2540 131 2563 1
156 2539 189 2562 ut
205 2531 270 2572 illa]
293 2534 375 2564 Quae
389 2535 504 2564 diceret
518 2535 557 2565 de
572 2536 637 2565 istis
653 2534 743 2565 locis.
807 2541 882 2564 vent
905 2535 1053 2564 animum
1077 2533 1244 2564 audientis.
1269 2540 1297 2562 et
1320 2533 1421 2564 abfuit
1441 2534 1507 2565 Ms.

113 2583 132 2607 2
155 2587 221 2617 quae
232 2576 345 2616 peperi!
359 2575 388 2605 d.
402 2575 441 2614 c.]
459 2578 649 2609 Academica
664 2585 694 2608 et
709 2578 765 2608 Pe·
807 2576 935 2614 Pithoei,
951 2577 1128 2616 delevitque
1138 2576 1293 2607 Graevius.
1310 2576 1396 2606 abest
1408 2578 1506 2607 etiam

70 2619 242 2660 ripatetica.
571 2620 573 2622 ’
806 2622 856 2651 ed.
879 2620 993 2651 Colon.
1016 2619 1147 2650 Mediol.
1162 2619 1234 2649 Ald.
1250 2619 1333 2649 vict.
1351 2620 1409 2649 ἃς.
1427 2620 1505 2650 item

111 2668 130 2693 a
153 2662 223 2692 min.
240 2661 522 2701 interrogatiunculis
542 2670 571 2692 et
585 2663 669 2705 quasi
684 2670 761 2703 pun·
807 2664 872 2694 Ms.
892 2663 1006 2693 Duisb.
1029 2663 1105 2702 quia
1120 2669 1147 2691 er
1162 2663 1273 2693 formae
1293 2662 1454 2693 Ciceronis
1470 2663 1504 2692 in

68 2703 138 2744 etis]
162 2705 281 2734 minutae
304 2705 586 2744 interrogatiunculae
607 2712 682 2736 sunt
707 2715 763 2736 en·
806 2707 868 2736 hoc
883 2716 997 2745 genere
1011 2715 1077 2735 non
1086 2706 1254 2741 consentit,
1270 2705 1382 2734 delevi.

68 2748 267 2787 thymemata
281 2754 312 2777 et
322 2747 442 2777 similes
457 2757 531 2787 quae
543 2748 763 2788 interrogando
849 2757 867 2779 4
890 2748 924 2778 de
949 2748 1134 2785 continentia,
1165 2747 1199 2776 de
1229 2745 1328 2785 morte]
1362 2747 1504 2777 Britanni

70 2790 154 2820 fiunt
169 2790 390 2820 conclusiones
412 2797 442 2820 et
464 2792 763 2830 argumentationes.
805 2793 937 2831 quidam
959 2793 1121 2830 corrigunt
1142 2790 1176 2819 de
1188 2790 1385 2819 contemnenda
1404 2797 1502 2818 morte.

68 2834 126 2864 hu
149 2833 274 2872 pun-tis
294 2837 469 2873 comparat,
492 2834 556 2864 sive
575 2834 617 2864 ob
631 2835 763 2865 brevita-
806 2844 883 2864 nam
910 2834 1064 2864 Catonem
1090 2843 1157 2863 non
1186 2833 1224 2862 de
1251 2838 1364 2871 morte,
1387 2833 1442 2863 sed
1465 2832 1504 2862 dc

67 2882 146 2911 tem,
162 2875 239 2912 sive,
262 2877 338 2916 quia
359 2877 461 2908 acrius
476 2884 636 2918 pungunt,
652 2887 677 2908 s.
693 2887 763 2909 mo-
805 2877 832 2915 ej
839 2887 875 2907 us
886 2884 1052 2909 contemtu
1063 2877 1248 2916 disputasse.
1516 2874 1520 2878 ⁴

126 2930 240 2959 VOL.
261 2932 329 2963 ιν.
353 2932 392 2960 P.
415 2932 471 2960 11.
809 2930 834 2974 3
864 2932 880 2960 1
