1844 3202
695 113 1099 154 FRAGMENTA.
1529 124 1603 167 941

178 231 294 267 neste
315 224 570 268 curriculum
601 223 760 264 vivendi
780 238 804 264 a
825 230 972 264 natura
997 223 1142 264 datum
1169 223 1408 275 confecerit,
1427 224 1480 266 ad
1501 225 1605 268 illud

173 291 350 334 astrum,
372 297 456 339 quo
484 295 581 322 cum
607 289 730 335 aptus
758 280 897 330 fuerit,
920 288 1157 320 revertetur.
1181 280 1252 335 qui
1287 289 1425 321 autern
1449 282 1602 324 immo-

171 337 316 379 derate
337 350 378 380 et
399 339 673 392 intemperate
693 336 850 386 vixerit,
871 351 967 376 eum
989 336 1194 377 secundus
1215 345 1331 376 ortus
1362 338 1400 377 in
1423 338 1600 392 figuram

170 393 420 435 muliebrem
452 396 682 434 transferet.
710 401 752 433 et
782 393 815 434 si
845 407 896 434 ne
925 401 1016 433 tum
1047 392 1217 448 quidem
1249 392 1372 433 finem
1406 394 1596 435 vitiorum

169 450 315 491 faciet:
337 451 503 506 gravius
524 450 648 490 etiam
664 449 907 505 jactabitur,
929 459 971 490 et
992 450 1031 490 in
1054 449 1138 490 suis
1157 448 1346 490 moribus
1366 449 1596 492 simillimas

170 505 323 560 figuras
356 506 568 562 pecudum
602 516 643 547 et
678 506 857 547 ferarum
893 507 1190 546 transferetur:
1222 520 1356 561 neque
1390 506 1595 552 malorum

167 562 391 603 terminum
416 563 527 618 prius
554 562 770 618 adspiciet,
792 577 918 619 quam
949 562 1063 603 illam
1093 562 1210 617 sequi
1231 563 1404 617 coeperit
1425 577 1596 603 conver-

166 617 346 669 sionem,
372 634 496 674 quam
530 619 711 660 habebat
742 619 781 660 in
813 633 855 660 se
886 619 987 674 ipse,
1007 619 1197 675 ejusdem
1227 629 1267 659 et
1299 619 1438 670 unius,
1469 619 1594 661 simul

167 674 352 716 innatam
383 685 423 715 et
455 677 634 716 insitam.
693 675 820 732 Quod
849 684 937 727 tum
970 676 1143 725 eveniet,
1171 690 1269 716 cum
1302 675 1385 725 illa,
1418 690 1511 731 quae
1545 691 1596 718 ex

165 730 278 786 igne,
301 737 409 782 ae're,
430 747 551 787 aqua,
572 742 697 788 atque
732 741 854 782 terra,
876 731 1131 781 turbulenta,
1154 741 1195 772 et
1219 732 1390 772 rationis
1409 733 1595 788 expertia

164 787 406 835 insederint,
437 788 613 844 denique
643 788 801 829 ratione
831 787 1051 843 depulerit,
1082 798 1125 829 et
1153 787 1206 828 ad
1245 788 1438 842 primam,
1468 798 1594 845 atque

163 844 371 898 optimam
399 845 663 886 affectionem
694 845 821 885 animi
850 845 1093 900 pervenerit.
1151 845 1260 901 Quae
1290 859 1387 886 cum
1408 845 1467 886 ita
1486 845 1594 887 desi-
1611 856 1653 888 13

163 911 350 955 gnasset,
381 916 564 957 seseque,
596 902 629 942 si
658 900 760 956 quid
791 911 936 956 postea
964 901 1134 952 fraudis,
1161 910 1233 941 aut
1261 901 1347 942 vitii
1377 903 1592 954 evenisset,

163 966 282 998 extra
303 972 469 998 omnem
492 958 676 1013 culpam,
696 971 947 1013 causamque
967 958 1172 1012 posuisset
1191 973 1199 997 :
1228 957 1332 998 alios
1357 966 1392 991 ¹⁵
1407 959 1449 999 in
1470 968 1593 1010 terra,

163 1012 268 1054 alios
291 1014 331 1055 in
348 1014 460 1065 luna,
479 1015 581 1055 alios
599 1015 640 1055 in
662 1014 840 1069 reliquas
856 1014 1002 1055 mundi
1022 1023 1173 1069 partes,
1191 1029 1285 1069 quae
1306 1024 1405 1056 sunt
1423 1015 1475 1056 ad
1496 1030 1592 1071 spa-

162 1069 317 1111 tiorum
351 1071 551 1126 temporis
581 1070 929 1126 significationem
967 1080 1078 1111 notae
1108 1071 1362 1122 constitutae,
1393 1085 1593 1127 spargens

161 1127 280 1181 quasi
311 1127 487 1168 serebat.
548 1129 647 1168 Post
678 1138 816 1168 autem
848 1127 1050 1168 sationem
1071 1141 1161 1167 eam
1184 1126 1276 1177 diis,
1297 1137 1345 1168 ut
1363 1127 1421 1169 ita
1440 1128 1592 1180 dicam,

155 1182 396 1238 junioribus
426 1183 627 1238 permisit,
658 1193 705 1224 ut
740 1198 916 1238 corpora
946 1183 1138 1224 mortalia
1168 1184 1426 1239 effingerent,
1457 1200 1592 1240 quan-

160 1245 338 1294 tumque
367 1250 475 1281 esset
499 1240 706 1296 reliquum
735 1254 785 1280 ex
814 1240 997 1281 humano
1019 1240 1172 1290 animo,
1196 1240 1308 1295 quod
1331 1240 1502 1282 deberet
1523 1256 1593 1282 ac-

159 1294 322 1346 cedere,
341 1296 385 1336 id
405 1310 546 1347 omne,
566 1306 606 1337 et
637 1311 729 1352 quae
758 1297 972 1352 sequentia
993 1308 1143 1347 essent,
1164 1296 1435 1352 perpolirent,
1455 1308 1497 1339 et
1517 1299 1593 1339 ab·

160 1351 393 1393 solverent:
424 1352 575 1394 deinde
601 1362 648 1394 ut
676 1352 774 1393 huic
797 1353 996 1393 animanti
1020 1353 1252 1408 principem
1275 1367 1332 1402 se,
1354 1353 1592 1410 ducemque

158 1409 379 1462 praeberet,
400 1409 611 1465 vitamque
641 1409 731 1465 ejus
762 1409 1011 1464 pulcerrime
1041 1419 1216 1464 regeret,
1239 1420 1281 1450 et
1308 1411 1592 1465 gubernaret:

160 1464 239 1506 nisi
259 1474 462 1521 quatenus
488 1466 575 1521 ipse
605 1466 850 1506 benefactus
881 1481 955 1506 sua
982 1466 1106 1521 culpa
1136 1466 1215 1506 sibi
1235 1466 1392 1520 aliquid
1413 1467 1590 1508 miseriae

157 1531 380 1577 quaereret.
428 1523 573 1578 Atque
591 1522 625 1562 is
645 1522 833 1577 quidem,
854 1522 923 1577 qui
944 1533 1097 1562 cuncta
1117 1523 1371 1577 composuit,
1392 1532 1591 1565 constan-

156 1584 221 1617 ter
241 1577 281 1618 in
304 1593 381 1619 suo
403 1579 601 1620 manebat
619 1587 732 1619 statu
750 1595 759 1619 :
791 1579 863 1634 qui
883 1587 1022 1619 autem
1045 1587 1162 1619 erant
1182 1579 1235 1618 ab
1257 1594 1308 1620 eo
1329 1581 1470 1631 creati,
1492 1595 1591 1622 cum

156 1634 340 1689 parentis
370 1635 558 1676 ordinem
593 1635 904 1689 cognovissent,
935 1634 1046 1675 hunc
1086 1635 1380 1690 sequebantur.
1441 1638 1592 1693 Itaque

156 1704 255 1731 cum
291 1691 549 1746 accepissent
579 1691 816 1732 immortale
848 1691 1097 1746 principium
1132 1692 1320 1732 mortalis
1352 1693 1590 1745 animantis,

155 1745 366 1788 imitantes
396 1747 649 1802 genitorem,
679 1755 722 1788 et
750 1747 990 1788 effectorem
1023 1748 1100 1798 sui,
1131 1749 1355 1803 particulas
1385 1749 1508 1804 ignis,
1547 1758 1590 1791 et

152 1811 293 1854 terrae,
309 1812 351 1844 et
372 1818 507 1858 aquae,
529 1812 570 1844 et
590 1803 695 1844 aeris
716 1818 740 1843 a
759 1803 934 1854 mundo,
952 1818 1055 1858 quas
1077 1819 1218 1845 rursus
1239 1804 1476 1856 redderent,
1495 1821 1591 1847 mu—

155 1859 397 1910 tuabantur,
417 1874 571 1915 easque
598 1860 706 1900 inter
736 1874 781 1899 se
806 1860 1075 1914 copulabant,
1096 1860 1208 1902 haud
1229 1861 1378 1902 iisdem
1399 1862 1589 1915 vinculis,

154 1915 308 1971 quibus
330 1916 408 1971 ipsi
430 1926 547 1957 erant
566 1915 770 1971 colligati,
787 1916 859 1956 sed
880 1916 1047 1966 talibus,
1065 1932 1159 1972 quae
1181 1918 1293 1958 cerni
1315 1933 1398 1958 non
1416 1930 1589 1974 possent

152 1981 326 2027 propter
344 1972 606 2027 parvitatem,
627 1972 782 2013 crebris
802 1972 920 2028 quasi
940 1974 1127 2014 cuneolis
1147 1974 1326 2030 injectiS,
1347 1989 1478 2015 unum
1498 1976 1588 2016 effi-

152 2027 323 2069 ciebant
350 2043 401 2069 ex
429 2029 627 2070 omnibus
656 2043 840 2083 corpus:
870 2029 1057 2085 itemque
1087 2030 1129 2070 in
1159 2045 1210 2071 eo
1240 2031 1440 2072 influente
1458 2040 1592 2088 atque

152 2083 350 2126 effluente
381 2085 523 2126 animo
543 2085 682 2126 divino
701 2085 884 2126 ambitus
904 2085 1138 2140 illigabant.
1199 2088 1347 2143 Itaque
1365 2087 1424 2128 illi
1444 2087 1485 2129 in
1507 2090 1587 2129 flu—

151 2141 473 2192 menimmersi,
495 2156 629 2197 neque
649 2142 862 2192 tenebant,
884 2156 1020 2198 neque
1041 2144 1301 2187 tenebantur.
1328 2144 1402 2184 sed
1430 2145 1468 2186 vi
1495 2159 1584 2186 ma·

151 2209 238 2252 gna
256 2206 347 2238 tum
370 2198 574 2249 ferebant,
594 2207 687 2240 tum
708 2199 960 2240 ferebantur.
1020 2200 1086 2239 Ita
1105 2207 1242 2240 totum
1267 2201 1422 2241 animal
1443 2216 1585 2243 move-

142 2252 275 2294 batur
294 2253 401 2296 illud
428 2254 614 2311 quidem,
630 2254 704 2296 sed
735 2254 1027 2305 immoderate,
1045 2264 1089 2296 et
1119 2257 1312 2308 fortuitu,
1332 2266 1380 2298 ut
1400 2272 1473 2298 sex
1491 2272 1584 2299 mo-

145 2308 266 2351 tibus
294 2310 527 2353 veheretur.
548 2326 644 2352 nam
675 2320 717 2352 et
745 2320 856 2362 ante,
875 2321 918 2352 et
946 2325 1071 2366 pone,
1090 2313 1143 2354 ad
1173 2313 1334 2364 laevam,
1355 2321 1398 2355 et
1426 2314 1480 2355 ad
1509 2314 1585 2356 de-

151 2373 303 2419 xtram,
321 2375 365 2408 et
383 2381 563 2420 sursum,
582 2376 627 2409 et
645 2367 857 2419 deorsum,
874 2367 1005 2409 modo
1025 2368 1124 2420 huc,
1143 2370 1274 2411 modo
1292 2370 1406 2412 illuc.

471 2438 546 2467 sex
565 2439 673 2476 oraS,
694 2424 975 2481 regionesque
994 2439 1134 2467 versus
1153 2441 1293 2468 errans
1313 2427 1583 2482 procedebat,

669 2503 830 2546 Desunt
850 2503 1060 2547 nonnulla.

203 2566 301 2609 Jam
319 2582 417 2610 vero
445 2582 588 2612 earum
615 2570 865 2627 imaginum,
895 2586 989 2627 quae
1021 2572 1250 2628 finguntur,
1280 2580 1322 2612 et
1347 2573 1581 2615 redduntur

141 2622 193 2675 jn
222 2624 419 2680 speculis,
447 2639 694 2684 eorumque,
723 2642 818 2684 quae
848 2627 1067 2684 splendida
1086 2638 1137 2670 et
1165 2628 1283 2670 laevia
1311 2637 1422 2680 sunt,
1453 2630 1580 2671 ratio-

195 2754 233 2779 15
246 2747 288 2778 Tin
316 2749 469 2779 terra—in
497 2749 584 2792 luna]
615 2751 700 2784 auia
728 2753 762 2783 in
793 2762 841 2782 se·
884 2752 940 2782 etsi
955 2761 1045 2781 serere
1060 2751 1091 2781 in
1106 2758 1184 2781 terra
1195 2752 1227 2782 in
1240 2761 1272 2782 se
1284 2762 1350 2782 non
1362 2759 1407 2782 est
1417 2752 1578 2783 vitiosum.

146 2791 386 2830 ,quemibusest
402 2793 432 2822 in
446 2792 572 2836 reliquas
589 2801 752 2834 m.,partes,
766 2796 841 2828 scri·
883 2795 945 2824 Sed
964 2795 1043 2833 ,quia
1066 2794 1154 2824 Plato
1177 2796 1273 2829 etiam
1299 2796 1344 2825 sic
1373 2797 1578 2828 construetio—

147 2832 293 2865 bendum
314 2834 437 2866 videtur
463 2835 494 2865 in
519 2836 701 2868 terram—in
721 2837 840 2875 Ἰκιιαηι,
885 2847 961 2867 nem
977 2837 1118 2875 variavit,
1133 2837 1301 2877 vulgatum
1322 2838 1450 2870 servavi.

205 2887 322 2917 von.
344 2889 413 2919 ιν.
436 2892 477 2920 Ρ,
498 2891 556 2920 11.
889 2892 917 2934 3
936 2892 959 2919 P
