1844 3202
608 111 788 149 LIBER
826 110 1066 148 PRIMUS.
1477 119 1549 159 711

123 218 383 260 considerate
401 235 412 270 3
443 219 641 274 omnique
662 216 704 257 in
731 232 774 257 re
831 217 903 259 uid
925 217 979 259 sit
998 217 1094 267 veri,
1115 216 1268 268 videre,
1288 226 1329 258 et
1351 219 1456 261 tueri
1477 219 1549 261 de-

125 285 217 316 cet:
248 285 475 331 contraque
495 275 597 325 falli,
625 287 776 325 errare,
827 274 910 325 abi,
942 273 1076 328 decipi
1105 282 1191 314 tam
1213 273 1401 324 dedecet,
1424 291 1548 330 quam

126 331 314 382 delirare,
337 342 378 373 et
401 339 538 371 mente
567 345 657 372 esse
676 339 860 385 captum.
883 340 923 371 et
939 329 1055 386 justa
1074 329 1230 380 omnia,
1251 329 1403 371 decora
1424 344 1519 373 sunt
1538 338 1592 381 3b·

126 387 280 444 injusta
298 397 456 436 contra,
477 396 525 427 ut
550 387 702 441 turpia,
724 386 782 427 sic
802 386 1012 428 indecora.
1072 386 1227 427 Similis
1249 396 1312 428 est
1338 387 1444 427 ratio
1466 388 1551 427 for-

126 444 329 485 titudinis.
351 443 463 499 quod
482 444 592 483 enim
613 443 795 493 viriliter,
815 443 1039 498 animoque
1056 457 1213 497 magno
1234 443 1293 493 fit,
1313 442 1357 483 id
1375 442 1548 498 dignum

126 501 226 550 viro,
245 508 287 540 et
308 499 507 540 decorum
528 500 688 540 videtur
708 516 717 540 :
750 499 864 555 quod
883 510 1043 549 contra,
1063 498 1106 539 id
1131 508 1179 540 ut
1198 507 1334 554 turpe,
1355 499 1412 539 sic
1434 499 1552 539 inde-

125 570 287 597 corum.
345 558 488 612 Quare
515 557 694 611 pertinet
713 555 883 611 quidem
903 556 955 596 ad
977 570 1147 597 omnem
1170 554 1432 596 honestatem
1457 555 1553 605 hoc,
1565 563 1613 602 95

157 611 241 652 uod
268 612 377 663 dico,
405 613 604 653 decorum
626 629 634 650 τ
666 621 709 652 et
733 613 790 654 ita
817 613 1008 666 pertinet,
1031 620 1078 653 ut
1107 626 1191 652 non
1216 611 1432 653 recondita
1451 626 1554 667 qua-

126 627 223 710 dam
244 669 404 709 ratione
425 677 633 719 cernatur,
654 668 726 709 sed
746 669 801 709 sit
826 669 868 708 in
888 678 1072 724 promtu.
1102 678 1166 709 est
1195 669 1307 709 enim
1341 668 1555 723 quiddam,

127 725 254 780 idque
276 725 526 780 intelligitur
542 726 583 766 in
604 725 718 765 omni
739 725 902 775 virtute,
922 725 1036 780 quod
1057 725 1205 765 deceat
1223 742 1232 766 :
1257 725 1371 780 quod
1391 725 1556 780 cogita-

126 783 241 823 tione
262 781 396 837 magis
418 796 441 822 a
460 782 611 822 virtute
631 790 785 837 potest,
806 795 932 836 quam
959 796 1002 821 re
1027 782 1221 836 separari.
1283 782 1345 822 Ut
1363 791 1556 822 venustas

127 847 171 879 et
199 837 439 893 pulcritudo
469 838 654 892 eorporis
683 838 841 879 secerni
871 852 955 878 non
985 847 1127 893 potest
1155 852 1179 878 a
1215 837 1465 879 valitudine:
1498 838 1557 880 sic

129 894 225 944 hoc,
246 894 297 934 de
318 909 402 949 quo
423 894 648 950 loquimur,
666 894 883 944 decorum,
904 903 1041 935 totum
1064 894 1167 935 illud
1188 894 1357 949 quidem
1377 904 1440 935 est
1458 910 1555 935 cum

127 951 279 992 virtute
317 951 540 992 confusum
560 966 571 1000 3
603 951 676 991 sed
714 961 855 992 mente
895 961 937 991 et
975 951 1234 1007 cogitatione
1268 950 1555 1006 distinguitur.

129 1008 206 1048 Est
225 1017 366 1048 autem
385 1008 475 1063 ejus
497 1007 721 1062 descriptio
743 1007 911 1062 duplex.
936 1022 1030 1048 nam
1059 1016 1101 1047 et
1127 1007 1321 1062 generale
1342 1007 1555 1063 quoddam
1568 1004 1621 1050 96

129 1063 330 1104 decorum
361 1064 650 1119 intelligimus,
672 1063 786 1118 quod
816 1064 858 1104 in
887 1064 1002 1104 omni
1032 1064 1250 1105 honestate
1275 1073 1485 1106 versatur:
1516 1074 1560 1105 et

131 1119 244 1160 aliud
269 1120 367 1161 huic
395 1121 649 1176 subjectum,
671 1119 785 1175 quod
810 1121 992 1175 pertinet
1021 1120 1075 1161 ad
1101 1120 1286 1175 singulas
1314 1129 1452 1175 partes
1479 1121 1558 1161 ho-

132 1177 316 1217 nestatis.
374 1177 517 1232 Atque
545 1176 651 1217 illud
672 1177 862 1231 superius
888 1177 946 1217 sic
968 1176 1052 1216 fere
1072 1176 1232 1217 definiri
1253 1176 1385 1217 solet:
1416 1177 1560 1218 Deco-

130 1247 223 1273 rum
253 1232 295 1272 id
324 1246 426 1282 esse,
458 1232 573 1288 quod
606 1241 932 1273 consentaneum
953 1232 1004 1272 sit
1025 1232 1206 1273 hominis
1226 1233 1498 1284 excellentiae,
1519 1235 1562 1274 in

129 1303 196 1339 eo,
217 1289 257 1329 in
289 1303 373 1344 quo
395 1298 542 1329 natura
570 1288 660 1344 ejus
681 1303 705 1329 a
724 1289 892 1344 reliquis
917 1289 1196 1330 animantibus
1217 1289 1392 1330 differat.
1451 1292 1561 1347 Quae

131 1356 273 1386 autem
299 1360 393 1400 pars
424 1345 615 1401 subjecta
640 1345 784 1400 generi
811 1354 888 1395 est,
907 1360 1000 1387 eam
1033 1346 1091 1386 sic
1111 1345 1327 1396 definiunt,
1349 1356 1396 1387 ut
1421 1346 1464 1387 id
1489 1346 1562 1387 de-

132 1416 280 1443 corum
299 1416 388 1442 esse
408 1402 549 1453 velint,
570 1402 685 1458 quod
713 1402 772 1442 ita
800 1411 959 1443 naturae
991 1411 1321 1443 consentaneum
1358 1402 1424 1453 sit,
1445 1412 1493 1444 ut
1518 1403 1560 1444 in

130 1472 184 1499 eo
213 1458 462 1508 moderatio,
485 1469 528 1500 et
555 1459 832 1513 temperantia
861 1468 1058 1514 appareat
1085 1473 1183 1500 cum
1212 1458 1351 1513 specie
1378 1460 1559 1515 quadam

131 1515 307 1556 liberali.
367 1515 474 1556 Haec
494 1515 553 1556 ita
579 1515 772 1570 intelligi,
792 1515 1028 1556 existimare
1047 1530 1272 1570 possumus
1292 1529 1342 1555 ex
1362 1530 1412 1557 eo
1433 1516 1559 1557 deco·
1573 1510 1644 1558 28

133 1585 196 1622 ro,
217 1571 331 1627 quod
360 1577 498 1626 poetae
529 1580 787 1628 sequuntur:
819 1571 871 1613 de
902 1587 986 1628 quo
1016 1572 1099 1613 alio
1129 1572 1225 1613 loco
1250 1571 1372 1627 plura
1390 1572 1473 1613 dici
1492 1587 1560 1613 so·
1573 1585 1624 1625 97

133 1627 236 1669 lent.
295 1628 378 1668 Sed
410 1638 498 1669 tum
533 1643 692 1669 servare
723 1628 828 1669 illud
858 1635 1006 1684 poetas
1037 1628 1231 1679 dicimus,
1259 1628 1375 1683 quod
1402 1629 1586 1680 deceat,

135 1699 234 1726 cum
254 1684 311 1735 id,
331 1685 446 1740 quod
467 1699 634 1741 quaque
654 1699 830 1740 persona
854 1685 1031 1740 dignum
1061 1694 1139 1736 est,
1167 1694 1210 1726 et
1238 1684 1298 1735 fit,
1328 1694 1370 1726 et
1398 1685 1562 1728 dicitur.

137 1750 199 1792 ut,
220 1741 254 1781 si
274 1742 446 1792 AEacus,
467 1751 540 1782 aut
559 1741 704 1782 Minos
721 1741 892 1793 diceret,

248 1833 403 1877 Oderint,
424 1833 502 1870 dum
522 1840 672 1869 metuant
688 1850 760 1869 .·—
918 1839 994 1877 aut,
1578 1845 1607 1874 p.
1622 1842 1673 1866 2¹0.

246 1887 349 1924 Natis
367 1887 511 1938 sepulcro
529 1887 594 1937 ipse
612 1899 660 1923 est
675 1898 797 1937 parens
812 1903 824 1922 .·
1580 1887 1609 1907 a·

138 1972 384 2014 indecorum
415 1973 645 2014 videretur:
676 1971 792 2028 quod
819 1985 891 2012 eos
917 1972 1046 2013 fuisse
1070 1972 1212 2028 justos
1241 1972 1494 2029 accepimus.
1525 1984 1569 2015 at

138 2031 274 2071 Atreo
302 2029 482 2080 dicente,
502 2029 683 2083 -plausus
714 2029 960 2069 excitantur.
994 2037 1057 2070 est
1087 2030 1197 2070 enim
1231 2030 1359 2085 digna
1389 2045 1570 2086 persona

139 2086 289 2128 oratio.
348 2086 431 2127 Sed
450 2091 588 2142 poetae
608 2085 709 2141 quid
730 2099 940 2141 quemque
960 2085 1121 2136 deceat,
1141 2100 1193 2127 ex
1210 2100 1389 2141 persona
1401 2087 1570 2143 judica-

139 2144 259 2184 bunt.
290 2143 411 2183 nobis
441 2152 584 2184 autem
613 2156 832 2197 personam
872 2142 1075 2197 imposuit
1102 2143 1193 2198 ipsa
1222 2153 1384 2195 natura,
1414 2158 1569 2200 magna

139 2215 236 2241 cum
255 2199 500 2240 excellentia
515 2199 836 2254 praestantiaque
853 2199 1128 2240 animantium
1148 2199 1416 2256 reliquarum.
1448 2202 1567 2264 Quo·
1579 2201 1632 2243 98

142 2257 253 2297 circa
281 2262 419 2312 poetae
450 2256 492 2297 in
521 2270 677 2311 magna
705 2256 900 2296 varietate
934 2269 1222 2310 personarum,
1256 2257 1381 2298 etiam
1413 2257 1570 2299 vitiosis

144 2312 244 2368 quid
264 2313 497 2363 conveniat,
519 2321 562 2353 et
586 2311 689 2368 quid
719 2311 881 2363 deceat,
901 2311 1128 2353 videbunt:
1159 2312 1280 2354 nobis
1310 2322 1452 2354 autem
1474 2328 1573 2355 cum

143 2384 168 2409 a
197 2379 343 2410 natura
369 2369 628 2419 constantiae,
651 2367 965 2419 moderationis,
989 2370 1291 2425 temperantiae,
1311 2370 1574 2412 verecundiae

145 2434 283 2481 partes
310 2426 419 2468 datae
449 2426 561 2476 sint3
592 2439 775 2481 cumque
802 2425 951 2466 eadem
978 2435 1126 2467 natura
1146 2426 1311 2478 doceat,
1331 2441 1416 2468 non
1436 2427 1573 2482 negli-

143 2497 260 2538 gere,
280 2482 640 2538 quemadmodum
662 2496 738 2523 nos
766 2482 960 2523 adversus
976 2481 1167 2523 homines
1188 2498 1413 2539 geramus:
1444 2484 1572 2525 effici-

144 2548 228 2590 tur,
253 2548 300 2580 ut
329 2548 372 2579 et
397 2539 515 2590 illud,
535 2538 650 2595 quod
677 2538 730 2580 ad
760 2553 927 2580 omnem
950 2538 1213 2581 honestatem
1233 2540 1427 2597 pertinet,
1446 2540 1573 2582 deco-

146 2611 255 2647 rum,
277 2610 402 2651 quam
433 2595 516 2637 late
542 2596 684 2637 fusum
705 2595 773 2647 sit,
792 2604 990 2651 appareat
1005 2612 1018 2647 3
1047 2605 1090 2637 et
1109 2595 1207 2648 hoc,
1226 2596 1343 2653 quod
1363 2605 1574 2651 spectatur

146 2652 190 2693 in
222 2666 477 2708 unoquoque
502 2666 655 2707 genere
677 2653 854 2694 virtutis.
913 2653 977 2694 Ut
995 2652 1106 2694 enim
1127 2653 1368 2708 pulcritudo
1387 2653 1574 2708 corporis

147 2717 245 2764 apta
263 2709 570 2765 compositione
588 2709 875 2750 membrorum
897 2717 1038 2751 movet
1057 2709 1221 2760 oculos,
1240 2719 1283 2751 et
1297 2709 1476 2750 delectat
1491 2709 1574 2750 hoc

149 2765 255 2820 ipso,
285 2765 400 2822 quod
428 2765 536 2807 inter
564 2779 608 2806 se
636 2779 781 2807 omnes
810 2774 950 2822 partes
979 2780 1077 2808 cum
1098 2766 1283 2823 quodam
1312 2764 1454 2821 lepore
1473 2780 1574 2807 con-

148 2822 361 2870 sentiunt:
392 2822 450 2872 sic
478 2821 561 2864 hoc
591 2821 807 2876 decorum,
825 2821 941 2880 quod
968 2822 1109 2866 elucet
1137 2822 1180 2864 in
1208 2822 1306 2874 vita,
1333 2830 1473 2864 movet
1501 2836 1577 2878 ap-
