1844 3202
255 111 341 158 796
769 108 937 148 CATO
973 108 1186 148 MAJOR

251 215 376 267 Laeli,
395 230 512 259 arma
528 216 772 269 senectutis,
794 228 917 270 artes,
937 219 1341 275 exercitationesque
1362 216 1579 269 virtutum,
1596 232 1694 273 quae

252 273 296 313 in
325 274 441 315 omni
473 284 596 316 aetate
621 275 764 326 cultae,
784 289 882 316 cum
911 276 1110 327 multum,
1131 276 1288 332 diuque
1309 275 1470 326 vixeris,
1491 274 1690 316 mirificos

251 330 430 372 efferunt
455 331 634 384 fructus,
658 347 741 373 non
769 332 908 373 solum
937 333 1037 388 quia
1066 347 1296 389 numquam
1329 333 1540 382 deserunt,
1566 346 1617 372 ne
1647 330 1690 372 in

138 404 237 441 p.79.
249 396 440 428 extremo
467 388 638 444 quidem
674 397 864 444 tempore
895 389 1044 439 aetatis,
1078 391 1353 446 (quamquam
1383 388 1428 430 id
1456 387 1691 429 maximum

207 445 328 497 avest)
360 458 502 485 verum
536 446 662 486 etiarn
699 446 799 501 quia
829 445 1090 486 conscientia
1117 446 1224 487 bene
1254 455 1359 488 actae
1388 446 1500 498 vitae,
1530 444 1690 485 multo-

198 493 427 557 4rumque
445 501 764 542 benefactorum
788 501 1040 552 recordatio,
1055 501 1364 558 jucundissima
1383 513 1461 544 est.
1513 503 1609 557 Ego
1630 502 1688 557 Q.

184 565 234 598 10
247 557 501 608 Maximum,
524 572 636 608 eum,
659 558 730 613 qui
757 559 986 599 Tarentum
1017 559 1190 614 recepit,
1211 559 1455 601 adolescens
1479 559 1538 600 ita
1561 557 1688 599 dilexi

245 628 405 665 senem,
426 624 474 656 ut
495 615 717 670 aequalem.
748 622 838 656 erat
864 614 975 655 enim
1009 615 1051 655 in
1077 615 1151 657 illo
1178 615 1265 657 viro
1290 617 1491 658 comitate
1518 614 1690 657 condita.

241 671 454 725 gravitas:
495 686 572 713 nec
607 681 800 713 senectus
831 685 972 712 mores
1007 679 1255 714 mutaverat.
1298 686 1554 731 quamquam
1586 685 1686 712 eum

241 727 384 768 colere
405 727 516 783 coepi
538 743 622 769 non
641 727 873 769 admodum
894 728 1099 784 grandem
1121 737 1239 780 natu,
1261 728 1334 770 sed
1355 735 1496 770 tamen
1513 729 1604 784 jam
1626 742 1687 768 ae-

240 792 330 825 tate
349 793 611 840 provectum.
642 799 752 826 anno
770 785 882 826 enim
904 795 1000 841 post
1019 786 1165 827 consul
1187 786 1371 842 primum
1392 786 1541 836 fuerat,
1558 799 1683 841 quam

240 855 326 896 ego
357 849 478 882 natus
510 856 603 882 sum
623 858 632 882 ε
658 848 874 898 &cumque
894 856 945 883 eo
966 851 1163 898 quartum
1186 842 1360 884 consule
1391 842 1686 884 adolescentu-

239 895 306 937 lus
329 897 451 938 miles
469 898 685 953 profectus
705 914 799 939 sum
819 898 872 939 ad
894 898 1103 954 Capuam,
1126 900 1361 956 quintoque
1382 914 1492 940 anno
1514 907 1612 954 post
1630 898 1684 939 ad

238 953 472 994 Tarentum
504 963 717 1009 quaestor:
752 955 904 996 deinde
936 955 1084 1007 aedilis,
1115 954 1390 1011 quadriennio
1421 964 1519 1011 post
1547 956 1685 996 factus

237 1022 336 1050 sum
355 1017 538 1064 praetor:
560 1019 698 1066 *quem
728 1012 1025 1067 magistratum
1056 1013 1169 1068 gessi
1199 1011 1444 1053 consulibus
1472 1010 1685 1052 Tuditano

237 1074 283 1106 et
305 1065 517 1122 Cethego,
538 1081 637 1108 cum
671 1067 842 1123 quidem
873 1067 944 1108 ille
977 1068 1210 1110 admodum
1241 1083 1379 1118 senex,
1402 1082 1546 1109 suasor
1576 1066 1684 1123 legis

238 1121 401 1164 Cinciae
433 1124 486 1164 dc
515 1122 637 1165 donis
666 1133 710 1166 et
734 1124 978 1166 muneribus
1007 1125 1103 1177 fuit,
1125 1125 1195 1167 hic
1222 1135 1266 1166 et
1294 1125 1406 1166 bella
1425 1124 1615 1180 gerebat,
1635 1132 1684 1165 ut

238 1178 500 1231 adolescens,
522 1194 620 1221 cum
642 1181 765 1237 plane
785 1181 958 1237 grandis
979 1190 1117 1224 esset:
1148 1191 1190 1223 et
1212 1181 1497 1223 Hannibalem
1515 1180 1681 1237 juveni-

237 1235 335 1277 liter
355 1237 637 1279 exsultantem
661 1239 863 1293 patientia
895 1254 972 1280 sua
994 1246 1010 1276 7
1025 1239 1247 1282 molliebat
1265 1256 1275 1281 :
1305 1238 1359 1281 de
1377 1253 1463 1296 quo
1482 1238 1685 1295 praeclare

237 1292 455 1334 familiaris
475 1304 619 1336 noster
644 1295 805 1337 Ennius
826 1312 836 1337 ι

348 1374 457 1419 Unus,
475 1372 533 1425 qui
551 1374 642 1412 nobis
661 1374 848 1412 cunctando
867 1376 1012 1413 restituit
1030 1390 1111 1414 rem.

344 1429 424 1466 IVon
438 1428 586 1478 ponebat
604 1429 689 1465 enim
709 1443 855 1467 rumores
875 1439 954 1467 ante
972 1431 1129 1468 salutem.

345 1482 439 1531 Ergo
450 1491 604 1533 postque,
626 1483 800 1534 magisque
818 1484 890 1520 viri
910 1498 997 1521 nunc
1011 1484 1125 1534 gloria
1144 1482 1263 1520 claret.

176 1578 191 1609 1
204 1579 219 1610 1
232 1566 466 1609 Tarentum
487 1581 585 1609 vero
606 1582 690 1622 qua
711 1567 939 1622 vigilantia,
957 1584 1042 1624 quo
1060 1569 1238 1610 consilio
1259 1568 1415 1624 recepit
1432 1570 1444 1610 Ρ
1468 1583 1566 1610 cum
1586 1568 1681 1624 qui-

233 1624 350 1674 dem,
381 1637 450 1664 me
481 1624 693 1674 audiente,
718 1625 988 1676 8Salinatori,
1015 1627 1103 1681 qui,
1123 1626 1280 1666 amisso
1311 1625 1485 1680 oppido,
1513 1626 1682 1680 fugerat

233 1680 277 1721 in
307 1694 464 1731 arcem,
494 1679 709 1736 glorianti,
740 1689 868 1737 atquc
898 1681 957 1722 ita
981 1681 1166 1724 dicenti:
1199 1683 1301 1723 Mea
1321 1696 1463 1737 opera,
1485 1684 1539 1738 Q.
1563 1682 1681 1733 Fabi,

232 1737 466 1779 Tarentum
488 1737 708 1793 recepisti:
740 1737 883 1789 Certe,
903 1738 1040 1795 inquit
1062 1739 1226 1780 ridens:
1258 1743 1356 1779 nam
1386 1739 1464 1781 nisi
1491 1748 1539 1779 tu
1571 1739 1679 1779 ami-

232 1793 372 1844 sisses,
394 1809 629 1850 numquam
651 1795 919 1851 recepissem.
974 1797 1099 1837 9Nec
1128 1810 1226 1838 vero
1256 1796 1298 1837 in
1328 1795 1454 1842 armis
1476 1804 1680 1851 praestan-

232 1850 330 1901 tior,
351 1865 481 1907 quam
509 1852 551 1892 in
581 1859 712 1907 toga:
744 1851 818 1908 qui
841 1852 991 1893 consul
1016 1853 1186 1904 iterum,
1208 1854 1280 1908 Sp.
1304 1852 1490 1894 Carvilio
1511 1851 1679 1908 collega

230 1906 493 1963 quiescente,
514 1907 566 1950 C.
584 1907 791 1950 Flaminio
813 1909 984 1950 tribuno
1006 1910 1155 1964 plebis,
1173 1909 1314 1966 quoad
1333 1910 1492 1965 potuit,
1509 1909 1677 1959 restitit,

229 1977 383 2020 agrum
407 1965 636 2016 Picentem,
657 1974 700 2007 et
719 1966 934 2007 Gallicum
954 1966 1107 2008 viritim
1129 1977 1278 2008 contra
1306 1977 1472 2008 senatus
1493 1965 1677 2007 auctori-

228 2029 364 2063 tatem
391 2021 592 2064 dividenti
609 2039 618 2064 :
648 2037 870 2079 augurque
895 2037 993 2064 cum
1014 2032 1139 2076 esset,
1159 2023 1297 2065 dicere
1316 2038 1442 2064 ausus
1463 2031 1541 2073 est,
1561 2022 1675 2078 opti-

237 2162 291 2187 '26
328 2168 448 2199 cumque
477 2169 506 2187 eo
537 2164 674 2199 quantum
710 2158 820 2188 consule
851 2156 927 2198 δὶα]
973 2159 1047 2189 bat:
1077 2160 1146 2189 illos
1169 2170 1276 2190 versus
1302 2159 1394 2190 Ennii
1418 2169 1498 2195 esse,
1521 2160 1673 2190 omnibus

228 2199 328 2230 Hunc
345 2201 455 2231 locum
472 2200 561 2231 valde
585 2208 771 2240 corruptum
788 2209 817 2231 ct
834 2202 928 2232 intcr-
973 2209 1043 2233 tum
1069 2210 1187 2233 notum>
1205 2204 1314 2240 fuisse,
1334 2210 1370 2233 ut
1392 2212 1457 2233 non
1480 2212 1559 2242 opus
1579 2210 1673 2240 esset,

226 2243 386 2282 polatum,
402 2245 706 2283 dissentientemque
729 2245 768 2274 ab
791 2245 859 2275 aliis
880 2246 928 2275 hi·
973 2246 1003 2276 id
1020 2247 1090 2277 addi
1106 2255 1123 2275 a
1140 2247 1301 2276 Cicerone.

223 2288 346 2317 storicis
371 2288 414 2317 sic
439 2288 571 2317 correxit
592 2288 720 2326 Pighius
738 2289 770 2317 in
786 2290 873 2318 Ann.
889 2289 926 2318 ad
1017 2296 1033 2319 8
1058 2288 1235 2327 Salinatori]
1256 2289 1328 2320 Hoc
1345 2298 1464 2318 nomen
1486 2294 1673 2328 suspectum

225 2338 255 2359 a.
270 2337 341 2362 549.
358 2341 386 2369 p.
402 2338 474 2363 9.ῐῖ).
491 2341 610 2372 cumque
626 2342 654 2359 fo
671 2331 788 2360 tertium
808 2331 929 2362 Consule
973 2332 1078 2362 VISum
1095 2339 1150 2363 cst.
1185 2332 1271 2362 Nam
1289 2333 1372 2372 apud
1390 2333 1514 2361 Livium
1533 2338 1563 2361 et
1579 2332 1672 2371 Poly-

224 2372 448 2402 adolescentulus
468 2373 548 2402 miles
567 2374 714 2413 prquclus
733 2385 793 2404 sum
809 2375 850 2404 ad
868 2374 927 2405 Ca·
972 2375 1063 2406 bium
1079 2383 1125 2405 est
1145 2375 1180 2406 C.
1198 2376 1317 2411 Livius,
1343 2382 1374 2405 et
1396 2376 1446 2404 M.
1472 2373 1592 2412 Livius,
1613 2376 1669 2414 qui

223 2422 326 2454 paam,
345 2417 499 2458 quintoque
511 2422 575 2455 post
590 2417 630 2445 ad
645 2418 810 2447 Tarentum.
838 2419 927 2447 Quae-
971 2418 1123 2447 Salinator
1152 2420 1397 2458 cognominatus
1428 2425 1486 2454 est,
1511 2420 1572 2448 arci
1603 2428 1669 2455 ηομ

225 2466 284 2488 sior
301 2459 402 2488 deinde
424 2459 610 2500 quadriennio
634 2466 696 2498 pos!
711 2461 818 2500 fac-ms
842 2472 902 2490 sum
916 2473 926 2490 .·
971 2461 1107 2500 praefuit.
1130 2462 1183 2491 scd
1208 2469 1314 2492 tamen
1336 2469 1366 2491 ct
1384 2460 1573 2491 Plutarchus
1591 2462 1671 2492 Sali-

225 2513 310 2543 quc'm
326 2503 531 2540 Ιηιζςζὶςίναίιιιη
551 2503 625 2541 gessi
653 2502 821 2532 Consulibus
838 2504 927 2533 Tudi·
971 2511 1113 2535 tiatorem
1133 2504 1279 2544 appellat.

225 2551 293 2574 lano
319 2552 348 2574 et
378 2545 521 2584 Cclhcg03
547 2557 609 2574 cum
636 2546 785 2575 admodum
811 2547 925 2588 quidem
1013 2556 1032 2580 9
1056 2549 1118 2576 Nec
1133 2558 1204 2576 ‘vcro
1227 2548 1257 2577 ι”η
1280 2548 1369 2577 armis
1387 2553 1436 2586 pr.
1452 2557 1540 2588 quam
1556 2546 1586 2576 in
1602 2553 1669 2585 toga

225 2587 277 2618 ille
293 2599 378 2618 senex
393 2600 488 2618 suasor
511 2587 582 2628 legis
607 2588 718 2618 Cinciae
740 2589 774 2618 de
797 2590 874 2619 donis
898 2598 926 2619 c!
969 2588 1047 2630 Sic]
1067 2591 1165 2620 Hunc
1188 2591 1298 2621 locum
1322 2601 1338 2620 e
1363 2591 1506 2621 Charisio
1527 2591 1572 2620 sic
1593 2600 1669 2629 sup-

224 2631 474 2671 muncrilmsfuit.
499 2631 593 2661 Hanc
609 2633 838 2663 correctionem
855 2643 925 2674 pro·
969 2633 1033 2675 plct
1050 2633 1177 2672 Pighius
1194 2634 1231 2664 ad
1247 2644 1275 2664 a.
1291 2640 1362 2665 521.
1380 2645 1409 2674 p.
1427 2641 1495 2664 102·
1518 2633 1570 2671 Sp.
1592 2632 1667 2662 Car-

224 2669 311 2704 bavit
327 2674 397 2705 Car.
414 2675 563 2715 Langius.
969 2676 1044 2705 vilio
1059 2676 1166 2715 collega
1183 2677 1355 2718 quie-scente,
1376 2677 1411 2708 C.
1433 2675 1568 2707 Carvilio
1584 2683 1611 2704 e!
1630 2676 1666 2706 C.

269 2724 285 2752 7
320 2717 481 2758 molliebat]
507 2718 544 2748 C.
567 2719 704 2757 Langius
726 2728 742 2748 c
767 2719 830 2750 NIS.
855 2728 923 2749 cor-
968 2718 1113 2748 Flaminio
1137 2719 1206 2750 trib.
1228 2720 1272 2759 pl.
1297 2719 1392 2762 quoad
1407 2719 1515 2760 potuit,
1546 2718 1664 2749 restitit.

221 2761 303 2792 rexit
327 2760 507 2799 moliebatur,
534 2761 553 2790 i.
578 2772 605 2791 e.
632 2762 702 2792 loco
733 2772 859 2793 movere
886 2773 922 2792 ac
967 2772 1032 2792 non
1050 2763 1159 2801 probat
1176 2763 1324 2803 Langius,
1342 2770 1497 2802 negatque
1513 2773 1530 2792 a
1548 2762 1663 2792 Flami-

222 2803 378 2842 depellere
393 2805 578 2834 conabatur.
603 2805 692 2835 idern
706 2815 824 2836 nomen
846 2807 922 2846 (En-
967 2807 1020 2835 nio
1030 2815 1149 2845 agrum
1166 2806 1331 2844 Gallicum
1343 2814 1373 2838 et
1387 2807 1545 2838 Picentem
1562 2805 1664 2837 distri-

222 2845 300 2887 aius)
327 2848 473 2881 additum
499 2857 565 2880 esse
588 2857 607 2880 a
634 2848 804 2889 glossatore
832 2856 924 2889 puta·
966 2849 1082 2882 butum
1099 2849 1205 2882 fuisse.
