1844 3202
602 98 785 139 L1BER
821 98 1100 137 TERTIUS,
1499 99 1576 146 76³

147 222 261 250 cesse
290 216 428 251 esset:
462 207 535 260 sic,
564 208 599 249 si
628 206 918 263 unusquisque
949 213 1140 246 nostrum
1162 204 1297 260 rapiat
1317 205 1370 247 ad
1395 220 1438 247 se
1458 221 1578 249 com·

148 265 278 306 moda
315 265 508 315 aliorum,
548 263 841 319 detrahatque,
881 261 996 318 quod
1033 261 1185 316 cuique
1225 262 1371 316 possit,
1413 264 1578 306 emolu-

147 322 278 362 menti
313 321 377 363 sui
407 321 572 376 gratia:
604 320 782 362 societas
816 319 1055 369 hominum,
1083 326 1126 358 et
1153 318 1435 358 communitas
1465 334 1579 361 ever·
1591 331 1624 362 b.

145 387 260 419 tatur
281 392 448 419 necesse
468 386 544 418 est.
566 391 677 428 nam,
699 377 777 418 sibi
800 385 847 418 ut
867 375 1045 431 quisque
1071 373 1206 424 malit,
1226 373 1342 429 quod
1372 374 1424 414 ad
1454 390 1578 418 usum

145 434 239 475 vitae
274 434 490 488 pertineat,
519 448 646 489 quam
676 433 811 484 alteri,
839 431 1069 488 acquirere,
1105 444 1354 471 concessum
1386 439 1463 481 est,
1496 447 1579 473 non

145 499 406 545 repugnante
445 500 609 531 natura.
648 489 753 531 illud
795 498 943 530 natura
983 503 1068 530 non
1106 487 1276 543 patitur,
1313 495 1361 527 ut
1399 487 1577 529 aliorum

145 546 288 600 spoliis
321 555 482 587 nostras
518 546 755 596 facultates,
788 545 945 601 copias,
981 558 1085 600 opes
1123 558 1368 599 augeamus.
1427 544 1581 600 Neque
1594 554 1643 585 23

145 616 241 643 vero
261 602 343 643 hoc
366 603 502 644 solum
530 613 692 654 natura,
714 603 757 644 id
787 610 865 653 est,
884 602 981 658 jure
1001 600 1212 656 gentium,
1231 599 1305 641 sed
1325 599 1452 641 etiarn
1474 600 1582 657 legi-

143 658 222 700 bus
242 659 513 714 populorum,
535 660 687 716 quibus
709 660 749 700 in
773 658 950 714 singulis
970 657 1206 699 civitatibus
1226 656 1463 712 respublica
1481 672 1584 699 con-

142 715 314 767 tinetur,
357 713 510 757 eodem
546 716 677 757 modo
711 716 991 757 constitutum
1029 723 1106 764 est,
1142 723 1190 754 ut
1229 728 1313 754 non
1354 712 1478 754 liceat
1518 714 1583 756 sui

142 772 361 813 commodi
391 787 518 813 causa
545 786 695 814 nocere
729 772 864 813 alteri.
895 771 977 812 hoc
998 771 1110 811 enim
1138 778 1329 825 spectant
1348 769 1477 825 leges,
1499 770 1583 812 hoc

142 829 316 879 volunt3
348 829 607 870 incolumem
637 843 727 870 esse
756 829 908 870 civium
939 826 1311 884 conjunctionem:
1344 841 1470 883 quarn
1511 829 1584 884 qui

141 883 358 937 dirimunt,
390 900 463 926 eos
494 894 646 937 morte,
677 885 836 935 exsilio,
867 884 1057 934 vinculis,
1088 883 1244 924 damno
1274 888 1486 924 coercent.
1517 893 1583 925 at·

142 955 226 997 que
256 951 292 973 21
313 942 395 984 hoc
425 943 562 983 multo
596 943 732 998 magis
767 941 900 997 exigit
931 941 1021 997 ipsa
1050 950 1209 981 natur-:e
1240 940 1362 991 ratio,
1393 955 1488 996 quae
1518 951 1584 983 est

143 997 209 1038 lex
237 998 389 1049 divina,
419 1008 462 1040 et
491 1000 704 1040 humana:
735 999 803 1040 cui
835 1012 978 1053 parere
1009 999 1082 1053 qui
1115 997 1212 1037 velit
1245 999 1409 1052 (omnes
1440 1007 1583 1039 autem

142 1055 364 1109 parebunt,
405 1064 443 1087 22
462 1056 535 1112 qui
574 1055 805 1097 secundum
844 1064 1037 1096 naturam
1085 1053 1223 1094 volent
1262 1053 1413 1106 vivere)
1458 1069 1582 1096 nurn-

142 1125 270 1166 quam
312 1113 567 1163 committet,
606 1122 651 1153 ut
691 1112 874 1153 alienum
910 1120 1093 1166 appetat,
1135 1119 1177 1151 et
1216 1110 1274 1160 id,
1312 1110 1428 1166 quod
1462 1111 1583 1153 alteri

143 1167 382 1217 detraxerit,
417 1169 497 1209 'sibi
529 1178 728 1210 assumat.
790 1167 958 1208 Etenim
995 1167 1133 1209 multo
1163 1167 1300 1222 magis
1331 1176 1394 1208 est
1428 1181 1648 1215 secun-24

141 1223 245 1265 dum
276 1234 468 1265 naturam
500 1225 718 1266 excelsitas
749 1224 891 1275 animi,
912 1233 955 1265 et
983 1223 1263 1279 magnitudo:
1293 1223 1481 1279 itemque
1507 1239 1582 1266 co·

142 1280 282 1331 mitas,
309 1281 491 1337 justitia,
512 1281 757 1331 liberalitas,
784 1296 910 1336 quam
940 1281 1147 1335 voluptas,
1169 1295 1296 1336 quam
1325 1280 1422 1331 vita,
1453 1296 1581 1337 quam

140 1336 295 1378 divitiae
314 1354 326 1388 3
370 1353 465 1393 quae
502 1338 672 1394 quidem
717 1346 1004 1388 contemnere,
1041 1346 1085 1378 et
1122 1351 1200 1392 pro
1242 1336 1374 1377 nihilo
1413 1336 1583 1390 ducere,

140 1405 456 1450 comparantem
489 1409 585 1436 cum
617 1394 799 1436 utilitate
829 1393 1060 1444 communi,
1092 1393 1237 1448 magni
1267 1393 1410 1444 animi,
1440 1403 1482 1435 et
1511 1409 1583 1436 ex-

141 1449 242 1491 celsi
271 1460 363 1492 est:
395 1451 612 1492 detrahere
642 1459 783 1492 autem
814 1450 934 1491 alteri
972 1450 1038 1491 sui
1067 1449 1284 1491 commodi
1313 1464 1455 1502 causa,
1489 1466 1581 1492 ma-

139 1506 208 1562 gis
248 1517 312 1549 est
349 1516 496 1549 contra
535 1517 743 1559 naturam,
782 1522 908 1563 quam
949 1521 1079 1557 mors,
1120 1521 1247 1563 quarn
1284 1505 1422 1557 dolor,
1452 1522 1581 1563 quam

139 1571 281 1605 cetera
304 1565 472 1619 generis
505 1564 710 1620 ejusdem.
770 1565 979 1621 Itemque,
1001 1563 1139 1619 magis
1164 1571 1229 1604 est
1250 1563 1484 1605 secundum
1506 1579 1579 1606 na·
1594 1574 1647 1607 25>

140 1628 295 1672 turam,
320 1635 398 1676 pro
430 1621 626 1663 omnibus
656 1620 871 1677 gentibus,
906 1621 941 1662 si
975 1620 1062 1661 fieri
1093 1620 1241 1676 possit,
1274 1620 1581 1672 conservandis,

139 1685 214 1718 aut
236 1677 432 1733 juvandis
462 1678 668 1718 maximos
698 1677 863 1718 labores
894 1676 1195 1732 molestiasque
1226 1676 1451 1732 suscipere,
1485 1677 1581 1720 imi-

141 1740 303 1775 tantem
339 1734 571 1775 Herculem
605 1734 741 1783 illum,
780 1748 905 1789 quern
941 1740 979 1764 2²³
999 1733 1221 1775 hominum
1255 1733 1385 1784 fama,
1423 1734 1582 1775 benefi-

140 1789 304 1830 ciorum
334 1804 513 1841 mernor,
543 1791 586 1832 in
616 1789 796 1832 concilio
827 1790 1066 1831 coelestium
1089 1789 1339 1832 collocavit:
1370 1804 1500 1846 quam
1520 1791 1581 1832 vi-

141 1860 235 1887 vere
265 1846 308 1887 in
338 1846 579 1898 solitudine,
610 1862 696 1888 non
726 1845 856 1888 modo
886 1847 975 1888 sine
1000 1847 1098 1888 ullis
1118 1846 1337 1898 molestiis,
1357 1847 1431 1888 sed
1451 1847 1580 1890 etiam
1592 1868 1622 1898 p.
1640 1865 1691 1894 ⁵7.

140 1901 183 1943 in
214 1903 408 1944 maximis
438 1904 741 1959 voluptatibus,
772 1903 1057 1944 abundantem
1095 1903 1294 1945 omnibus
1330 1904 1462 1959 copiis
1477 1920 1491 1956 3
1532 1910 1621 1946 uta·

140 1958 320 2000 excellas
356 1960 485 2001 etiarn
524 1960 822 2016 pulcritudine,
857 1969 901 2001 et
934 1960 1106 2002 viribus.
1164 1960 1382 2002 Quocirca
1414 1961 1581 2016 optimo

141 2015 337 2072 quisque,
367 2025 410 2058 et
439 2016 780 2071 splendidissimo
813 2016 985 2072 ingenio
1015 2017 1144 2072 longe
1174 2016 1292 2058 illam
1322 2016 1450 2057 vitam
1480 2017 1583 2060 huic

141 2073 374 2128 anteponit.
432 2074 497 2114 Ex
526 2088 611 2130 quo
641 2073 835 2124 efficitur,
865 2073 1084 2114 hominem
1115 2082 1275 2118 naturae
1296 2072 1582 2126 obedientem,

141 2127 306 2171 homini
335 2143 488 2171 nocere
518 2145 603 2172 non
631 2145 770 2186 posse.
828 2130 1013 2181 Deinde,
1049 2130 1123 2187 qui
1152 2130 1330 2172 alterum
1361 2130 1505 2182 violat,
1534 2141 1583 2173 ut
1595 2143 1648 2182 26
1704 2142 1707 2144 ’

125 2185 231 2241 ¹ipse
266 2185 424 2242 aliquid
457 2187 674 2229 commodi
708 2197 1004 2243 consequatur,
1035 2197 1109 2228 aut
1147 2187 1251 2228 nihil
1288 2201 1332 2228 se
1372 2187 1585 2230 existimat

142 2252 290 2284 contra
310 2253 504 2285 naturam
522 2244 675 2295 facere,
696 2253 770 2285 aut
790 2244 927 2299 magis
947 2243 1195 2299 fugiendam
1223 2252 1366 2286 censet
1384 2253 1583 2296 mortem,

141 2308 445 2355 paupertatem,
467 2299 676 2351 dolorem,
696 2300 967 2342 amissionem
989 2301 1115 2342 etiam
1141 2301 1386 2352 liberorum,
1408 2302 1584 2358 propin-

142 2369 339 2412 quorum,
358 2357 608 2410 amicorum,
631 2372 758 2414 quarn
788 2357 926 2399 facere
956 2358 1142 2413 cuipiam
1171 2357 1382 2416 injuriam.
1415 2358 1448 2399 si
1478 2358 1583 2400 nihil

139 2487 210 2510 met
233 2490 286 2521 pro
308 2482 438 2521 vulgato
461 2491 512 2520 est,
537 2484 623 2523 quod
645 2492 770 2522 semper
792 2484 838 2513 vi·
925 2490 964 2514 22
989 2483 1038 2524 qui
1069 2494 1123 2514 sec.
1153 2490 1290 2513 naturam
1320 2483 1426 2513 volunt
1458 2483 1579 2523 vivere]

140 2524 260 2555 ciosum
275 2526 381 2565 putavi
397 2527 483 2556 etsie
499 2527 731 2567 corrigendum.
749 2527 839 2556 Pear-
883 2526 1036 2556 Usitatius
1059 2526 1139 2556 foret
1159 2526 1275 2556 velint.-
1299 2534 1335 2557 ut
1357 2534 1430 2556 ante
1453 2535 1511 2563 est,
1535 2527 1582 2556 cui

140 2568 209 2597 cius
221 2577 294 2598 vero
310 2575 341 2598 et
355 2568 388 2598 in
405 2569 503 2599 Codd·
518 2579 578 2601 scr.
593 2570 737 2609 pluribus
753 2579 839 2608 repe·
875 2575 983 2609 parere
998 2568 1339 2611 quivelit-—numquam
1351 2569 1518 2601 committet.

141 2610 180 2640 rit
195 2618 281 2640 esset.-
305 2618 336 2640 et
355 2611 424 2649 jam
441 2612 561 2643 edidere
576 2612 747 2649 Victorius,
767 2613 838 2642 Ma·
926 2619 964 2643 23
989 2612 1132 2641 bominum
1144 2611 1249 2652 fama]
1265 2613 1358 2652 fama
1382 2613 1415 2642 h.
1431 2612 1453 2642 l.
1469 2619 1515 2642 est
1527 2613 1582 2651 ju·

141 2655 264 2690 nutius,
278 2654 464 2685 Lambinus.
881 2655 1004 2685 dicium
1027 2656 1215 2692 hominum,
1237 2655 1450 2691 sermonibus,
1482 2655 1583 2686 laudi-

185 2703 223 2726 21
250 2696 297 2726 boc
313 2708 352 2728 m.
376 2708 414 2727 m.
438 2696 531 2736 exigit
545 2696 567 2727 ἱ.
583 2707 611 2726 η.
633 2695 674 2735 r.]
692 2697 838 2728 Pearcius
881 2697 942 2729 bus
964 2698 1132 2738 vulgatum
1155 2707 1210 2738 per
1231 2708 1343 2729 omnes
1366 2696 1521 2737 populos:
1546 2705 1583 2728 ut

142 2746 161 2769 e
183 2738 282 2770 eodd.
304 2749 363 2771 scr.
394 2740 478 2770 dedit
506 2738 603 2780 efficit,
633 2741 839 2771 consentiunt
881 2741 966 2780 apud
989 2742 1116 2772 Livium
1129 2741 1222 2781 fama
1244 2749 1290 2771 est
1311 2742 1349 2771 de
1373 2741 1422 2778 iis,
1445 2750 1519 2779 quae
1540 2741 1582 2771 ab

143 2780 241 2812 Goth.
264 2782 339 2813 Cur.
362 2783 539 2824 Vulgaturn
564 2782 678 2815 melius
701 2791 759 2819 est,
783 2784 839 2813 ita·
881 2784 1038 2819 historicis
1054 2784 1271 2818 communiter
1287 2784 1397 2814 tradita
1408 2790 1494 2814 suut.

144 2833 207 2863 que
221 2835 351 2857 servam.
