1844 3202
627 110 1045 150 CONSOLATIO.
1470 118 1549 161 985

119 221 258 277 ipsum
290 235 312 262 a
344 220 422 262 diis
453 219 761 261 immortalibus
790 233 880 260 esse
908 233 1167 260 conversum.
1229 219 1340 261 Cum
1345 220 1550 284 Sulpicio

122 293 217 320 vero
238 277 365 319 Gallo
387 276 478 333 quis
500 286 627 340 neget
644 287 784 316 aetum
808 291 897 316 esse
919 275 1259 340 praeclarissime.
1251 278 1264 304 ²
1288 276 1408 341 cujus
1429 277 1549 318 inno-

120 335 318 383 centiam,
351 332 613 388 sapientiam,
643 331 865 372 militarem
898 333 1107 383 virtutem,
1138 332 1265 373 etiam
1302 333 1477 389 msignis
1507 334 1550 374 in

122 391 244 432 obitu
267 391 334 431 filii
363 389 566 430 fortitudo
597 388 877 430 illustraverit.
908 404 1034 444 quem
1069 399 1114 429 ut
1143 404 1373 445 numquam
1404 391 1550 430 lubens

121 448 296 488 tacitum
319 445 563 495 dimiserim,
582 445 639 486 sie
660 445 712 486 ad
735 445 941 486 Catonem
966 460 1192 501 properans
1211 445 1417 486 exsultare
1438 446 1550 486 vide-

122 514 190 544 tur
210 503 388 568 animus,
410 512 452 542 et
473 502 592 566 quasi
619 502 657 542 in
689 511 860 556 portum
892 516 942 542 ex
972 501 1140 543 horrida
1163 511 1414 557 tempestate
1435 502 1550 543 dela-

123 568 205 610 tus,
220 561 260 600 in
281 559 575 613 sapientissimi
595 558 665 598 viii
685 558 867 608 nomine,
884 568 1009 614 atque
1027 559 1220 614 exemplo
1240 573 1550 622 conquiescere.

123 630 258 672 neque
293 616 403 655 enim
438 615 588 671 majori
620 614 721 655 mihi
752 615 1018 656 admirationi
1049 629 1140 656 esse
1171 615 1306 656 solent
1335 614 1556 657 clarissimi

122 672 304 713 hominis
335 687 398 712 res
426 681 574 727 gestae,
595 686 642 712 ae
671 672 812 721 virtus,
837 686 918 712 non
939 671 1076 712 solum
1108 672 1150 712 in
1179 672 1271 712 luce
1298 672 1459 727 patriae,
1481 671 1554 711 sed

123 729 250 770 etiam
280 729 321 769 in
351 743 581 792 congressu
609 728 795 768 hostium
827 728 1013 783 cognita,
1044 743 1168 793 quam
1202 728 1281 769 fuit
1310 728 1381 769 illa
1410 743 1450 768 1n
1483 728 1554 768 filii

124 795 274 836 morte,
294 785 483 841 praetoris
504 784 753 840 designati,
744 800 785 825 111
807 786 940 826 oculis
960 786 1152 826 omnium
1173 785 1324 825 civium
1349 784 1554 826 fortitudo

123 841 346 882 declarata
406 842 550 896 Atque
578 841 732 882 horum
762 841 932 896 egregia
953 841 994 882 in
1015 841 1258 882 domesticis
1280 841 1471 891 miseriis,
1493 850 1556 882 at-

125 913 208 954 que
237 898 432 939 {erumnis
469 898 652 939 lacinora
682 898 753 953 qui
784 899 981 939 fortiter
973 913 1013 938 111
1045 898 1211 939 civitate
1241 910 1382 939 nostra
1404 897 1556 939 imitati

124 955 220 1004 sint,
238 969 441 1010 casusque
459 954 639 995 fortunae
659 954 924 1010 graiissimos
944 955 1140 1010 patientis
1144 954 1247 995 sime
1269 955 1453 1005 tulerint,
1473 969 1556 995 non

124 1011 290 1052 difficile
320 1011 446 1052 fuerit
473 1011 660 1052 oratione
689 1011 931 1067 complecti.
962 1026 1058 1052 narn
1091 1022 1134 1052 et
1161 1012 1216 1068 O.
1239 1011 1423 1053 Martius
1453 1013 1556 1061 Rex,

124 1082 220 1109 cum
243 1068 413 1108 unicum
435 1082 611 1108 summae
632 1067 812 1123 pietatis,
830 1082 1091 1132 summasque
1111 1054 1275 1109 virtutis
1296 1068 1428 1109 filium
1450 1068 1556 1109 ami-

124 1124 225 1165 siss
213 1134 261 1175 t,
283 1124 474 1165 dolorem
495 1124 719 1188 prudentia
737 1125 923 1179 90111011,
941 1135 983 1166 et
1003 1139 1053 1165 eo
1075 1124 1166 1180 ipso
1187 1125 1267 1176 die,
1289 1140 1374 1189 quo
1398 1125 1468 1166 filii
1489 1139 1555 1165 ro—

123 1195 227 1236 gum
251 1190 472 1236 spectarat,
489 1181 646 1221 curiam
670 1181 885 1236 ingressus
907 1191 997 1222 est:
1019 1190 1294 1238 senatumque
1308 1181 1437 1238 jussit
1455 1196 1558 1222 con-

123 1238 273 1278 venire.
336 1237 513 1278 Crassus
533 1252 643 1288 vero,
663 1237 703 1278 in
727 1252 776 1278 eo
799 1238 958 1292 praelio,
980 1238 1096 1293 quod
1124 1254 1219 1279 eum
1251 1240 1326 1279 P‘u
1330 1238 1412 1280 th1s
1438 1252 1557 1279 com-

126 1294 255 1343 misit,
275 1295 416 1335 oeeiso
438 1294 539 1344 filio,
561 1304 726 1335 tantum
748 1295 883 1335 abfuit
913 1304 960 1335 ut
985 1295 1160 1346 doler,et
1183 1306 1230 1336 ut
1251 1295 1378 1336 etiam
1398 1295 1557 1336 exerci-

125 1359 217 1392 tum
247 1351 532 1406 increpaverit,
554 1350 668 1406 quod
699 1351 822 1392 unius
844 1352 986 1392 militis
1009 1351 1178 1407 jactura
1199 1363 1418 1407 tantopere
1439 1366 1558 1392 com-

126 1416 379 1457 moveretur,
401 1407 674 1463 hortatusque
705 1407 773 1457 sit,
796 1417 842 1448 ut
871 1408 1015 1462 patriae
1047 1409 1209 1449 virtutis
1237 1423 1461 1457 memoreS,
1483 1422 1559 1463 pro

127 1463 343 1519 republica
373 1463 537 1506 fortiter
564 1463 825 1514 dimicarent,
853 1464 924 1505 filii
956 1464 1111 1505 mortui
1142 1465 1344 1506 ultionem
1378 1465 1455 1506 sibi
1487 1465 1562 1505 uni

126 1520 422 1576 relinquerent.
474 1520 556 1560 Sed
577 1521 789 1576 antiquior
811 1522 852 1561 P.
875 1521 1067 1570 Crassus,
1087 1521 1146 1562 vir
1166 1521 1318 1572 clarus,
1341 1532 1383 1563 et
1404 1535 1559 1562 consu-

125 1576 236 1627 laris,
259 1578 302 1618 Ρ.
327 1576 466 1617 Crassi
498 1576 568 1617 filii
599 1587 776 1618 mortem
812 1593 855 1618 et
884 1577 999 1628 vidit,
1022 1587 1064 1618 et
1084 1578 1417 1619 moderatissime
1448 1577 1559 1619 tulit.

126 1633 222 1674 Nec
253 1633 305 1674 ab
335 1634 426 1689 ejus
457 1632 580 1674 laude
611 1633 759 1683 abfuit,
779 1649 827 1674 ac
860 1635 1033 1675 fortasse
1066 1635 1220 1675 Crasso
1246 1635 1456 1690 praestitit,
1479 1634 1560 1676 Cn.

129 1689 293 1745 Caepio,
319 1705 392 1746 qui
423 1689 668 1744 Caepionem
698 1690 831 1731 filium
862 1691 1084 1746 naufragio
1114 1692 1357 1732 absumtum
1389 1691 1447 1732 ita
1477 1706 1561 1732 non

127 1745 280 1797 doluit,
300 1756 347 1786 ut
377 1761 473 1787 eum
508 1761 558 1786 ne
590 1747 732 1788 lexiter
758 1747 929 1803 quidem
956 1763 978 1788 e
1007 1747 1140 1798 vultu,
1161 1758 1233 1789 aut
1262 1748 1348 1789 ulla
1372 1749 1562 1804 corporis

126 1811 245 1858 parte
276 1813 539 1844 commotum
570 1818 592 1844 e
617 1803 892 1844 familiaribus
919 1804 1144 1860 quisquam
1164 1805 1252 1845 ullo
1273 1814 1399 1860 pacto
1420 1819 1562 1845 sense-

128 1859 195 1900 rit.
226 1860 320 1900 Jam
337 1859 439 1916 quid
460 1859 643 1909 Pisones,
658 1861 773 1900 Seaex
767 1860 879 1910 olas,
901 1861 983 1901 Bri·
975 1870 1066 1911 ·,tos
1085 1861 1327 1911 Marcellos,
1347 1861 1562 1926 Metellos,

127 1915 326 1972 Lepidos,
344 1916 533 1957 Aufidios
552 1931 792 1957 enumerem
811 1917 824 1958 ?
847 1932 1029 1972 quorum
1049 1917 1205 1972 singuli
1225 1918 1414 1973 pluribus
1435 1919 1562 1958 amis-

129 1975 185 2015 sis
191 1931 322 2024 pfiliis,
342 1973 403 2014 vel
434 1973 650 2021 uxoribus,
672 1973 734 2014 vel
766 1974 1021 2028 parentibus,
1048 1989 1120 2014 nec
1154 1974 1386 2029 lugendum
1419 1974 1561 2015 existi-

129 2039 312 2079 marunt,
334 2041 377 2071 et
406 2044 525 2071 suam
556 2030 598 2070 111
628 2029 795 2070 1110111111
826 2030 1042 2071 funeribus
1071 2031 1279 2082 virtutem,
1299 2041 1427 2095 atque
1458 2045 1562 2072 con-

128 2087 327 2129 stantiam
358 2100 441 2127 non
474 2086 554 2127 sibi
581 2086 734 2137 solum,
756 2087 828 2128 sed
860 2087 986 2127 etiam
1015 2087 1175 2151 generi,
1201 2088 1446 2143 nominique
1476 2088 1568 2128 Ro-.

127 2157 256 2185 mano
275 2142 508 2198 gloriosam
530 2143 618 2184 fore
639 2151 900 2198 putav.erunt
950 2144 1115 2186 Pudet
1105 2159 1146 2184 m
1166 2144 1346 2185 1110111111
1370 2159 1468 2200 grai
1475 2159 1565 2184 1551-

129 2200 210 2243 mis
241 2200 409 2242 casibus
443 2199 680 2264 repetendis
708 2199 889 2264 longiori
921 2200 984 2241 uti
1015 2201 1220 2251 oratione,
1250 2215 1346 2242 cum
1378 2201 1563 2242 1110111111

130 2256 312 2299 maxime
331 2256 551 2312 peculiaris
572 2256 698 2297 virtus
720 2256 787 2307 sit,
807 2266 848 2297 et
881 2256 921 2296 in
950 2257 1043 2298 11115
1073 2257 1321 2308 efflorescat,
1346 2272 1394 2298 ae
1423 2257 1564 2313 rigeat

129 2313 326 2356 maxime.
365 2313 640 2377 quamobrem
671 2313 724 2354 de
754 2312 934 2354 faeminis
966 2313 1105 2368 potius
1136 2313 1360 2355 dicendum
1392 2323 1470 2364 est,
1502 2323 1564 2365 ut,

130 2384 228 2412 cum
251 2384 321 2411 eas
341 2369 588 2411 fortissimas
608 2370 736 2411 fuisse
757 2370 976 2424 cognitum
999 2371 1067 2420 sit,
1088 2379 1181 2411 tuni
1211 2370 1367 2426 pudeat
1396 2371 1519 2420 11105,
1541 2385 1565 2411 a

131 2426 389 2469 mulierculis
408 2426 570 2467 virtutis
590 2426 782 2481 exempla
802 2437 958 2482 petere,
980 2436 1022 2468 et
1045 2427 1136 2467 ab
1126 2427 1175 2468 115
1205 2442 1254 2467 ea
1280 2427 1447 2477 virtute,
1468 2442 1564 2482 quae

130 2483 318 2547 ipsorum
359 2483 525 2538 propria
561 2497 651 2524 esse
689 2483 855 2534 debeat,
896 2483 1023 2524 xideri
1063 2483 1289 2539 aliquando
1330 2495 1563 2538 supetQatos

131 2555 245 2590 nam,
263 2555 296 2580 51
318 2553 456 2580 10111111
479 2549 556 2590 est,
577 2540 692 2596 quod
711 2554 735 2580 a
753 2540 1048 2595 Theophrasto
1067 2540 1221 2581 alicubi
1241 2540 1454 2595 proditum
1475 2554 1564 2580 lne-

132 2597 277 2639 moriae
298 2611 355 2636 ma
356 2595 601 2648 tndaximus,
619 2597 763 2638 orbem
786 2606 988 2637 terrarum
1009 2596 1217 2638 theanum
1237 2596 1453 2651 quoddam
1475 2610 1565 2637 esse

133 2668 353 2709 magnum,
378 2651 515 2692 dixina
533 2662 674 2694 mente
693 2653 899 2708 repletum
925 2670 933 2694 :
966 2662 1009 2694 ct
1034 2653 1216 2694 coelestis
1244 2653 1477 2694 indieandae
1499 2667 1565 2693 sa-

133 2710 301 2765 pientiae
322 2709 458 2765 gratia
479 2718 564 2749 tam
596 2709 739 2751 multis
767 2709 954 2765 undique
982 2709 1289 2750 collucentibus
1311 2709 1567 2750 ornamentis

132 2766 390 2808 illustratum
411 2780 458 2806 ac
479 2765 694 2820 depictum
712 2783 721 2806 :
753 2766 794 2806 in
816 2780 866 2806 eo
887 2776 1027 2807 autem
1061 2765 1203 2807 medio
1224 2765 1455 2806 collocatos
1477 2780 1567 2806 esse

133 2822 326 2865 homines
360 2837 384 2863 a
418 2822 514 2872 deo,
544 2833 590 2864 ut
622 2836 720 2864 cum
753 2823 935 2873 fortuna,
965 2822 1126 2873 dolore,
1155 2823 1328 2873 morbis,
1362 2831 1568 2877 egestate,
