1844 3202
267 97 345 136 704
788 94 866 133 DE
902 95 1166 134 OFFICIIS

266 199 344 241 dor
364 200 501 242 omnis
523 209 564 242 et
593 202 843 258 amplitudo,
864 203 974 245 addo
994 205 1119 246 etiam
1143 205 1381 257 utilitatem,
1403 204 1444 246 in
1465 204 1696 262 posteriore

265 265 357 297 cst:
407 271 533 299 causa
567 268 726 311 autem,
750 269 792 300 et
829 261 934 301 ratio
973 262 1153 302 efficiens
1192 277 1370 318 magnos
1401 263 1524 313 viros,
1555 273 1619 303 est
1655 263 1697 304 in

268 312 417 367 priore.
438 314 480 355 in
502 330 553 355 eo
574 316 684 356 enim
713 326 775 357 est
797 316 916 367 illud,
938 318 1053 372 quod
1081 318 1327 360 excellentes
1349 319 1524 369 animos,
1545 328 1587 360 et
1617 320 1698 360 hu-

268 383 393 410 mana
411 381 728 413 contemnentes
748 373 860 413 facit.
922 374 972 414 Id
992 385 1131 414 autem
1153 375 1290 429 ipsum
1311 376 1494 417 cernitur
1519 376 1562 416 in
1590 375 1698 417 duo-

267 426 362 476 buS‚
385 427 418 467 si
446 438 489 468 et
515 428 651 468 solum
682 428 738 476 id,
768 429 883 484 quod
912 429 1138 471 honestum
1167 431 1235 482 sit,
1264 432 1423 473 bonum
1445 432 1627 488 judiceS,
1657 439 1700 472 et

268 483 383 523 omni
416 483 544 524 animi
572 485 887 539 perturbatione
918 486 1024 526 liber
1052 486 1121 527 sis.
1154 502 1248 528 nam
1276 498 1318 529 et
1345 503 1408 539 ea,
1429 503 1523 544 quae
1548 488 1701 529 eximia

268 538 475 594 plerisque
507 550 550 582 et
579 540 779 595 praeclara
803 541 1009 591 videntur,
1038 556 1161 598 parva
1186 543 1354 595 ducere,
1375 559 1508 600 eaque
1540 544 1700 586 ratione

267 596 407 636 stabili
436 596 636 652 firmaque
667 606 949 649 contemnere,
972 599 1091 639 fortis
1122 600 1265 651 animi,
1286 601 1512 657 magnique
1543 601 1700 642 ducen-

267 652 368 694 dum
392 662 455 694 est
476 670 485 693 z
517 664 560 694 et
577 668 639 704 ea,
661 669 755 709 quae
776 654 968 696 videntur
991 656 1156 706 acerba,
1175 671 1270 712 quae
1292 657 1427 698 multa
1455 667 1498 698 et
1517 651 1627 697 <varia
1657 657 1698 698 in

267 709 486 750 hominum
507 709 590 751 vita
610 712 861 766 fortunaque
882 720 1110 763 versantur,
1131 713 1188 753 ita
1209 714 1328 764 ferre,
1350 723 1398 754 ut
1420 714 1523 754 nihil
1543 727 1567 753 a
1587 721 1699 754 statu

218 782 222 786 ¹
267 774 427 806 naturae
465 766 667 817 discedas,
702 767 805 808 nihil
842 783 867 808 a
901 768 1107 824 dignitate
1137 770 1349 825 sapientis,
1378 770 1541 811 robusti
1573 769 1701 810 animi

203 827 253 863 68
267 831 343 871 est,
375 837 625 878 magnaeque
654 825 916 866 constantiae.
975 827 1075 866 Non
1105 836 1169 866 est
1195 837 1335 868 autem
1357 836 1702 877 consentaneum,

265 879 339 933 qui
360 889 476 920 metu
497 895 581 920 non
603 880 836 935 frangatur,
855 896 952 922 eum
979 882 1116 937 frangi
1138 883 1367 938 cupiditate
1386 900 1395 924 ε
1427 898 1519 934 nec,
1539 883 1610 939 qui
1636 882 1701 923 in-

264 935 421 976 victum
454 949 496 976 se
527 950 551 976 a
583 936 729 977 labore
769 938 1024 992 praestiterit,
1054 939 1162 980 vinci
1197 954 1222 980 a
1249 939 1478 995 voluptate.
1537 941 1702 996 Quam·

264 991 410 1032 obrem
439 1001 483 1032 et
509 991 601 1032 haec
622 992 811 1043 videnda,
833 1002 875 1034 et
902 994 1093 1049 pecuniae
1114 995 1316 1050 fugienda
1345 996 1566 1051 cupiditas.
1596 995 1700 1036 nihil

263 1047 377 1088 enim
403 1057 468 1088 est
493 1056 580 1089 tam
609 1050 777 1104 angusti
805 1050 948 1100 animi,
970 1059 1139 1106 tamque
1160 1052 1287 1106 parvi,
1308 1060 1444 1107 quam‘
1467 1065 1608 1093 amare
1634 1051 1701 1092 di-

263 1103 412 1145 vitias:
451 1104 554 1145 nihil
590 1104 820 1156 honestius,
852 1107 1287 1164 magnificentiusque,
1319 1122 1446 1163 quam
1478 1107 1699 1164 pecuniam

263 1170 549 1212 contemnere,
568 1161 602 1202 si
622 1176 706 1203 non
736 1162 921 1204 habeas:
953 1163 986 1204 si
1017 1164 1184 1214 habeas,
1214 1165 1266 1205 ad
1288 1165 1621 1206 beneficientiam
1648 1164 1700 1205 li-

263 1217 611 1274 beralitatemque
633 1220 834 1261 conferre.
895 1219 1092 1261 Cavenda
1111 1230 1174 1261 est
1202 1221 1329 1262 etiam
1362 1221 1510 1277 gloriae
1532 1221 1698 1277 cupidi·-

263 1284 341 1324 tas,
364 1283 412 1315 ut
433 1289 559 1330 supra
580 1275 678 1316 dixi.
736 1276 872 1331 Eripit
892 1276 1004 1318 enim
1031 1277 1284 1328 libertatem,
1306 1292 1382 1333 pro
1410 1293 1492 1333 qua
1522 1292 1698 1333 magna-

266 1330 388 1372 nimis
418 1331 514 1372 viris
545 1332 680 1372 omnis
710 1332 834 1374 debet
864 1347 953 1374 esse
983 1335 1213 1375 contentio.
1272 1336 1365 1375 Nec
1397 1349 1493 1375 vero
1524 1334 1700 1389 imperia

264 1387 511 1442 expetenda,
532 1402 580 1429 ac
601 1388 741 1443 potius
761 1398 834 1430 aut
854 1404 937 1430 non
959 1390 1201 1445 accipienda
1226 1390 1450 1440 interdum,
1470 1399 1544 1431 aut
1567 1390 1700 1446 depo-

202 1448 253 1494 0‘9
266 1444 401 1485 nenda
417 1459 748 1501 nonnumquam.
809 1447 1056 1488 Vacandum
1080 1456 1217 1488 autem
1239 1455 1301 1488 est
1321 1448 1437 1488 omni
1457 1447 1585 1488 animi
1607 1461 1699 1502 per-

264 1500 521 1552 turbatione,
543 1511 633 1542 tum
663 1502 908 1557 cupiditate,
929 1513 972 1545 et
998 1513 1132 1554 metu,
1154 1513 1245 1545 tum
1276 1505 1401 1545 etiam
1434 1503 1698 1559 aegritudine,

222 1557 253 1587 b.
263 1567 306 1598 et
324 1558 540 1613 voluptate
560 1558 703 1609 animi,
723 1569 765 1600 et
785 1559 1026 1611 iracundia3
1058 1570 1106 1602 ut
1126 1560 1402 1616 tranquillitas
1429 1570 1472 1600 et
1496 1560 1697 1601 securitas

262 1613 386 1664 adsit,
417 1629 510 1670 quae
542 1615 662 1656 affert
693 1630 790 1656 cum
821 1617 1117 1667 constantiam,
1148 1627 1240 1658 tum
1271 1617 1399 1658 etiam
1429 1616 1694 1672 dignitatem.

262 1671 396 1712 Multi
417 1680 559 1712 autem
579 1680 620 1712 et
642 1681 753 1722 sunt,
775 1679 816 1713 et
844 1673 1026 1723 fuerunt,
1047 1674 1119 1729 qui
1149 1687 1257 1723 eam,
1278 1688 1405 1729 quam
1438 1673 1549 1723 dico,
1581 1683 1696 1714 tran-

263 1727 516 1783 quillitatem
537 1737 795 1783 expetentes,
816 1745 841 1770 a
860 1730 1041 1784 negotiis
1067 1729 1247 1785 publicis
1277 1745 1319 1771 se
1348 1730 1614 1780 removerint,
1644 1729 1700 1771 ad

260 1784 484 1840 otiumque
505 1784 797 1840 perfugerint:
828 1786 868 1827 in
896 1786 960 1827 his
982 1795 1024 1827 et
1052 1786 1299 1827 nobilissimi
1333 1786 1577 1842 philosophi
1603 1786 1697 1827 lon-

261 1853 400 1896 geque
436 1841 658 1896 principeS,
691 1850 735 1883 et
765 1843 937 1898 quidam
973 1843 1167 1884 homines
1202 1843 1329 1884 severi
1357 1852 1400 1884 et
1431 1857 1593 1899 graveS,
1619 1857 1697 1884 nec

263 1897 410 1952 populi
442 1912 518 1938 nec
554 1898 791 1953 principum
825 1914 965 1941 mores
999 1901 1106 1940 ferre
1146 1909 1392 1954 potuerunt,
1425 1900 1698 1955 vixeruntque

202 1954 455 2005 70nonnulli
473 1955 512 1994 in
533 1955 660 2009 agris,
682 1955 879 1997 delectati
904 1971 947 1996 re
975 1971 1051 1997 sua
1078 1956 1287 1997 familiari.
1345 1956 1427 1998 His
1457 1955 1570 1996 idem
1598 1969 1697 2011 pro-

262 2011 449 2065 positum
489 2010 584 2060 fuit,
618 2012 733 2066 quod
772 2013 956 2068 regibus,
987 2022 1034 2054 ut
1063 2027 1115 2053 ne
1144 2027 1228 2068 qua
1255 2027 1300 2053 re
1329 2021 1516 2068 egerent,
1547 2026 1599 2052 ne
1629 2012 1698 2053 cui

264 2077 469 2121 parerent,
503 2067 696 2109 libertate
732 2077 975 2110 uterentur:
1018 2069 1140 2126 cujus
1175 2069 1392 2124 proprium
1431 2078 1509 2119 est,
1548 2068 1607 2109 sic
1637 2068 1697 2110 vi-

183 2117 248 2163 21
265 2137 371 2171 vere,
394 2133 443 2164 ut
462 2123 575 2164 velis.
634 2125 792 2180 Quare,
813 2139 909 2166 cum
941 2125 1023 2167 hoc
1052 2139 1280 2167 commune
1311 2125 1366 2166 sit
1388 2125 1593 2181 potentiae
1620 2139 1696 2166 cu·-

261 2179 461 2235 pidorum
491 2194 587 2221 cum
620 2181 684 2233 iis,
715 2196 822 2237 quos
852 2182 950 2233 dixi,
981 2182 1157 2224 otiosis:
1208 2181 1328 2224 alteri
1365 2196 1410 2223 se
1438 2181 1613 2238 adipisci
1651 2181 1696 2222 id

261 2250 386 2291 posse
414 2236 682 2289 arbitrantur,
713 2239 748 2279 si
777 2252 879 2294 opes
910 2253 1084 2295 magnas
1115 2238 1326 2290 habeant3
1361 2238 1495 2288 alteri,
1525 2237 1559 2279 si
1589 2251 1694 2279 con-

260 2292 370 2334 tenti
394 2293 478 2335 sint
504 2303 547 2334 et
572 2308 663 2345 suo,
684 2304 726 2336 et
754 2309 897 2350 parvo.
926 2296 968 2336 in
999 2310 1084 2352 quo
1115 2303 1358 2337 neutrorum
1389 2295 1563 2336 omnino
1592 2309 1697 2336 con-

262 2349 489 2391 temnenda
518 2358 582 2392 est
612 2352 846 2393 sententia:
890 2352 963 2394 sed
992 2362 1034 2394 et
1071 2352 1246 2404 facilior,
1277 2361 1320 2394 et
1355 2351 1502 2402 tutior,
1531 2360 1575 2393 et
1614 2351 1694 2392 mi-

261 2421 339 2448 nus
359 2406 450 2448 aliis
473 2408 626 2462 gravis,
647 2417 718 2449 aut
749 2409 929 2451 molesta
949 2409 1032 2450 vita
1056 2418 1119 2449 est
1146 2409 1379 2450 otiosorum
1399 2425 1408 2450 z
1439 2408 1696 2450 fructuosior

260 2471 403 2505 autem
430 2463 652 2505 hominum
676 2466 836 2521 generi,
856 2475 900 2507 et
928 2465 979 2507 ad
1010 2465 1259 2517 claritatem,
1289 2464 1695 2521 amplitudinemque

261 2519 399 2575 aptior
418 2535 578 2572 eorum,
601 2521 672 2577 qui
694 2536 738 2562 se
757 2522 810 2563 ad
828 2523 1134 2578 rempublicam
1162 2531 1204 2562 et
1235 2521 1289 2562 ad
1317 2536 1382 2563 res
1412 2535 1588 2578 magnas
1614 2534 1693 2576 ge-

201 2576 408 2629 71rendas
435 2577 873 2619 accommodaverunt.
940 2580 1210 2635 Quapropter
1235 2587 1278 2619 et
1307 2578 1356 2619 iis
1387 2578 1560 2619 forsitan
1589 2591 1693 2618 con-

261 2633 494 2674 cedendum
531 2634 598 2685 sit,
628 2634 928 2690 rempublicam
967 2650 1050 2676 non
1089 2635 1417 2690 capessentibus,
1450 2633 1522 2690 qui
1555 2632 1693 2675 excel-

259 2690 362 2731 lenti
392 2689 577 2746 ingenio,
605 2691 806 2732 doctrinae
829 2706 919 2732 sese
949 2690 1229 2733 dediderunt:
1262 2700 1304 2733 et
1332 2692 1396 2742 iis,
1426 2689 1500 2746 qui
1529 2697 1601 2731 aut
1622 2704 1690 2731 va-

260 2746 448 2788 litudinis
485 2747 789 2798 imbecillitate,
820 2757 894 2789 aut
921 2748 1062 2804 aliqua
1097 2748 1288 2803 graviore
1323 2761 1450 2789 causa
1487 2745 1693 2802 impediti,

260 2818 283 2842 a
304 2803 520 2858 republica
540 2814 814 2857 recesserunt,
835 2819 932 2848 cum
953 2805 1042 2862 ejus
1070 2804 1410 2850 administrandae
1438 2812 1691 2865 potestatem
1718 2828 1721 2831 ·
