1844 3202
287 140 366 185 994
655 139 712 177 M.
750 140 965 177 TULLII
1006 140 1340 179 CICERONIS

289 244 554 341 prudentiam
572 245 674 287 nihil
697 257 836 302 posset
857 247 1052 289 accedere
1070 265 1078 289 ε
1111 258 1151 290 et
1181 249 1238 289 ita
1260 255 1486 298 mortuam,
1508 259 1555 291 ut
1574 249 1614 289 in
1636 248 1713 289 do-

307 316 391 350 ore,
413 316 539 356 quem
560 316 610 342 ex
637 313 759 358 partu
781 315 1058 355 contraxerat,
1079 320 1286 346 summam
1308 305 1436 346 animi
1455 305 1713 361 magnitudi-

292 373 402 408 nem,
422 372 716 414 summamque
736 361 1014 401 constantiam
1037 362 1288 416 praestiterit.
1310 361 1430 418 cujus
1459 362 1616 402 mentio
1638 376 1714 402 no-

291 414 369 465 bis,
399 414 544 455 dolore
567 415 673 471 jam,
706 416 737 456 si
768 431 852 456 non
883 417 1048 471 penitus
1078 418 1298 467 exstincto,
1318 429 1429 458 certe
1459 431 1716 473 magnopere

290 469 442 521 levato,
474 486 556 512 non
594 472 730 512 solum
765 473 928 521 acerba,
963 473 1034 514 sed
1068 473 1192 514 etiam
1226 474 1415 529 jucunda
1446 475 1612 515 accidit.
1645 474 1718 529 qui

291 527 402 568 enim
433 527 553 568 aliter
583 528 738 568 debet?
773 544 867 569 cum
892 544 967 569 nec
998 530 1075 584 ipsi
1105 530 1334 585 quidquam
1366 532 1571 572 accideret
1600 530 1716 579 mali,

292 598 368 624 nec
389 599 472 639 ego
494 584 579 624 ulla
597 599 655 633 re,
677 600 771 640 quae
793 594 1009 640 tantopere
1030 601 1128 626 cum
1151 596 1296 626 natura
1316 598 1538 642 congruat,
1560 596 1601 627 et.
1620 600 1718 627 cum

292 640 486 681 omnibns
518 640 758 681 hominibus
796 642 1095 692 communicet,
1124 643 1237 697 angi,
1267 651 1340 683 aut
1378 643 1609 698 perturbari
1644 643 1720 683 de·-

292 697 427 737 beam.
460 696 574 752 Quid
597 711 699 752 ergo
721 698 822 738 mihi
843 707 969 739 restat
988 700 1000 738 ?
1026 699 1126 739 nihil
1149 714 1260 747 sane,
1282 699 1374 749 nisi,
1395 714 1490 740 cum
1511 715 1559 740 ea
1580 699 1720 740 divino

293 753 559 808 potissimum
591 753 792 794 beneflcio
822 754 916 795 vitae
947 769 1117 795 munere
1147 756 1365 810 perfuncta
1390 755 1455 806 sit,
1477 766 1524 796 ut
1543 756 1595 796 ad
1625 770 1717 796 eam

294 810 473 850 maxime
488 810 645 851 vivendi
664 810 948 851 conditionem
968 812 1269 867 cogitationem
1284 826 1437 861 meam,
1454 820 1723 867 mentemque

286 866 483 916 referam,
501 881 583 921 qua
599 882 708 907 nunc
730 867 862 922 ipsam
884 868 1038 922 perfrui
1051 868 1275 917 credimus,
1289 883 1336 908 ac
1354 868 1400 918 si,
1418 868 1531 923 quod
1553 882 1722 923 aequum

294 932 371 972 est,
391 922 509 962 fateri
530 923 719 973 velimus,
741 924 867 964 etiarn
890 924 1178 979 intelligimus.
1201 939 1282 980 qua
1310 939 1358 965 ex
1379 924 1650 965 meditatione
1669 938 1722 964 eo

295 979 499 1033 majorem
520 979 774 1033 voluptatem
797 990 1069 1036 percepturus
1091 997 1199 1031 sum,
1220 996 1305 1036 quo
1331 981 1504 1022 meliore
1524 981 1596 1021 illa
1614 994 1723 1021 nunc

296 1046 420 1083 statu,
451 1050 575 1090 quam
610 1052 734 1091 quem
768 1038 904 1078 vivens
933 1047 1103 1092 experta
1132 1047 1209 1086 est,
1230 1038 1317 1078 sine
1350 1038 1435 1078 ulla
1461 1037 1724 1078 dubitatione

295 1092 535 1146 perfruitur.
566 1093 665 1147 quid
696 1093 805 1134 enim
838 1094 937 1134 boni
969 1109 1050 1135 non
1082 1094 1232 1135 merita
1258 1103 1334 1144 est,
1366 1109 1460 1149 quae
1493 1094 1596 1135 nihil
1627 1107 1722 1134 um-

297 1163 422 1202 quam
445 1149 546 1204 egit,
566 1163 614 1189 ac
644 1165 696 1190 ne
721 1151 921 1205 cogitavit
941 1151 1110 1206 quidem
1143 1150 1257 1200 mali,
1279 1160 1322 1191 et
1340 1150 1387 1190 iis
1409 1151 1652 1206 angoribus,
1674 1163 1722 1189 ac

298 1205 432 1253 malis,
463 1221 556 1261 quae
587 1206 735 1247 viventi
765 1207 933 1263 objecta
963 1216 1073 1257 sunt,
1095 1208 1152 1247 ita
1181 1207 1387 1262 patienter
1417 1209 1636 1262 perfuncta
1657 1206 1724 1256 sit,

298 1270 345 1302 ut
375 1276 457 1302 non
490 1277 608 1302 secus
639 1262 690 1303 de
720 1263 915 1312 adversis,
936 1278 1060 1318 quam
1094 1263 1146 1304 de
1173 1263 1363 1304 secundis
1384 1264 1521 1313 rebus,
1543 1264 1620 1305 diis
1642 1263 1722 1303 im-

298 1319 546 1360 mortalibus
567 1319 784 1374 gratulari,
803 1321 1041 1376 gratiasque
1062 1335 1186 1376 agere
1208 1320 1384 1361 soleret?
1413 1329 1468 1369 et,
1490 1335 1585 1361 cum
1608 1318 1726 1369 nihil,

298 1374 374 1415 nisi
406 1386 581 1424 rectum,
613 1375 919 1432 honestumque
950 1378 1171 1432 cogitaret,
1200 1386 1339 1417 tamen
1371 1392 1453 1418 una
1473 1375 1728 1417 conscientia

297 1441 508 1482 contenta,
532 1447 607 1473 nec
630 1448 706 1474 sua
750 1434 967 1474 benefacta
989 1434 1029 1473 in
1049 1434 1143 1474 luce
1173 1433 1385 1484 collocari,
1408 1448 1484 1474 nec
1504 1433 1581 1474 sibi
1603 1431 1727 1488 quid-

298 1503 422 1543 quam
446 1498 667 1544 propterea
686 1489 836 1540 laudis,
857 1500 929 1530 aut
949 1490 1095 1544 gloriae
1118 1490 1257 1531 deberi
1281 1490 1563 1531 arbitraretur.
1618 1491 1728 1545 Quae

300 1559 404 1599 ergo
426 1546 481 1585 ita
501 1546 684 1586 animata
705 1546 844 1596 fuerit,
867 1555 913 1586 ut
941 1547 992 1586 de
1020 1561 1063 1586 se
1084 1546 1253 1602 quidem
1282 1547 1520 1596 minimum,
1543 1546 1595 1586 (le
1616 1554 1730 1586 recta

300 1611 457 1650 mente,
477 1616 524 1642 ac
547 1602 599 1642 de
628 1603 824 1656 aequitate
850 1602 1079 1657 plurimum
1107 1603 1332 1652 laboraret,
1353 1618 1403 1643 an
1425 1618 1509 1644 non
1533 1602 1610 1643 diis
1631 1601 1730 1657 ipsis

299 1671 517 1698 censemus
545 1660 726 1699 maxime
753 1668 934 1714 gratam,
955 1667 996 1699 et
1024 1659 1243 1714 probatam
1273 1659 1430 1700 fuisse?
1464 1659 1505 1700 in
1538 1673 1622 1714 qua
1645 1672 1730 1698 non

301 1715 410 1765 ficta,
431 1723 471 1755 et
498 1715 761 1766 adumbrata,
784 1725 831 1756 ut
857 1716 896 1756 in
928 1715 1088 1764 multis,
1110 1715 1183 1756 sed
1213 1715 1393 1756 maxime
1418 1715 1565 1765 solida,
1586 1725 1627 1756 et
1657 1729 1731 1755 ex-

300 1786 441 1827 pressa
460 1771 622 1813 virtutis
643 1772 835 1812 elucebat
862 1772 1035 1827 effigies.
1057 1787 1170 1822 nam,
1191 1787 1289 1812 cum
1321 1786 1412 1812 eam
1435 1772 1563 1813 talem
1586 1780 1733 1813 natura

300 1828 530 1883 genuisset,
571 1839 632 1879 ut,
671 1829 786 1884 quod
827 1828 1037 1884 pulcrum,
1072 1838 1318 1884 rectumque
1353 1829 1624 1884 agnoscebat,
1658 1842 1734 1868 sua

301 1894 451 1940 sponte
482 1893 750 1941 sequeretur:
789 1895 930 1926 tamen
959 1899 1010 1925 eo
1042 1900 1125 1926 non
1153 1894 1366 1934 contenta,
1397 1900 1563 1926 summa
1591 1885 1628 1926 vi
1668 1899 1733 1925 ra-

302 1942 441 1990 tionis,
461 1942 779 1997 prudentiaeque
800 1942 1044 1997 perfecerat,
1068 1952 1113 1983 ut
1134 1941 1248 1982 nulla
1270 1956 1311 1982 re
1335 1941 1488 1993 minus,
1510 1957 1637 1998 quam
1660 1955 1732 1981 na-

302 2008 395 2039 tura
416 1998 536 2048 duce,
559 2012 681 2053 egere
700 1999 923 2039 videretur.
946 1998 1088 2054 itaque
1110 1999 1181 2053 qui
1199 1998 1288 2053 ejus
1309 1998 1512 2047 instituta,
1533 2008 1573 2039 et
1595 2012 1734 2039 mores

303 2054 448 2109 paullo
479 2055 722 2110 diligentius
754 2055 1013 2110 inspexisset,
1044 2055 1115 2110 qui
1146 2055 1346 2109 regundae
1378 2055 1547 2095 familiae
1587 2054 1733 2095 soller-

303 2111 421 2161 tiam,
443 2111 514 2167 qui
545 2127 758 2152 summum
792 2112 832 2152 in
854 2111 1017 2152 cunctis
1047 2112 1170 2152 rebus
1200 2111 1435 2166 ingenium,
1457 2112 1734 2167 singularem-

307 2182 390 2222 que
411 2168 645 2208 doctrinam
667 2168 907 2209 advertisset
927 2184 935 2208 :
966 2167 1078 2209 baud
1112 2169 1257 2209 fuisset
1278 2183 1390 2218 sane,
1413 2168 1527 2223 qnod
1548 2179 1619 2210 aut
1640 2166 1733 2207 viri-

305 2225 390 2266 lem
411 2225 450 2265 in
476 2225 770 2280 intelligendis,
786 2224 1108 2281 judicandisque
1130 2225 1253 2265 rebus
1274 2224 1554 2279 prudentiam,
1574 2235 1646 2265 aut
1665 2238 1736 2263 ex-

308 2282 507 2337 quisitam
537 2282 667 2336 patris
697 2282 875 2322 familias
905 2281 1131 2322 sollertiam
1160 2282 1401 2336 requireret.
1422 2281 1563 2335 itaque
1585 2283 1737 2338 quibus

310 2339 489 2378 maxime
522 2339 646 2379 rebus
680 2353 805 2393 egere
835 2352 945 2392 saepe
978 2338 1167 2378 homines
1202 2338 1401 2385 solemus,
1437 2337 1657 2390 fortitudo,
1694 2351 1738 2383 et

308 2395 543 2450 prudentia,
563 2395 626 2435 1]ae
649 2395 705 2435 ita
727 2395 768 2435 in
789 2395 964 2435 muliere
981 2394 1265 2444 abundabant,
1284 2404 1330 2434 ut
1351 2394 1414 2433 sui
1436 2395 1625 2436 moeroris
1648 2411 1735 2438 me-

310 2451 491 2492 dicinam
524 2466 605 2491 non
636 2461 795 2506 peteret
826 2450 941 2501 foris,
963 2451 1034 2492 sed
1065 2451 1106 2490 in
1137 2466 1179 2492 se
1210 2451 1339 2505 ipsam
1365 2459 1570 2504 spectans,
1591 2467 1640 2492 ex
1661 2467 1738 2495 sua

311 2523 474 2563 semper
504 2508 655 2548 virtute
683 2507 896 2562 penderet.
955 2509 1128 2563 Quanto
1154 2517 1290 2547 autem
1315 2507 1539 2561 graviores,
1560 2523 1607 2548 ac
1629 2509 1736 2552 diffi-

311 2566 476 2606 ciliores
506 2565 634 2605 animi
666 2564 802 2604 morbi
832 2572 942 2613 sunt,
965 2578 1090 2618 quam
1122 2563 1323 2617 eorporis„
1343 2578 1392 2603 eo
1425 2564 1560 2618 magis
1582 2565 1737 2608 miran-

313 2622 415 2663 dum
447 2630 523 2672 est,
556 2621 684 2661 talem
719 2620 924 2661 exstitisse
960 2620 1090 2670 illam,
1126 2621 1245 2675 cujus
1280 2619 1515 2662 fortitudini
1551 2624 1738 2676 corporis

312 2681 424 2721 mala
443 2689 648 2734 parerent,
667 2676 899 2732 prudentiae
920 2691 1016 2717 vero
1045 2692 1190 2717 omnes
1217 2675 1343 2718 animi
1370 2678 1507 2717 morbi
1529 2677 1649 2720 facile
1672 2694 1741 2722 ce-

313 2739 473 2779 derent.
493 2738 632 2791 itaque
654 2748 910 2789 quamquam
942 2748 992 2773 ex
1019 2733 1269 2782 calamitate,
1291 2733 1634 2789 temporibusque
1663 2751 1740 2776 no·-

315 2795 408 2837 stris
436 2792 641 2834 molestiae
675 2790 902 2845 plurimum
937 2790 1120 2839 traxerit,
1152 2803 1383 2844 numquam
1421 2799 1558 2830 tamen
1597 2792 1739 2833 animo

315 2850 568 2909 perculsam,
591 2858 661 2890 aut
684 2847 892 2904 dejectam
927 2846 1145 2888 sensimus.
1179 2845 1413 2900 angebatur
1432 2846 1560 2901 patris
1582 2848 1742 2900 exsiliO,
