1844 3202
423 305 1217 378 FRAGMENTA

804 451 854 476 Ex

564 533 1076 588 ORATIONIBUS.

715 685 939 711 -ο--ι

414 803 485 843 Ex
517 800 690 843 ORAT.
720 815 799 857 pro
829 802 896 843 M.
925 800 1167 844 TULLIO.
1198 800 1234 843 I.

106 875 491 946 PRISCIANUS
524 902 594 944 m.
615 904 672 957 6.)
719 904 818 945 Hoc
847 903 1057 960 judicium
1088 902 1147 945 sie
1181 910 1460 960 exspectatur,
1494 913 1542 948 ut

108 976 193 1004 non
213 977 308 1003 unae
329 961 387 1002 rei
408 959 550 1011 statui,
571 960 645 1001 sed
666 960 863 1002 omnibus
883 960 1083 1014 constitui
1104 967 1290 1016 putetur.

164 1019 386 1074 QUINCT.
410 1016 481 1058 lib.
502 1030 544 1069 4.
565 1026 653 1071 cap.
676 1019 732 1070 2.)
768 1017 960 1060 Fundum
984 1017 1113 1058 habet
1142 1017 1185 1058 in
1204 1032 1308 1073 agro
1336 1017 1544 1074 Tigurino

108 1074 175 1116 M.
196 1074 360 1116 Tullius
380 1082 617 1129 paternum.

164 1131 441 1172 VICTORIN.
467 1143 503 1170 1.
525 1130 573 1170 de
594 1129 762 1182 invent.)
791 1129 918 1181 Dico,
944 1129 1026 1170 vim
1056 1131 1211 1171 factam
1232 1144 1256 1171 a
1275 1131 1320 1171 P.
1342 1130 1460 1171 Fabii
1481 1131 1543 1172 fa-

106 1186 223 1227 milia
243 1203 252 1227 :
283 1186 504 1228 adversarii
524 1201 608 1227 non
629 1196 798 1241 negant.
839 1187 1057 1227 Damnum
1078 1186 1224 1228 datum
1245 1200 1336 1227 esse
1358 1187 1424 1228 M.
1441 1187 1546 1229 Tul-

105 1243 163 1284 lio
185 1243 394 1284 concedis.
415 1242 494 1283 vici
521 1257 648 1284 unam
669 1258 772 1284 rem.
794 1242 846 1292 vi,
871 1242 1112 1284 hominibus
1134 1242 1303 1284 armatis
1323 1260 1332 1284 :
1363 1257 1448 1284 non
1470 1258 1544 1285 ne-

105 1313 197 1354 gas.
218 1299 296 1339 vici
317 1299 504 1340 alteram.
527 1299 628 1340 dolo
648 1299 761 1340 malo
776 1315 788 1351 3
820 1299 978 1341 factum
1000 1314 1142 1355 negas.
1163 1299 1216 1341 de
1237 1299 1317 1340 hoc
1333 1299 1546 1356 judicium

107 1363 186 1396 est.

164 1412 477 1453 MARCIANUS
512 1412 746 1453 CAPELLA
769 1411 872 1467 l.5.)
913 1412 1130 1453 Damnum
1162 1425 1333 1467 passum
1363 1426 1452 1453 esse
1476 1413 1546 1454 M.

103 1467 308 1518 Tullium,
338 1468 531 1510 convenit
558 1468 663 1509 mihi
692 1483 790 1509 cum
821 1468 1072 1509 adversario.
1103 1467 1346 1509 hominibus
1375 1468 1548 1510 armatis

105 1538 197 1581 rem
217 1538 307 1566 esse
326 1534 507 1580 gestam,
527 1540 612 1565 non
640 1525 889 1566 inficiantur.
911 1539 935 1565 a
959 1524 1119 1565 familia
1139 1526 1183 1566 P.
1206 1524 1324 1565 Fabii
1343 1524 1546 1567 commis-

107 1594 213 1632 sam,
234 1595 389 1636 negare
409 1596 492 1622 non
513 1581 685 1622 audent.
700 1580 790 1637 jam
811 1581 912 1622 dolo
933 1580 1046 1622 malo
1068 1581 1230 1622 factum
1249 1581 1496 1637 ambigitur.

163 1638 386 1680 QUINCT.
410 1637 479 1678 lib.
499 1648 541 1692 5.
563 1647 651 1692 cap.
672 1638 719 1679 de
738 1637 1017 1693 refutatione.)
1050 1637 1157 1694 Quis
1181 1637 1264 1678 hoc
1286 1638 1433 1679 statuit
1451 1652 1548 1679 um·-

107 1708 251 1750 quam,
272 1703 348 1734 aut
364 1694 434 1735 cui
452 1694 629 1735 concedi
660 1694 748 1734 sine
776 1709 943 1735 summo
964 1694 1154 1735 omnium
1176 1694 1364 1749 periculo
1393 1703 1549 1749 potest,

108 1758 157 1791 ut
186 1765 284 1791 eum
310 1750 406 1806 jure
435 1750 622 1806 potuerit
652 1750 859 1802 occidere,
889 1765 914 1791 a
942 1765 1028 1806 quo
1058 1751 1260 1798 metuisse
1281 1764 1326 1792 se
1347 1750 1476 1802 dicat,
1496 1765 1549 1794 ne

109 1806 198 1862 ipse
218 1807 426 1862 posterius
447 1806 726 1848 occideretur.

167 1864 491 1904 RumNmN‘os
515 1863 556 1904 in
577 1863 803 1918 apoplzasi.)
827 1863 872 1904 Si
891 1863 984 1919 quis
1003 1863 1140 1904 furem
1161 1862 1376 1914 occiderit,
1397 1863 1550 1920 injuria

108 1919 326 1961 occiderit.
366 1919 643 1975 quamobrem
660 1921 673 1960 ?
706 1920 806 1975 quia
838 1919 910 1975 jus
949 1920 1228 1961 constitutum
1268 1919 1432 1961 nullum
1472 1927 1550 1961 est.

109 1975 213 2030 quid
237 1976 281 2039 ‚si
316 1990 360 2016 se
390 1976 478 2018 telo
504 1975 743 2018 defenderit
760 1978 773 2017 ?
811 1976 957 2030 (haud)
993 1976 1159 2033 injuria,
1190 1976 1295 2033 quid
1328 1977 1417 2018 ita?
1450 1975 1550 2033 quia

111 2040 393 2074 constltutum
414 2041 492 2074 est.

545 2178 597 2218 L.
626 2110 876 2219 VAREiZig
908 2177 1028 2219 Orat.
1058 2177 1119 2218 ΙΙ.

171 2244 467 2297 SEVERIAN.)
491 2243 634 2285 Amici
655 2244 871 2294 deficiunt,
892 2244 1065 2299 cognati
1087 2244 1298 2286 deserunt.

171 2300 334 2342 Pnlsc.
357 2299 427 2341 lib.
448 2302 505 2353 7.)
537 2301 588 2341 In
609 2300 899 2342 inimicissima
917 2301 1083 2342 civitate
1104 2310 1272 2356 urgent,
1296 2301 1466 2354 instant,
1488 2302 1554 2344 in-

119 2366 351 2412 sequuntur
371 2356 527 2406 studio,
547 2356 834 2408 multitudine,
852 2357 1046 2412 pecunia,
1066 2357 1250 2415 perjurio
1270 2368 1476 2414 pugnant.

172 2411 293 2465 Ibid.)
319 2412 370 2454 C.
389 2413 626 2455 Ancharius
653 2413 787 2455 Rufus
808 2413 889 2455 fuit
909 2428 933 2455 e
952 2414 1183 2470 municipio
1203 2414 1440 2471 Fulginate.

172 2470 336 2510 Pnlse.
358 2468 426 2510 lib.
448 2471 503 2523 7.)
530 2471 581 2511 In
600 2470 853 2525 praefectura
875 2470 1112 2526 Fulginate.

173 2526 394 2581 QUINCT.
418 2525 488 2566 lib.
508 2536 549 2581 5.
571 2536 659 2581 cap.
687 2528 768 2583 13.)
804 2526 916 2568 Cum
945 2527 1024 2568 iter
1049 2541 1124 2583 per
1142 2541 1268 2583 agros
1288 2535 1332 2568 et
1350 2526 1446 2568 loca
1463 2526 1554 2568 sola

116 2581 284 2631 faceret,
315 2595 413 2622 cum
443 2582 676 2638 Populeno,
706 2584 749 2624 in
782 2583 986 2625 familiam
1011 2583 1325 2625 Ancharianam
1358 2582 1553 2624 incidisse

117 2637 325 2679 dixerunt.
355 2637 507 2679 deinde
537 2639 800 2695 Populenum
832 2640 1022 2682 occisum
1051 2654 1156 2692 esse,
1186 2639 1300 2681 illico
1336 2640 1553 2681 Varenum

117 2694 319 2792 virlxiztum,
349 2693 627 2748 adservatum,
657 2696 761 2738 dum
789 2696 861 2739 hic
889 2696 1144 2749 ostenderet,
1174 2695 1275 2752 quid
1304 2695 1357 2736 de
1386 2709 1438 2736 eo
1464 2695 1553 2738 fieri

119 2764 166 2792 ve
200 2759 256 2792 et.

175 2808 396 2865 ῼσιΝοΤ.
418 2805 448 2849 Ζ.
470 2819 511 2862 7.
531 2822 566 2850 c.
589 2809 644 2864 Ι.)
668 2809 720 2853 In
748 2809 892 2867 legem
911 2808 966 2853 de
986 2808 1144 2854 sicariis
1162 2807 1376 2852 commisit
1396 2808 1446 2851 L.
1464 2808 1552 2852 Va·
