1844 3202
313 130 390 171 908
694 125 753 163 M.
781 125 997 162 TULLII
1034 125 1377 165 CICERONIS

309 233 363 273 ab
385 232 578 275 universo
599 234 775 290 populo.
802 249 899 275 cum
930 249 1026 276 vero
1056 235 1238 291 injustus
1261 245 1324 278 est
1344 250 1429 287 rex,
1449 249 1576 291 quem
1604 245 1747 293 tyran-

310 304 413 330 num
441 305 574 342 v;oco
605 301 678 333 aut
708 292 851 355 injusti
878 292 1118 346 optimates,
1129 307 1328 356 quorum
1360 307 1589 334 consensus
1619 294 1748 336 factio

309 355 398 397 est3
429 356 503 388 aut
524 349 704 413 injustus
732 363 821 412 ipse
850 347 1051 412 populus,
1071 348 1139 389 cui
1169 363 1323 391 nomen
1351 350 1554 390 usitatum
1583 350 1748 391 nullum

308 405 485 468 reperio,
517 405 594 446 nlsi
624 413 671 446 ut
700 406 827 445 etiam
860 405 999 459 ipsum
1031 413 1254 460 tyrannum
1287 406 1525 462 appellem.
1558 421 1641 448 non
1655 407 1748 463 jam

307 459 470 512 vitiosa,
491 461 563 502 sed
585 462 759 502 omnino
780 461 897 502 nulla
917 460 1153 516 respublica
1173 471 1252 512 est,
1272 463 1472 518 quoniam
1496 478 1579 504 non
1601 474 1665 505 est
1684 477 1750 504 res

306 518 470 582 populi,
499 532 598 558 cum
629 527 833 574 tyrannus
862 531 972 581 eam,
1003 517 1179 558 factiove
1205 527 1424 574 capessat3
1455 534 1531 561 nec
1559 520 1648 576 ipse
1668 533 1747 575 po-

306 574 464 628 pulus
448 589 548 638 Jam
560 574 743 630 populus
764 583 842 625 est,
863 575 896 615 si
919 574 971 614 sit
999 573 1195 630 injustus,
1217 575 1417 631 quoniam
1447 591 1529 616 non
1550 586 1613 618 est
1635 576 1748 618 mul-

307 630 479 672 titudo
462 631 572 687 Juris
593 645 815 682 consensu,
837 640 879 672 et
899 630 1091 672 utilitatis
1112 632 1414 673 communione
1434 633 1604 674 sociata.

363 688 423 728 D.
444 688 574 728 Auo.
594 686 663 728 lib.
678 697 742 728 22.
764 697 852 743 cap.
870 698 935 728 21.
960 686 1102 741 Civit.)
1134 688 1221 729 Ubi
1256 702 1353 730 vero
1376 688 1543 745 justitia
1564 705 1648 731 non
1668 696 1749 740 est,

307 758 383 785 nec
409 744 481 800 jus
515 753 658 800 potest
689 759 795 786 esse.
825 745 943 801 quod
973 745 1086 785 enim
1111 745 1257 801 jure]
1234 744 1293 796 fit,
1315 745 1509 801 profecto
1533 746 1665 811 juste
1673 746 1746 787 fit:

307 801 422 856 quod
452 810 594 842 autem
627 802 673 842 fit
703 802 872 858 injuste,
904 815 979 842 nec
1005 801 1103 866 jure
1134 801 1220 842 fieri
1242 811 1396 857 potest.
1417 817 1502 843 non
1523 803 1632 843 enim
1649 802 1748 859 jura

305 857 485 899 dicenda
510 866 622 908 sunt,
643 859 707 899 vel
736 858 970 913 putanda,
961 859 1103 914 miqua
1133 858 1356 900 hominum
1378 859 1623 910 constituta,
1644 875 1744 901 cum

303 913 410 955 illud
431 914 558 955 etiam
579 915 658 970 ipsi
673 915 745 971 jus
768 930 858 956 esse
886 915 1042 964 dicant,
1063 915 1179 970 quod
1200 915 1252 956 de
1268 915 1447 972 justitiae
1469 916 1584 957 fonte
1604 930 1749 957 mana-

304 971 435 1012 verit:
464 971 704 1027 falsumque
734 972 794 1021 fit,
825 971 942 1027 quod
972 986 996 1012 a
1023 971 1278 1036 quibusdam
1309 987 1393 1013 non
1423 981 1535 1013 recte
1565 972 1748 1013 sentien-

304 1027 419 1068 tibus
448 1027 531 1069 dici
562 1028 685 1080 solet,
715 1028 758 1070 id
783 1029 856 1084 jus
888 1043 994 1080 esse,
1024 1028 1141 1084 quod
1171 1044 1224 1080 e1,
1244 1028 1317 1085 qui
1347 1029 1443 1084 plus
1463 1037 1618 1085 potest,
1640 1028 1746 1070 utile

303 1093 382 1125 est.

358 1142 417 1182 D.
439 1141 569 1182 Auo.
590 1139 660 1181 lib.
678 1148 718 1181 4.
740 1148 878 1182 contra
900 1141 1151 1197 Pelagium.)
1185 1142 1363 1183 Annon
1385 1141 1611 1187 cernimus
1632 1141 1746 1198 opti-

303 1213 376 1238 mo
397 1198 552 1254 cuique
573 1197 839 1239 dominatum
859 1199 950 1240 ab
940 1213 1030 1263 ipsa
1051 1208 1213 1249 natu1a,
1235 1214 1333 1240 cum
1367 1211 1534 1241 summa
1564 1199 1748 1240 utilitate

302 1254 565 1296 infirmorum
588 1255 763 1296 datum:
797 1255 887 1296 Cur
907 1255 1039 1311 igitur
1059 1255 1163 1297 deus
1185 1255 1361 1307 homini,
1383 1256 1547 1297 animus
1569 1256 1747 1310 imperat

303 1312 486 1367 corpori,
518 1311 625 1353 ratio
653 1311 831 1364 libidini,
852 1312 1180 1369 iracundiaeque,
1201 1321 1243 1353 et
1272 1313 1422 1354 ceteris
1453 1312 1611 1353 vitiosis
1632 1327 1745 1368 eJus-

302 1368 397 1409 dem
418 1368 546 1410 animi
567 1368 786 1425 partibus?

358 1426 416 1466 D.
437 1426 567 1467 Auo.
586 1425 764 1479 zbidem.)
800 1425 882 1467 Sed
913 1435 955 1467 et
986 1425 1235 1481 imperandi,
1256 1434 1298 1467 et
1318 1425 1520 1467 serviendi
1541 1434 1639 1467 sunt
1659 1425 1746 1466 dis-

302 1481 600 1523 similitudines
621 1483 943 1537 cognoscendae.
1004 1484 1135 1533 Nam,
1156 1491 1204 1523 ut
1219 1484 1384 1524 animus
1403 1484 1569 1538 corpori
1592 1482 1746 1523 dicitur

302 1538 524 1603 imperare,
549 1539 704 1580 dicitur
733 1539 861 1580 etiam
887 1538 1079 1580 libidini.
1112 1539 1185 1580 sed
1214 1540 1396 1594 corpori,
1418 1551 1465 1581 ut
1486 1554 1557 1580 rex
1584 1539 1746 1580 civibus

299 1596 402 1646 suis,
433 1605 507 1637 aut
535 1610 685 1652 parens
717 1595 885 1636 liberis:
916 1595 1080 1636 libidini
1109 1605 1268 1646 autern,
1301 1605 1347 1636 ut
1377 1596 1503 1636 servis
1530 1595 1744 1646 dominus,

299 1652 415 1707 quod
437 1667 527 1693 eam
552 1657 734 1702 coercet,
764 1662 807 1693 et
835 1652 1019 1707 fiangit:
1059 1651 1116 1693 sic
1146 1666 1312 1706 regum,
1343 1653 1400 1693 sic
1427 1652 1747 1717 imperatorum,

300 1709 358 1750 sic
376 1709 720 1773 magistratuum,
739 1709 797 1750 sic
817 1719 1000 1764 patrum,
1021 1709 1077 1749 sic
1097 1709 1387 1772 populorum
1378 1723 1554 1764 lmpena
1573 1708 1747 1759 civibus,

300 1766 510 1830 soclisque
530 1774 734 1821 praesunt,
757 1776 803 1806 ut
826 1766 1075 1830 corporibus
1104 1766 1284 1806 animus
1317 1765 1479 1806 domini
1501 1774 1639 1806 autem
1663 1779 1750 1806 ser-

300 1837 372 1863 vos
393 1822 451 1864 ita
471 1823 668 1879 fatigant,
690 1833 739 1863 ut
760 1823 922 1877 optima
944 1837 1038 1877 pars
1059 1822 1204 1871 animi,
1228 1822 1270 1863 id
1292 1832 1369 1872 est,
1393 1822 1609 1877 sapientia,
1631 1822 1747 1886 ejus-

299 1878 398 1920 dem
421 1880 551 1920 animi
573 1880 756 1930 vitiosas,
778 1879 1098 1934 imbecillasque
1119 1893 1160 1934 p
1149 1888 1274 1929 trtes,
1295 1888 1344 1920 ut
1363 1878 1573 1930 libidines,
1592 1889 1641 1920 ut
1661 1878 1743 1920 ira-

300 1936 489 1987 cundias,
510 1944 554 1977 et
572 1936 913 1992 perturbationes
933 1945 1106 1976 ceteras.

354 1994 488 2034 NON.
510 1993 787 2045 Mercatura.)
824 1993 1044 2033 Phoenices
1074 1991 1199 2047 primi
1229 1991 1494 2042 mercaturis,
1521 1999 1564 2033 et
1592 1991 1746 2032 merci-

298 2049 379 2090 bus
402 2050 487 2091 suis
508 2065 556 2091 av
558 2049 738 2100 aritiam,
759 2058 802 2089 et
831 2049 1207 2112 magnificentiam,
1227 2057 1270 2088 et
1290 2048 1561 2104 inexplebiles
1580 2047 1746 2103 cupidi-

299 2114 408 2147 tates
429 2104 621 2148 omnium
642 2120 783 2147 rerum
801 2116 1027 2161 supportax
1031 2115 1153 2146 erunt
1174 2105 1215 2145 in
1236 2105 1463 2146 Graeciam.

356 2164 491 2204 NON.
516 2162 802 2219 Corfidentia.)
836 2165 861 2188 it
879 2162 982 2203 duas
1012 2162 1091 2203 sibi
1114 2176 1194 2212 res,
1226 2176 1313 2217 quo
1342 2161 1482 2202 minus
1514 2161 1556 2202 in
1577 2139 1745 2217 vulgus,

299 2228 343 2260 et
363 2220 405 2260 in
426 2220 520 2261 foro
542 2220 715 2270 diceret,
736 2219 1036 2261 confidentiam
1059 2227 1102 2260 et
1125 2232 1269 2259 vocem
1292 2218 1488 2259 defuisse.

355 2277 489 2318 NON.
512 2276 734 2333 Poqferre.)
769 2276 984 2332 Sapientia
998 2275 1125 2332 jubet
1145 2275 1332 2330 proferre
1353 2289 1470 2330 opes,
1490 2273 1745 2330 amplificare

297 2332 475 2374 divitias.

355 2390 489 2431 NON.
511 2388 759 2431 Periculum
764 2390 777 2442 )
818 2392 843 2416 '‘ss
862 2389 936 2430 sed
966 2397 1015 2430 ut
1033 2388 1112 2444 ipsi
1133 2403 1208 2429 seu
1229 2387 1414 2428 animum
1439 2386 1743 2442 periclitentur,

299 2461 374 2488 seu
395 2447 575 2496 videant,
599 2446 700 2502 quid
721 2461 765 2487 se
787 2454 940 2501 putent
958 2460 1048 2486 esse
1071 2445 1271 2485 facturos

355 2505 492 2545 NON.
523 2478 796 2558 Irizpigritas.)
832 2504 1083 2558 Numquam
1115 2501 1188 2541 viri
1218 2499 1435 2541 foitissimi
1467 2498 1741 2550 f01titudinis,

299 2560 585 2616 impigritatiS,
604 2559 834 2614 patientiae.

360 2619 523 2659 Pmsc.
547 2616 617 2657 lib.
635 2617 691 2668 6.)
727 2615 845 2659 Ouid
874 2629 979 2670 ergo
1009 2613 1081 2655 illa
1103 2613 1181 2654 sibi
1212 2613 1298 2653 vult
1329 2611 1510 2654 absurda
1531 2610 1741 2667 exceptio,

298 2675 379 2718 nisi
409 2675 503 2738 quis
533 2673 752 2714 Athonem
783 2687 860 2728 pro
889 2680 1168 2712 monumento
1198 2670 1301 2720 vult,
1332 2669 1522 2711 lunditus
1541 2668 1738 2710 efficere?

299 2733 392 2790 quis
413 2745 526 2772 emm
546 2739 610 2770 est
630 2729 765 2780 Atho,
786 2737 857 2770 aut
880 2728 1100 2793 Olympus
1112 2735 1280 2768 tantus
1272 2728 1285 2757 ³

355 2791 488 2831 NON.
513 2786 699 2843 Vcfimn.
704 2787 717 2839 )
751 2787 853 2828 Non
875 2794 975 2828 sunt
997 2785 1039 2827 in
1060 2783 1315 2839 disputando
1335 2782 1451 2833 vafri,
1473 2796 1556 2823 non
1579 2789 1739 2823 vetera-

299 2855 428 2897 tores,
448 2859 530 2888 non
553 2842 766 2886 malitiosi.
