1844 3202
285 120 361 159 813
869 120 1114 164 LAELIUS

564 346 643 398 M.
680 347 961 401 TULLII
1002 349 1436 404 CICERONIS

752 511 1243 584 LAELIUS

955 671 1044 696 stvE

421 778 544 839 DE
592 779 1038 841 AMICITIA
1088 777 1575 842 DIALOGUS

971 948 1024 973 AD

548 1051 606 1100 T.
642 1050 1074 1101 POMPONIUM
1113 1052 1446 1102 ATHCUM.

797 1357 1205 1395 ARGUMENTUM.

287 1481 373 1518 Cum
393 1480 477 1518 inter
496 1479 536 1518 P.
564 1480 678 1530 Scipio,
675 1492 743 1515 um
764 1480 969 1527 Africanum
996 1489 1028 1515 et
1052 1479 1198 1516 Laelium
1217 1493 1380 1516 summam
1400 1494 1501 1531 usque
1517 1481 1568 1519 ad
1583 1492 1715 1520 mortem

333 1534 517 1571 amicitiam
524 1534 638 1581 sitisse
653 1540 830 1576 consitam
854 1533 1001 1569 Ciceroni
1019 1532 1059 1568 de
1079 1533 1229 1569 amicitia
1246 1534 1406 1583 scripturo
1425 1535 1557 1572 adoneus
1573 1537 1669 1573 visus
1684 1545 1716 1574 et

335 1588 480 1630 LaeHus,
506 1601 601 1638 quem
631 1586 779 1623 incluccr
776 1594 797 1622 ·t
828 1585 867 1621 de
891 1587 1039 1622 amicitia
1058 1587 1296 1636 disputantem,
1316 1595 1436 1635 rogatu
1452 1590 1567 1638 ἔιηεή
1587 1591 1716 1626 utrius-

334 1654 395 1691 que
416 1640 455 1678 C.
475 1642 596 1678 Fannii
611 1648 641 1676 et
662 1641 706 1689 Q.
725 1640 839 1676 Mucii
861 1640 1038 1676 Scae-volae.
1094 1640 1199 1676 Docet
1216 1653 1293 1688 crgo
1315 1641 1458 1684 Laelius,
1477 1642 1562 1693 quid
1573 1644 1616 1679 sit
1630 1643 1715 1680 ami-

333 1694 428 1737 citia,
448 1694 569 1744 quibus
592 1693 632 1730 de
649 1694 759 1730 causis
779 1693 877 1729 amici
894 1693 1029 1742 quaesz'ti
1047 1693 1125 1736 sim,
1144 1701 1174 1728 et
1195 1693 1313 1743 quibus
1331 1695 1441 1730 causis
1470 1697 1620 1732 amicitia
1639 1710 1716 1732 con-

335 1747 497 1784 trahatur
512 1764 524 1784 .·
552 1747 669 1785 deinde
697 1747 783 1784 inter
799 1760 877 1796 quos
902 1747 1050 1783 amicitia
1069 1759 1136 1782 esse
1147 1747 1276 1796 possit:
1305 1762 1383 1797 (ματ
1401 1748 1445 1784 sit
1472 1749 1632 1786 amicitiae
1648 1750 1716 1795 lex,

334 1815 413 1852 φατε
430 1801 551 1850 qfficia,
571 1808 605 1838 et
623 1800 743 1853 quibus
763 1800 899 1851 denique
918 1799 1018 1836 modis
1031 1810 1186 1851 perpetuo
1203 1812 1426 1839 comer-vetur.

241 1895 581 1980 IQUINTUS
613 1929 785 1970 Mucius
814 1943 951 1984 augur
981 1929 1115 1969 multa
1143 1944 1308 1971 narrare
1330 1930 1380 1971 de
1405 1930 1456 1972 C.
1479 1931 1624 1982 Laelio,
1648 1945 1717 1973 so-

250 1991 379 2028 lcero
410 2001 502 2051 suo,
524 1986 767 2027 memoriter
793 1994 835 2026 et
859 1986 1048 2042 jucunde
1070 1986 1247 2037 solebat,
1266 2002 1344 2028 nec
1364 1987 1574 2037 dubitare,
1597 1988 1716 2029 illum

281 2045 324 2085 in
354 2043 468 2084 omni
499 2057 693 2084 sermone
722 2042 931 2097 appellare
962 2043 1209 2098 sapientem
1270 2045 1364 2098 Ego
1391 2054 1533 2084 autem
1556 2059 1578 2085 a
1599 2055 1718 2100 patre

279 2101 338 2141 ita
357 2114 471 2140 eram
492 2099 699 2141 deductus
721 2099 772 2140 ad
801 2099 1048 2147 Scaevolam,
1069 2111 1208 2140 sumta
1229 2100 1331 2140 virili
1355 2109 1471 2156 toga,
1492 2112 1552 2152 ut,
1572 2101 1716 2158 quoad

277 2171 374 2212 poss
359 2171 461 2206 em,
483 2167 527 2197 et
546 2156 701 2205 liceret,
724 2171 748 2196 a
769 2155 876 2196 senis
901 2156 1029 2196 latere
1051 2171 1282 2212 numquam
1307 2156 1578 2198 discederem.
1630 2159 1716 2198 Ita·

280 2228 362 2269 que
394 2213 528 2254 multa
556 2213 609 2253 ab
640 2227 690 2253 eo
721 2212 946 2267 prudenter
974 2212 1200 2267 disputata,
1222 2214 1355 2254 multa
1374 2213 1498 2254 etiam
1524 2214 1716 2266 breviter,

280 2276 324 2310 et
349 2269 577 2311 commode
610 2269 736 2319 dicta,
759 2283 972 2309 memonae
995 2269 1270 2310 mandabam:
1303 2269 1471 2325 fierique
1493 2271 1716 2311 studebam

279 2327 371 2382 ejus
393 2326 615 2382 prudentia
635 2325 813 2367 doctior.
851 2326 951 2382 Quo
974 2336 1158 2367 mortuo.
1181 2340 1248 2367 me
1271 2326 1322 2366 ad
1340 2326 1580 2381 pontificem
1602 2328 1716 2368 Scae·

277 2383 416 2423 volam
448 2383 634 2424 contuli:
673 2397 798 2446 quem
832 2397 962 2423 unum
994 2393 1148 2422 nostrae
1179 2383 1355 2424 civitatis
1385 2392 1426 2423 et
1459 2383 1643 2439 ingenio,
1670 2393 1717 2425 et

273 2439 441 2496 justitia
479 2438 871 2493 praestantissimum
902 2438 1035 2479 audeo
1066 2439 1216 2479 diem-‚e
1277 2439 1358 2479 Sed
1390 2439 1441 2480 de
1473 2440 1554 2481 hoc
1584 2439 1714 2481 alias.

243 2508 391 2539 2nunc
422 2496 548 2536 redeo
578 2496 631 2536 ad
663 2509 882 2549 auguiem.
946 2494 1057 2535 Cum
1090 2510 1200 2550 saepe
1231 2496 1378 2545 multa,
1405 2506 1494 2536 tum
1528 2496 1715 2547 memini,

280 2552 396 2594 domi
427 2553 467 2592 iu
499 2552 752 2615 hemichlio
775 2550 1004 2601 sedentem,
1029 2560 1073 2591 ut
1094 2552 1270 2601 solebat,
1291 2567 1388 2592 cum
1410 2561 1451 2593 et
1477 2567 1558 2608 ego
1577 2567 1714 2593 essem

280 2624 376 2659 una,
403 2619 443 2649 et
478 2623 599 2664 pauci
631 2607 861 2648 admodum
886 2582 1123 2658 familiares,
1154 2609 1193 2648 in
1216 2623 1311 2648 eum
1335 2623 1568 2650 sermonem
1593 2609 1713 2650 illum

279 2665 476 2715 incidere,
498 2665 569 2721 qui
601 2675 690 2705 tum
726 2664 810 2704 sere
841 2664 1036 2705 omnibus
1067 2675 1153 2705 erat
1185 2665 1224 2704 in
1247 2680 1331 2706 ore.
1356 2665 1580 2706 meministi
1601 2666 1712 2706 enim

280 2723 485 2777 profecto,
508 2721 665 2771 Attice,
686 2730 729 2761 et
751 2736 801 2761 eo
822 2721 971 2775 magis,
993 2720 1106 2776 quod
1138 2722 1179 2761 Ρ.
1203 2721 1390 2777 Sulpicio
1412 2722 1583 2762 utebare
1604 2721 1714 2762 mul-

279 2788 385 2828 tum,
410 2778 554 2830 (cum
547 2793 578 2819 is
601 2778 793 2819 tribunus
815 2777 949 2832 plebis
969 2778 1136 2832 capitali
1159 2777 1258 2819 odio
1280 2793 1304 2819 a
1325 2780 1379 2842 ῼ.
1405 2778 1619 2834 Pompeio,
1642 2778 1715 2833 qui

279 2843 370 2875 tum
391 2845 480 2877 erat
499 2834 661 2886 consul,
682 2833 915 2886 dissideret,
935 2848 1121 2890 quocum
1141 2835 1486 2891 conjunctissime
1505 2846 1548 2876 et
1568 2849 1712 2876 aman-
