1844 3202
324 119 404 157 630
843 120 920 158 DE
961 119 1221 158 LEGIBUS

323 226 436 266 cuit:
467 240 642 283 eamque
672 228 875 284 optimam
905 228 1204 283 rempublicam
1236 241 1325 268 esse
1364 227 1488 278 duco,
1518 241 1645 284 quam
1674 226 1743 270 hic

323 283 468 323 consul
490 285 775 335 constituerat,
807 301 899 341 quae
929 285 980 325 sit
1010 285 1051 325 in
1073 294 1323 339 potestatem
1344 284 1615 340 optimorum.
1674 285 1741 325 M.

261 344 311 376 38
324 339 411 379 Vos
438 339 624 390 demum,
651 351 696 382 ut
723 342 857 390 video,
882 341 1020 395 legem
1053 341 1297 395 antiquastis
1326 341 1413 382 sine
1435 341 1600 382 tabella.
1659 340 1740 381 Sed

321 408 420 449 ego,
440 397 517 437 etsi
547 397 646 437 satis
677 397 779 438 dixit
809 412 884 452 pro
914 412 957 437 se
988 397 1082 437 ⁴7in
1114 396 1192 436 illis
1220 397 1333 437 libris
1354 398 1509 452 Scipio,
1530 406 1669 438 tamen
1691 397 1741 438 li-

321 450 522 492 bertatem
547 453 665 493 istam
689 453 843 508 largior
864 453 1036 508 populo,
1058 462 1104 492 ut
1124 465 1166 492 et
1186 453 1433 494 auctoritate
1455 454 1630 504 valeant,
1650 461 1688 485 4⁹
1700 463 1742 495 et

321 516 492 548 utantur
514 509 627 549 boni.
687 510 754 549 Sic
778 509 887 549 enim
915 524 937 549 a
970 524 1037 548 me
1063 509 1232 549 recitata
1262 508 1327 549 lex
1355 520 1417 549 est
1445 509 1495 550 de
1517 510 1741 565 suffragiis.

323 562 598 617 optimatibus
625 573 733 615 nota,
760 565 870 620 plebi
901 564 1024 605 libera
1046 571 1174 604 sunto.
1233 565 1341 606 Quae
1364 565 1428 606 lex
1450 566 1554 606 hanc
1574 576 1741 607 senten-

320 619 419 660 tiam
441 622 640 671 continet,
663 631 709 662 ut
735 637 882 662 omnes
903 622 1018 676 leges
1038 620 1218 671 tolleret,
1240 636 1332 676 quae
1353 632 1496 676 postea
1517 623 1611 662 latae
1630 632 1741 673 sunt,

319 690 412 730 quae
436 686 587 732 tegunt
606 678 719 721 omni
747 678 904 719 ratione
933 677 1192 731 suffragium,
1213 692 1264 717 ne
1284 677 1374 732 quis
1395 678 1585 732 inspiciat
1605 678 1740 719 tabel-

318 731 418 782 lam,
440 748 492 773 ne
512 744 646 789 roget,
665 749 716 775 ne
736 734 931 790 appellet.
988 735 1138 774 Pontes
1157 733 1282 775 etiam
1304 734 1369 774 lex
1389 735 1525 774 Maria
1546 734 1645 775 fecit
1665 749 1740 776 an-

257 797 308 837 39
318 799 481 842 gustos.
541 792 648 846 Quae
674 791 707 831 si
733 791 927 846 opposita
956 800 1054 830 sunt
1081 790 1327 840 ambitiosis,
1348 799 1396 831 ut
1416 800 1511 830 sunt
1531 792 1632 840 fere,
1654 806 1737 832 non

191 853 223 881 Ρ·
239 846 578 899 192-reprehendo
598 864 606 887 ε
640 847 702 888 sin
724 847 925 887 valuerint
953 855 1117 887 tantum
1139 847 1269 901 leges,
1291 857 1336 887 ut
1359 861 1407 887 ne
1429 847 1510 888 sint
1530 848 1739 889 ambitus:

280 896 473 942 ³'habeat
492 917 589 943 sane
611 904 789 958 populus
810 903 1020 952 tabellam,
1041 903 1157 957 quasi
1178 903 1378 943 vindicem
1399 903 1615 954 libertatis,
1637 904 1738 944 dum

316 957 444 997 modo
467 958 556 998 haec
577 960 740 1013 optimo
760 959 925 1014 cuique,
956 968 998 999 et
1024 959 1267 1013 gravissimo
1295 959 1372 999 civi
1392 959 1652 1010 ostendatur,
1673 960 1738 1001 ul·

314 1020 464 1068 troque
486 1014 697 1064 offeratur,
714 1015 775 1055 uti
797 1015 838 1055 in
859 1029 910 1055 eo
932 1015 984 1055 sit
1002 1015 1091 1069 ipso
1111 1014 1295 1064 libertas,
1312 1016 1353 1055 in
1374 1030 1459 1070 quo
1478 1016 1638 1070 populo
1660 1031 1738 1071 po-

314 1076 441 1109 testas
462 1069 636 1110 honeste
657 1071 776 1111 bonis
794 1070 1054 1125 gratificandi
1072 1070 1206 1111 datur.
1264 1072 1410 1126 quue
1429 1086 1536 1112 nunc
1557 1072 1601 1112 fit
1620 1072 1738 1124 illud,

314 1125 430 1181 quod
459 1141 483 1166 a
512 1136 553 1167 te
584 1126 727 1178 modo,
757 1128 930 1184 Quinte,
966 1127 1127 1167 dictum
1157 1135 1234 1176 est,
1255 1135 1301 1167 ut
1331 1128 1468 1168 minus
1498 1127 1652 1169 multos
1674 1138 1736 1170 ta—

312 1181 424 1223 bella
454 1183 722 1233 condemnet,
745 1199 870 1239 quam
901 1183 1061 1224 solebat
1083 1197 1174 1233 vox,
1196 1183 1294 1238 quia
1313 1183 1473 1239 populo
1493 1183 1616 1225 licere
1638 1185 1737 1227 satis

311 1247 389 1279 est.
449 1240 546 1279 Hoc
578 1248 752 1290 retento,
784 1240 941 1295 reliqua
969 1240 1158 1280 voluntas
1187 1240 1440 1289 auctoritati,
1481 1249 1552 1281 aut
1589 1241 1736 1296 gratiae

310 1294 502 1335 traditur.
564 1297 726 1351 Itaque,
754 1306 799 1337 ut
826 1297 1017 1337 omittam
1049 1296 1270 1351 largitione
1297 1306 1495 1351 corrupta
1527 1298 1737 1353 suffragia,

311 1365 395 1391 non
416 1351 542 1401 vides,
566 1352 598 1392 si
619 1353 787 1407 quando
817 1353 998 1393 ambitus
1028 1352 1160 1402 sileat,
1181 1353 1311 1407 quaeri
1330 1353 1372 1393 in
1393 1353 1614 1407 suffragiis,
1636 1354 1737 1410 quid

310 1407 459 1461 optimi
482 1408 554 1448 viri
582 1409 791 1450 sentiant?
824 1409 1114 1452 Quamobrem
1136 1409 1231 1464 lege
1257 1418 1398 1450 nostra
1418 1409 1620 1450 libertatis
1642 1425 1736 1466 spe-

309 1463 395 1504 cies
415 1464 553 1514 datur,
580 1465 790 1507 bonorum
821 1466 1048 1507 auctoritas
1078 1465 1292 1516 retinetur,
1313 1465 1590 1507 contentionis
1611 1481 1738 1509 causa

310 1520 486 1561 tollitur.

231 1579 297 1628 18
365 1577 530 1617 Deinde
560 1578 760 1634 sequitur,
790 1577 942 1634 quibus
966 1577 1038 1633 jus
1068 1577 1120 1618 sit
1150 1591 1248 1618 cum
1278 1578 1438 1632 populo
1467 1578 1637 1634 agendi,
1663 1588 1737 1622 aut

245 1647 406 1687 4ocum
449 1643 609 1675 senatu.
641 1635 792 1689 gravis,
826 1644 882 1684 et,
923 1645 970 1674 ut
1010 1634 1201 1683 arbitror,
1242 1634 1439 1688 praeclara
1476 1635 1555 1676 lex.
1630 1635 1735 1691 Quae

309 1703 399 1730 cum
424 1690 588 1744 populo,
619 1706 790 1747 quoeque
822 1691 864 1731 z'n
894 1689 1080 1745 patribus
1113 1697 1300 1746 agentur,
1331 1690 1486 1732 modica
1515 1699 1659 1733 sunto.-
1690 1693 1733 1734 id

307 1754 385 1796 est,
414 1747 604 1788 modesta
631 1757 756 1802 atque
784 1747 940 1788 sedata.
999 1747 1135 1787 Actor
1165 1747 1277 1787 enim
1307 1747 1563 1798 moderatur,
1592 1758 1634 1789 et
1659 1749 1734 1790 fin-

305 1802 371 1857 git
405 1817 487 1844 non
530 1803 660 1844 modo
701 1812 741 1837 40
755 1814 938 1844 mentem
975 1818 1022 1843 ae
1058 1802 1304 1854 voluntates,
1341 1804 1413 1844 sed
1444 1818 1563 1859 paene
1595 1805 1733 1848 vultus

306 1873 470 1909 eorum,
505 1860 617 1914 apud
647 1875 752 1915 quos
791 1861 892 1915 agit.
922 1859 1037 1914 quod
1066 1859 1108 1899 in
1147 1868 1294 1900 senatu
1332 1875 1414 1900 non
1452 1860 1619 1902 difficile
1655 1872 1731 1904 est.

305 1925 369 1956 est
403 1916 515 1956 enirn
551 1926 717 1957 senator
755 1917 802 1967 is,
839 1926 876 1948 50
891 1917 1011 1971 cujus
1048 1930 1132 1956 non
1169 1915 1222 1957 ad
1259 1915 1494 1958 auditorem
1532 1918 1732 1960 referatur

304 1971 483 2023 animus,
519 1972 590 2013 sed
624 1973 695 2028 qui
726 1988 798 2028 per
827 1987 869 2013 se
899 1973 987 2028 ipse
1018 1973 1196 2027 spectari
1229 1973 1338 2013 velit.
1374 1973 1471 2014 huic
1500 1973 1620 2029 jussa
1654 1975 1733 2017 tria

305 2036 403 2069 sunt
416 2045 430 2078 ‚z
470 2038 517 2069 ut
554 2029 688 2069 adsit:
730 2044 826 2069 nam
856 2029 1102 2084 gravitatem
1134 2043 1198 2069 res
1237 2029 1378 2078 habet,
1410 2044 1507 2070 cum
1534 2030 1731 2086 frequens

303 2084 410 2125 ordo
439 2094 528 2125 est:
565 2093 611 2125 ut
641 2085 737 2126 loco
768 2085 893 2135 dicat,
926 2085 967 2126 id
997 2094 1074 2134 est,
1104 2093 1305 2140 rogatus:
1344 2094 1392 2126 ut
1422 2085 1565 2137 modo,
1594 2101 1646 2128 ne
1676 2088 1730 2129 sit

302 2140 513 2181 infinitus:
558 2155 654 2181 nam
695 2142 887 2192 brevitas,
929 2155 1013 2182 non
1054 2141 1183 2182 modo
1225 2142 1441 2192 senatoris,
1488 2142 1561 2185 sed
1601 2143 1727 2186 etiam

303 2197 494 2246 oratoris,
515 2211 670 2252 magna
698 2198 788 2239 laus
818 2206 881 2239 est
913 2207 947 2230 ⁵1
966 2198 1009 2238 in
1039 2198 1257 2239 sententia.
1315 2198 1409 2239 Nec
1438 2207 1501 2240 est
1526 2214 1727 2255 umquam

300 2251 430 2308 longa
466 2254 654 2295 oratione
693 2254 912 2305 utendum,
950 2254 1027 2296 nisi
1065 2263 1138 2295 aut
1177 2263 1375 2310 peccante
1418 2263 1578 2306 senatu,
1613 2256 1728 2312 quod

301 2308 348 2350 fit
374 2310 603 2351 ambitione
633 2311 873 2366 saepissime,
904 2311 1020 2352 nullo
1051 2310 1303 2366 magistratu
1327 2310 1560 2367 adjuvante,
1583 2321 1621 2344 ⁵2
1636 2312 1728 2356 tolli

300 2364 410 2407 diem
443 2366 546 2408 utile
583 2375 670 2408 est:
702 2376 776 2408 aut
804 2382 902 2409 cum
932 2376 1049 2409 tanta
1077 2382 1203 2409 causa
1230 2376 1307 2418 est,
1338 2377 1384 2408 ut
1413 2382 1520 2423 opus
1549 2368 1604 2410 sit
1633 2384 1727 2411 ora·

344 2494 381 2523 47
408 2489 438 2518 ἰη
461 2489 521 2519 illis
545 2490 626 2520 libris
648 2491 758 2530 Scipio]
786 2493 823 2522 In
847 2491 931 2522 libris
954 2493 992 2522 de
1080 2499 1118 2523 50
1140 2491 1221 2531 cujus
1250 2502 1302 2520 non
1328 2490 1368 2519 ad
1395 2491 1553 2521 auditorem
1584 2494 1726 2534 rgferatur

299 2532 422 2571 republ.
440 2533 472 2563 in
488 2533 604 2573 quibus
621 2534 752 2574 loquens
769 2536 916 2566 inductus
933 2535 993 2565 fuit
1034 2533 1161 2574 animus]
1189 2534 1253 2564 Oui
1270 2543 1334 2563 non
1351 2541 1415 2564 tam
1432 2543 1532 2572 curet,
1543 2542 1580 2566 ut
1593 2537 1725 2568 auditori

300 2575 415 2614 Scipio.
1035 2577 1167 2617 placeat,
1190 2577 1309 2614 dicens,
1333 2587 1406 2616 quae
1429 2579 1551 2609 auditor
1571 2579 1647 2609 velit
1668 2589 1725 2610 au-

341 2624 382 2648 48
406 2624 433 2646 e!
455 2626 575 2647 utantur
598 2618 674 2657 boni]
700 2619 752 2649 Sic
775 2621 909 2649 correxit
925 2620 994 2649 vul·
1035 2621 1111 2651 dire.

298 2668 410 2699 gatum
426 2660 502 2690 bonis
520 2662 567 2692 Fr.
581 2662 704 2692 Odinus
720 2663 801 2701 apud
815 2662 990 2693 Olivetum.
1079 2670 1114 2693 51
1140 2662 1170 2691 in
1202 2662 1354 2702 sententia]
1387 2663 1437 2693 Sc.
1464 2664 1609 2701 dicenda,
1645 2673 1723 2694 cum

297 2710 389 2734 recte.
412 2703 499 2734 litera
520 2704 634 2735 ultima
653 2705 784 2736 adhaesit
802 2715 819 2735 e
835 2705 929 2736 verbo
944 2715 991 2735 se·
1032 2705 1222 2736 sententiam
1238 2705 1323 2735 dicit.

296 2753 424 2785 quente.
1077 2755 1114 2778 52
1140 2747 1202 2777 tolli
1225 2747 1310 2786 diem]
1338 2747 1423 2779 Alias
1444 2747 1520 2777 dicit
1538 2748 1646 2780 Cicero
1663 2747 1723 2778 exi-

338 2797 379 2822 49
403 2795 522 2818 mentem
544 2800 579 2818 ac
601 2789 777 2830 voluntates]
807 2791 886 2822 Puto
915 2791 989 2823 scri·
1032 2802 1106 2822 mere
1121 2790 1208 2827 diem,
1225 2792 1262 2821 de
1278 2801 1343 2832 quo
1357 2791 1419 2822 vid.
1437 2790 1524 2822 Clav-

295 2830 439 2863 bendum
455 2839 570 2864 mentes.
