1844 3202
332 104 409 143 654
861 107 937 147 DE
977 109 1233 148 LEGIBUS

331 212 399 253 cui
436 212 681 271 majoribus,
715 216 783 257 cui
820 216 1085 267 lactentibus,
1120 218 1189 259 cui
1223 218 1422 268 maribus,
1457 219 1525 260 cui
1561 218 1754 260 faeminis.

331 268 473 311 Plures
493 281 631 313 autem
655 271 828 313 deorum
863 274 1068 324 omnium,
1097 274 1253 328 singuli
1274 274 1535 330 singulorum
1559 274 1756 317 sacerdo-

328 333 407 376 tes,
427 337 468 367 et
491 327 766 382 respondendi
790 329 912 385 juris,
933 338 975 370 et
1005 339 1042 363 92
1058 330 1387 372 confitendarum
1417 331 1670 387 religionum
1693 331 1757 372 fa-

327 381 527 424 cultatem
554 385 744 425 afferunt.
805 384 1000 439 Cumque
1031 387 1176 435 Vesta,
1199 394 1237 420 92³
1251 388 1369 442 quasi
1395 388 1538 428 focum
1560 387 1688 437 urbis,
1709 394 1757 427 ut

327 439 481 480 Graeco
514 440 682 480 nomine
711 450 773 481 est
804 441 1012 495 appellata
1036 441 1167 497 (quod
1199 450 1237 476 ⁹4
1256 457 1331 483 nos
1353 458 1483 498 prope
1503 443 1612 484 idem
1635 444 1756 484 Grae-

325 509 423 536 cum
460 496 779 550 interpretatum
815 511 982 547 nomen,
1014 498 1222 550 tenemus)
1255 500 1474 554 complexa
1503 500 1584 550 sit3
1616 499 1655 540 ei
1684 513 1759 540 co-

325 551 459 592 lendae
483 552 660 607 virgines
682 552 865 607 praesint‚
888 561 936 592 ut
965 552 1215 608 advigiletur
1243 554 1405 595 facilius
1435 555 1488 596 ad
1520 555 1756 596 custodiam

324 607 451 662 igniS‚
481 617 522 648 et
552 609 732 650 sentiant
763 609 956 650 mulieres
989 618 1026 643 9⁵
1045 610 1084 650 in
1116 619 1263 650 natura
1291 610 1551 652 faeminarum
1587 625 1756 652 omnem

326 665 558 705 castitatem
581 666 682 719 pati.

262 721 315 753 30
382 721 510 778 Quod
541 722 728 776 sequitur
757 736 867 773 vero,
899 737 983 764 non
1014 723 1152 764 solum
1183 723 1235 764 ad
1276 722 1521 778 religionem
1562 722 1755 778 pertinet,

192 1125 223 1154 p.
239 1120 311 1150 176.

302 1181 430 1212 'esset
451 1171 674 1222 infinitum,
705 1180 743 1206 98
762 1186 896 1228 neque
916 1180 963 1212 ut
982 1186 1031 1212 ea
1051 1172 1154 1227 ipsa,
1175 1188 1269 1228 quae
1289 1181 1483 1227 suscepta
1502 1171 1668 1227 publice
1689 1186 1755 1213 es-

254 1229 300 1260 31

325 777 399 818 sed
429 776 553 818 etiam
586 778 639 818 ad
669 779 845 820 civitatis
875 788 1046 829 statum,
1066 788 1114 820 ut
1144 779 1232 821 sine
1257 779 1321 830 iis,
1353 785 1392 814 96
1409 779 1481 835 qui
1503 793 1627 820 sacris
1648 779 1756 834 pub-

321 833 401 874 lice
431 834 616 889 praesint,
645 835 837 891 religioni
867 835 1037 890 privatae
1069 836 1306 877 satisfacere
1337 850 1420 876 non
1450 835 1626 891 possint.
1651 849 1756 876 con-

322 890 427 930 tinet
457 891 584 941 enim,
619 891 859 946 reipublicae
892 892 1082 943 consilio,
1117 902 1160 932 et
1189 892 1437 933 auctoritate
1470 892 1757 947 optimatium,

322 960 487 1001 semper
515 947 720 1001 populum
748 947 951 1002 indigere.
1010 948 1334 1004 Descriptioque
1367 948 1632 989 sacerdotum
1663 947 1757 989 nul-

320 1002 409 1042 lum
426 1002 553 1058 justae
571 1003 784 1058 religionis
806 1017 941 1059 genus
961 1004 1259 1059 praetermittit.
1277 1019 1373 1044 nam
1393 1012 1489 1045 sunt
1509 1003 1561 1044 ad
1584 1004 1752 1060 placan-

321 1057 399 1099 dos
429 1059 530 1100 deos
561 1059 631 1099 alii
661 1059 895 1107 constituti,
916 1060 987 1115 qui
1017 1060 1142 1100 sacris
1171 1061 1342 1115 praesint
1363 1060 1661 1101 sollemnibus:
1691 1059 1754 1100 vel

322 1114 631 1170 interpretanda
661 1115 730 1156 alii
760 1115 960 1170 praedicta
990 1124 1161 1166 vatum3
1193 1123 1228 1152 97
1246 1130 1380 1172 neque
1417 1116 1665 1166 multorum,
1701 1130 1753 1157 ne

320 1237 426 1279 sent,
456 1229 674 1284 quisquam
707 1238 824 1269 extra
852 1228 1082 1284 collegium
1113 1238 1270 1270 nosset.
1329 1229 1568 1269 Maximum
1594 1236 1754 1279 autem,

316 1294 360 1325 et
389 1285 778 1339 praestantissimum
819 1285 861 1325 in
890 1284 1105 1339 republica
1127 1284 1199 1340 jus
1229 1295 1293 1326 est
1321 1299 1547 1340 augurum,
1581 1293 1624 1326 et
1652 1299 1748 1325 cum

316 1340 564 1382 auctoritate
594 1341 885 1398 conjunctum.
907 1354 1042 1396 neque
1071 1355 1168 1382 vero
1198 1341 1294 1392 hoc,
1315 1342 1413 1397 quia
1443 1355 1534 1381 sum
1567 1340 1655 1396 ipse
1674 1354 1752 1381 au-

314 1411 412 1453 gur,
435 1398 492 1438 ita
512 1397 662 1449 sentio,
683 1397 757 1439 sed
779 1397 877 1453 quia
898 1397 955 1438 sic
976 1397 1213 1438 existimare
1234 1412 1308 1438 nos
1331 1408 1394 1439 est
1415 1411 1598 1438 necesse.
1635 1395 1753 1439 Quid

315 1454 425 1494 enim
449 1454 586 1510 majus
612 1463 690 1505 est,
711 1454 743 1495 si
774 1454 825 1495 de
849 1453 948 1510 jure
979 1453 1220 1509 quaeriinu5‚
1244 1469 1371 1509 quam
1392 1467 1513 1509 posse
1532 1467 1556 1494 a
1575 1452 1752 1494 summis

317 1510 517 1566 imperiis,
548 1521 589 1551 et
620 1511 795 1551 summis
827 1510 1104 1565 potestatibus
1135 1510 1378 1551 comitiatus
1407 1519 1450 1550 et
1476 1509 1670 1560 concilia,
1690 1509 1753 1550 vel

317 1566 509 1608 instituta
529 1567 756 1617 dimittere,
776 1567 838 1607 vel
859 1563 1001 1608 habita
1022 1566 1277 1607 rescindere?
1302 1567 1403 1622 quid
1423 1565 1609 1622 gravius,
1623 1579 1751 1621 quam

315 1637 404 1663 rem
435 1633 673 1678 susceptam
703 1623 857 1674 dirimi,
885 1623 919 1663 si
948 1637 1056 1663 unus
1086 1637 1222 1678 augur
1252 1632 1291 1656 99
1311 1636 1429 1664 ALIO
1457 1636 1545 1663 DIE
1569 1621 1748 1663 dixerit?

314 1679 418 1734 quid
454 1679 805 1734 magnificentius,
837 1693 961 1734 quam
995 1692 1118 1734 posse
1152 1679 1400 1729 decerneres
1420 1688 1468 1720 ut
1501 1677 1751 1734 magistratu

316 1750 360 1776 se
388 1736 586 1777 abdicent
615 1736 842 1777 consules?
876 1734 976 1791 quid
1007 1735 1257 1790 religiosius,
1288 1749 1414 1791 quam
1445 1749 1543 1776 cum
1574 1734 1750 1790 populo,

314 1807 410 1833 cum
434 1793 558 1848 plebe
577 1792 727 1848 agendi
743 1792 830 1849 jus,
851 1802 923 1833 aut
941 1791 1053 1842 dare,
1075 1800 1147 1832 aut
1167 1806 1252 1833 non
1272 1791 1370 1832 dare
1388 1793 1401 1832 ἒ
1435 1790 1565 1846 quid?
1594 1791 1750 1846 legem,

314 1849 348 1889 si
379 1863 462 1889 non
487 1849 582 1905 jure
613 1857 761 1904 rogata
792 1857 869 1897 est,
900 1847 1080 1889 tollere?
1116 1856 1163 1888 ut
1187 1848 1340 1889 Titiam
1362 1847 1531 1888 decreto
1553 1846 1749 1902 collegii3

315 1915 360 1946 ut
382 1906 531 1956 Livias,
553 1905 729 1946 consilio
760 1904 954 1960 Philippi,
986 1904 1171 1945 consulis
1199 1914 1242 1945 et
1261 1904 1432 1959 auguris
1451 1921 1460 1943 e
1493 1903 1595 1944 nihil
1617 1902 1750 1952 domi,

317 1961 494 2002 10011ihil
515 1961 631 2013 foris,
659 1976 734 2017 per
761 1961 1031 2017 magistratus
1057 1970 1241 2017 gestum,
1269 1962 1357 2002 sine
1384 1973 1532 2002 eorum
1563 1960 1747 2001 auctori-

1050 2105 1160 2138 potest.
1207 2098 1351 2129 Pearcius
1367 2097 1540 2136 corrigebat
1562 2108 1581 2125 a
1596 2103 1701 2125 natura
1711 2096 1747 2137 f.

355 2107 393 2132 92
427 2099 650 2139 corfitemlarum
680 2098 849 2138 religionum
866 2098 1006 2139 faculta-

1049 2142 1164 2180 -peth
1177 2142 1238 2180 peti
1254 2148 1285 2171 et
1299 2141 1351 2171 alii
1369 2140 1514 2180 probant.

311 2140 383 2181 tem]
403 2142 446 2171 Ut
463 2143 576 2172 habeat
594 2143 742 2181 quisque,
758 2143 782 2171 si
799 2142 874 2181 quid
898 2150 1007 2171 contra

310 2184 497 2224 religionem
521 2187 638 2222 fecerit,
663 2187 745 2224 apud
762 2195 859 2223 quem
885 2186 915 2215 id
929 2194 1005 2214 con-

311 2227 404 2263 fiteri,
428 2235 458 2257 et
480 2228 644 2258 consulere
666 2229 704 2258 de
728 2228 884 2266 expiando
899 2228 1004 2267 possit.

311 2270 362 2300 Sic
386 2271 536 2301 dicuntur
558 2270 707 2310 religiones
729 2270 856 2309 expiari,
873 2272 933 2300 διε.
954 2271 1008 2300 sed

310 2313 344 2343 in
360 2313 434 2353 cerff.
453 2324 491 2343 re.
507 2314 629 2343 variant
643 2313 712 2343 libri
726 2326 730 2342 :
756 2313 1006 2351 conficiendarum,

310 2356 557 2396 corfirendarum,
575 2357 659 2386 unde
684 2356 830 2386 Davisius
854 2357 929 2386 facit
944 2368 1008 2386 con-

309 2398 533 2429 servandarum.

353 2448 390 2474 93
415 2441 591 2482 quasi-fhcus
607 2441 859 2480 urbis—consepta
875 2439 929 2481 sit]
950 2441 1003 2470 Fo-

307 2495 371 2515 cum
388 2484 505 2514 habent
522 2485 590 2514 edd.
609 2491 682 2514 vett.
706 2484 892 2514 recentiores
903 2485 1002 2524 fiacus.

309 2528 411 2557 neutri
436 2527 563 2556 lectioni
589 2534 700 2566 aptum
729 2534 774 2557 est
800 2533 929 2565 consepta
955 2527 1003 2557 sit.

299 2569 425 2601 ‘melius
447 2569 499 2599 alii
523 2569 591 2599 libri
616 2569 774 2608 complexa,
797 2570 890 2609 idque
905 2571 1004 2600 secuti

307 2622 435 2644 sumus.

352 2664 391 2689 94
408 2666 453 2685 nos
463 2653 736 2695 prope—tenemus]
749 2655 896 2684 Davisius
911 2654 1006 2684 verba

306 2698 382 2728 idern
407 2698 544 2728 Graecum
567 2697 788 2736 interpretatum
818 2707 872 2736 pro
902 2697 1005 2735 glossa

307 2742 412 2773 habet.
459 2741 574 2770 Lenius
597 2748 675 2780 puto
696 2742 847 2779 corrigere
864 2740 1003 2779 interpre-

308 2791 376 2813 tatz.

313 2814 315 2816 ’
351 2834 389 2858 95
410 2826 440 2856 in
454 2833 514 2855 nai.
524 2824 682 2867 f—paii]
702 2824 772 2855 Hoc
789 2824 920 2864 intelligi
937 2834 1003 2854 non

1098 2188 1137 2217 96
1161 2182 1411 2225 qui—presbit]
1444 2183 1498 2213 Sic
1528 2181 1747 2216 scribendum,

1047 2236 1172 2266 semper
1184 2226 1334 2265 judicavi.
1348 2233 1379 2256 et
1393 2227 1439 2256 sic
1453 2224 1550 2256 habet
1562 2224 1624 2255 Ms.
1639 2223 1746 2254 Guelf.

1052 2269 1179 2309 Vulgati
1188 2276 1331 2309 presunt.

1095 2319 1131 2347 97
1158 2324 1246 2354 neque
1268 2307 1437 2349 multorum]
1463 2310 1536 2340 Hoc
1558 2310 1625 2339 sine
1648 2308 1747 2340 (lubio

1050 2356 1212 2386 vitiosum.
1230 2364 1289 2385 nec
1304 2355 1372 2384 sine
1389 2353 1474 2383 libris
1490 2353 1601 2391 corrigi
1618 2358 1729 2391 potest.

1094 2405 1133 2430 98
1157 2409 1246 2439 neque
1275 2404 1308 2427 ut
1337 2408 1370 2425 ea
1400 2394 1477 2435 ipsa]
1508 2402 1541 2424 ut
1570 2394 1743 2425 delendum

1071 2448 1136 2470 uto.

1048 2450 1067 2479 p
1092 2491 1131 2516 99
1153 2481 1211 2511 alio
1238 2479 1299 2521 die]
1328 2482 1380 2512 Sic
1410 2490 1488 2510 curn
1518 2480 1648 2511 Davisio
1673 2480 1744 2511 dedi

1049 2535 1104 2564 pro
1131 2534 1248 2555 ΑιιυΜ
1277 2524 1325 2554 vel
1351 2532 1498 2560 Λιιτεκ,
1522 2530 1559 2553 ut
1581 2523 1648 2553 libri
1673 2523 1746 2561 qui-

1047 2569 1123 2598 dam
1146 2578 1205 2598 scr.
1222 2574 1253 2597 et
1275 2567 1345 2598 edd.
1368 2566 1498 2597 habent.
1513 2575 1590 2596 nam
1613 2566 1683 2595 haee
1699 2572 1744 2595 est

1047 2611 1187 2641 formula
1199 2610 1350 2645 solennis,
1367 2616 1403 2639 ut
1418 2616 1533 2640 notum
1548 2614 1604 2638 est.

1095 2660 1154 2684 100
1176 2652 1355 2692 nihilfhris]
1382 2652 1444 2682 Alii
1468 2651 1605 2681 militiae:
1628 2649 1674 2679 nil
1695 2650 1744 2680 in-

1048 2703 1151 2726 terest.
1167 2694 1285 2724 militiae
1300 2702 1346 2725 est
1361 2705 1377 2725 e
1393 2695 1584 2725 correctione
1600 2693 1743 2723 lectionis

1035 2738 1185 2779 familiae‚
1202 2746 1274 2778 quae
1297 2740 1330 2768 in
1354 2737 1463 2769 multis
1479 2737 1566 2768 libris
1581 2742 1612 2767 et
1626 2736 1696 2766 edd.
1712 2741 1743 2765 et

1045 2790 1105 2812 scr.
1122 2788 1178 2811 est.
