1844 3202
259 114 359 153 1006
637 113 697 150 M.
727 113 942 150 TULLII
981 113 1323 151 CICERONIS

256 223 380 264 disse.
439 223 530 262 Nec
558 221 793 263 mirandum
829 229 905 272 est,
934 221 1035 262 deos
1063 220 1156 262 illos
1190 220 1359 277 publice
1385 221 1483 273 coli,
1510 236 1681 264 eorum-

260 294 342 335 que
372 278 560 328 delubra,
581 287 623 319 et
651 278 810 333 templa
837 286 1030 333 auguste,
1052 287 1278 333 sancteque
1304 278 1507 329 exornari,
1529 279 1601 334 qui
1623 280 1688 322 vel

258 335 446 390 patlibus
477 335 561 376 nati
593 345 689 376 sunt
718 335 810 384 diis,
836 335 897 375 sel
927 334 1145 374 matribus.
1178 349 1290 385 nam,
1321 335 1682 390 quemadmodum

257 407 404 433 eorum
428 391 566 433 cultus
593 401 634 432 et
662 400 842 454 sanctus,
864 400 906 431 et
936 390 1159 454 religiosus
1189 400 1267 441 est,
1298 406 1564 455 maxlmeque
1593 392 1683 448 pie-

257 448 348 498 tati,
368 458 493 512 atque
519 447 705 502 aequitati
733 455 1063 487 consentaneus·
1096 447 1153 487 sic
1182 447 1480 512 admirationis,
1502 458 1575 490 aut
1604 448 1684 490 du-

257 504 471 546 bitationis
497 504 599 545 nihil
631 503 771 544 habet.
800 513 914 544 totus
934 503 1047 543 enim
1073 518 1122 543 ex
1153 511 1300 543 natura
1329 504 1485 546 oritur·
1519 513 1566 546 ut
1589 505 1686 560 jure

258 562 348 626 ipso
390 570 562 611 naturae,
594 560 665 616 qui
694 559 775 600 deo
806 569 934 610 satus,
966 559 1026 600 vel
1067 559 1144 600 dea
1174 559 1326 609 editus,
1357 570 1686 621 procreatusque

258 619 325 668 sit,
347 617 449 658 deus
471 632 561 658 esse
589 617 753 657 debeat.
776 625 817 656 at
837 631 947 666 vero,
969 616 1041 671 qui
1072 615 1243 656 homine
1272 625 1404 671 patre,
1427 618 1488 658 vel
1516 615 1688 660 mortali

256 685 389 715 matre
420 685 542 714 natus
572 682 649 723 est,
670 673 781 714 hunc
812 687 902 713 5555
932 672 1074 723 deum,
1096 682 1139 713 et
1168 687 1371 728 magnum
1403 674 1604 737 quiddam
1628 675 1686 716 vi·

256 731 342 771 deri
374 739 526 785 potest,
554 740 596 771 et
620 729 840 771 dubitandi
867 729 1147 779 occasionem,
1176 743 1252 769 nec
1281 729 1457 770 fortasse
1485 730 1685 785 ineptam,

258 787 400 828 multis
431 787 575 827 afferre
606 786 725 827 solet.
757 801 841 827 non
877 786 1004 850 enim,
1035 786 1070 827 si
1107 785 1283 826 eximius
1323 786 1470 827 talium
1504 787 1685 829 virorum

256 844 397 884 virtuti
429 843 637 884 tribuatur
666 842 816 893 honos,
847 843 948 899 quin
981 841 1059 883 id
1044 857 1139 898 Jure
1171 842 1256 893 fiat,
1280 853 1352 883 aut
1382 842 1589 894 dubitare,
1615 853 1689 884 aut

258 914 411 955 negare
433 900 654 956 quisquam
675 908 842 954 potest:
875 898 962 949 sed,
983 898 1117 962 quod.
1128 908 1285 939 tantam
1310 899 1471 940 virtutis
1493 914 1584 941 esse
1603 900 1686 941 vim

256 957 446 1006 velimus,
477 965 523 997 ut
550 956 612 996 vel
642 964 789 996 natura
815 956 903 1011 ipsa
931 955 1022 1012 ejus
1050 954 1172 996 unius
1201 970 1282 1011 ope
1310 956 1570 1020 immutetur,
1604 956 1687 998 hoc

257 1013 360 1054 illud
390 1023 467 1062 est,
497 1013 569 1053 de
582 1028 666 1068 quo
697 1027 883 1068 quaerere
918 1012 1128 1053 doctiores
1156 1012 1227 1052 viri
1260 1027 1343 1052 non
1380 1012 1589 1054 immerito
1619 1028 1688 1054 5ο-

257 1070 383 1111 leant.
406 1070 559 1125 quibus
581 1070 639 1110 ita
665 1083 929 1133 responsum
940 1078 1016 1120 est,
1039 1084 1121 1109 non
1151 1068 1366 1110 immutari
1388 1069 1536 1110 virtute
1564 1078 1687 1110 natu-

258 1142 374 1168 ram:
407 1141 483 1167 nec
517 1126 628 1167 enim
662 1125 718 1176 id,
751 1126 837 1166 sine
870 1126 1017 1181 prioris
1051 1136 1211 1167 naturae
1247 1125 1532 1181 corruptione,
1568 1140 1691 1181 posse

257 1183 446 1224 evenire:
498 1183 584 1233 sed,
616 1183 802 1223 eadem
793 1199 834 1223 1n
874 1182 954 1223 illis
984 1192 1181 1223 manente
1212 1192 1374 1233 natura,
1405 1182 1569 1223 evolare
1598 1182 1687 1224 ani-

257 1255 372 1281 mum
404 1239 457 1280 ad
489 1240 605 1290 deos,
627 1251 668 1280 et
689 1239 729 1280 in
760 1254 905 1280 eorum
929 1238 1108 1280 adscribi
1130 1239 1372 1288 concilium,
1393 1253 1492 1279 cum
1513 1239 1690 1280 immor-

257 1296 351 1338 talis
379 1296 447 1347 sit,
470 1306 511 1337 et
542 1295 870 1337 immortalitatis
901 1295 1048 1336 divinae
1080 1295 1316 1351 particeps3
1347 1310 1499 1350 corpus
1530 1304 1689 1346 autem,

258 1364 404 1408 suapte
434 1364 579 1394 natura
612 1353 804 1403 mortale,
833 1368 1000 1393 manere
1026 1353 1065 1393 in
1096 1362 1219 1401 terra,
1248 1351 1445 1407 quodque
1477 1362 1688 1393 terrenum

256 1419 335 1460 est,
359 1409 473 1450 nullo
500 1420 624 1465 pacto
645 1425 760 1449 suam
785 1423 937 1450 exuere
967 1424 1089 1465 posse
1115 1418 1320 1458 naturam,
1343 1419 1391 1449 ut
1416 1408 1593 1450 alienam
1628 1408 1691 1450 in-

257 1467 374 1508 duat.
395 1467 582 1521 quamxis
609 1466 719 1506 enim
753 1466 841 1506 haec
874 1466 962 1521 ipsa
987 1465 1166 1521 quaestio
1192 1465 1444 1520 perobscura
1463 1465 1591 1506 videri
1622 1480 1691 1507 so-

257 1523 356 1574 leat,
378 1538 452 1563 nec
475 1523 648 1564 omnino
671 1522 887 1577 proclixes,
908 1532 979 1562 aut
999 1522 1142 1562 faciles
1164 1521 1316 1562 habeat
1340 1522 1600 1577 explicatus:
1627 1530 1691 1563 ta-

259 1595 371 1629 men,
394 1580 469 1620 nisi
499 1580 818 1621 auctoritatibus
849 1589 996 1619 contra
1027 1578 1231 1619 rationem
1263 1588 1490 1633 pugnetur,
1512 1593 1596 1618 non
1626 1579 1690 1619 in-

258 1636 497 1701 commode,
519 1636 682 1700 opinor,
702 1650 726 1675 a
747 1635 868 1675 nobis
887 1635 1076 1689 exposita
1102 1634 1261 1675 censeri
1291 1643 1442 1688 potest.
1501 1635 1556 1675 Et
1586 1649 1694 1690 quo-

260 1693 386 1743 niam,
408 1708 502 1756 quae
524 1693 564 1733 in
595 1692 677 1733 hoc
703 1706 858 1747 genere
888 1691 1112 1746 praecipua,
1134 1690 1397 1746 cognituque
1426 1689 1554 1745 digna
1581 1697 1693 1741 sunt,

260 1765 548 1805 persequimur
569 1749 724 1799 omnia,
750 1748 959 1799 (volumus
986 1747 1156 1811 quidem
1191 1748 1319 1800 certe)
1352 1746 1692 1801 praetereundum

259 1822 343 1847 non
370 1815 446 1856 est,
467 1805 626 1870 quales,
648 1819 857 1862 quamque
885 1804 1031 1845 multae
1051 1804 1239 1853 xirtutes,
1259 1802 1582 1844 erudiendorum
1616 1803 1695 1844 ho-

258 1863 419 1903 minum
442 1862 590 1926 gratia,
613 1863 694 1903 sint
714 1862 872 1902 honore
895 1861 1071 1901 deorum
1097 1860 1401 1901 immortalium
1423 1869 1694 1901 cousecratae.

258 1919 379 1975 cujus
402 1920 457 1960 rei
487 1919 576 1960 finis
605 1928 682 1969 est,
716 1918 885 1974 publica
914 1917 1101 1958 utilitas·
1132 1926 1192 1966 ut,
1223 1931 1308 1972 quo
1340 1916 1499 1957 honore
1520 1916 1693 1958 virtutes

260 1977 368 2031 ipsas
401 1976 616 2017 decoratas
647 1950 824 2025 videant,
861 1973 1041 2015 eundem
1077 1988 1120 2013 se
1156 1984 1458 2014 consecuturos
1490 1987 1580 2014 esse
1615 1972 1691 2014 ho·

260 2033 391 2073 mines
424 2041 604 2088 sperent,
634 2032 667 2073 si
696 2031 843 2072 iisdem
867 2031 1087 2071 xirtutibus
1119 2030 1336 2078 excellant,
1358 2045 1442 2085 quo
1471 2029 1511 2069 in
1540 2043 1695 2085 genere

260 2090 440 2130 multum
474 2089 573 2129 boni
601 2099 665 2129 est
684 2089 724 2129 in
753 2087 1004 2128 imitatione.
1036 2087 1214 2127 libenter
1240 2087 1349 2126 enim
1380 2100 1429 2126 ea
1460 2086 1694 2136 imitantur,

258 2155 301 2186 et
327 2154 634 2201 persequuntur
654 2144 790 2195 multi,
813 2160 863 2185 ex
892 2144 1045 2200 quibus
1075 2143 1177 2183 alios
1209 2143 1280 2183 illa
1307 2142 1470 2193 eadem,
1493 2158 1586 2198 quae
1615 2141 1693 2196 ipsi

259 2212 479 2258 appetunt,
500 2211 752 2243 consecutos
773 2201 924 2241 vident.
945 2210 1071 2256 atque
1092 2215 1140 2240 ex
1167 2215 1217 2240 eo
1247 2199 1496 2255 plerumque
1525 2198 1692 2249 accidit,

261 2269 310 2300 ut
335 2259 509 2301 multis
500 2274 540 2299 m
570 2259 708 2322 rebus,
729 2272 831 2313 quas
852 2267 975 2298 antea
996 2272 1047 2297 ne
1074 2268 1243 2311 cogitax
1245 2266 1364 2297 erant
1386 2255 1572 2311 quidem,
1593 2270 1694 2296 cum

260 2315 312 2356 ad
343 2315 553 2356 clarorum
574 2315 754 2356 virorum
786 2314 1065 2355 imitationem
1096 2328 1138 2353 se
1167 2313 1436 2362 contulerint,
1459 2312 1692 2353 multorum

261 2372 400 2427 vigeat
430 2372 647 2413 industria.
684 2387 779 2427 quae
815 2386 913 2412 cum
948 2370 1090 2435 paullo
1126 2370 1309 2411 manavit
1341 2369 1477 2418 latius,
1511 2378 1692 2424 quantos

262 2443 521 2484 progressus,
560 2438 799 2484 quantaque
839 2428 1025 2482 acquirat
1066 2427 1335 2476 incrementa,
1375 2425 1476 2466 nihil
1525 2439 1694 2466 necesse

241 2519 244 2523 .
262 2486 441 2526 arbitror
462 2499 808 2525 commemorare.
830 2493 997 2524 constat
1015 2483 1124 2524 enim
1150 2483 1256 2523 inter
1274 2496 1436 2545 omnes,
1456 2497 1551 2537 quae
1582 2496 1692 2537 prae-

242 2574 244 2576 .
262 2542 373 2582 clara
394 2542 619 2591 ducuntur,
640 2555 688 2581 ea
708 2541 793 2581 fere
815 2540 956 2581 omnia
977 2555 1001 2580 a
1022 2540 1216 2580 tenuibus
1242 2538 1368 2579 initiis
1397 2553 1596 2579 sumSlsse
1621 2552 1694 2579 ex·

229 2598 444 2639 sordium.
477 2597 591 2654 quod
622 2597 855 2661 paullatim,
883 2596 1115 2637 imitatione
1145 2595 1441 2651 progrediente
1471 2595 1696 2636 confirma-

264 2663 370 2705 tum,
405 2655 461 2695 ita
496 2653 737 2703 increbruit,
774 2663 822 2695 ut
855 2667 905 2694 ne
941 2653 1084 2708 augeri
1120 2652 1306 2708 quidem,
1341 2660 1415 2692 aut
1448 2650 1695 2707 exaggerari

265 2712 400 2767 magis
433 2721 584 2766 posset.
606 2709 720 2766 quod
746 2710 778 2751 si
801 2709 947 2750 ullam
977 2725 1020 2750 re
1046 2719 1215 2765 gratum
1250 2708 1383 2759 nobis,
1413 2717 1540 2763 atque
1571 2716 1695 2772 opta·

264 2778 354 2809 tum
377 2783 467 2809 esse
494 2768 635 2818 debet,
657 2777 770 2808 certe
795 2766 836 2807 in
864 2765 1210 2821 complectendis,
1232 2765 1592 2820 provehendisque
1613 2764 1692 2805 vir-

264 2825 425 2867 tutibus
448 2840 529 2867 non
550 2825 684 2877 video,
706 2823 806 2881 quid
827 2837 917 2865 esse
943 2823 1076 2880 possit
1096 2822 1295 2878 optatius.
1325 2820 1528 2878 siquidem
1549 2835 1600 2863 ex
1629 2820 1694 2862 his
