1844 3202
262 134 340 169 808
774 128 936 168 CATO
972 129 1185 168 MAJOR

195 253 244 284 51
261 237 315 279 ad
347 237 582 294 voluptates
611 236 907 294 agricolarum,
942 238 1096 295 quibus
1123 252 1206 294 ego
1237 238 1536 280 incredibiliter
1570 238 1684 282 dele-

260 303 378 336 ctor·
410 310 504 360 quae
536 309 614 336 nec
644 294 731 336 ulla
756 295 1041 350 impediuntur
1071 303 1300 346 senectute,
1331 305 1373 336 et
1401 295 1507 336 mihi
1534 296 1588 337 ad
1617 310 1685 337 sa-

258 351 411 415 pientis
441 351 567 393 vitam
598 351 787 407 proxime
814 351 1004 393 videntur
1035 351 1245 393 accedere.
1282 351 1439 393 habent
1472 352 1583 393 enim
1618 366 1685 395 ra-

258 407 420 449 tionem
448 421 548 449 cum
580 415 705 458 terra,
735 422 828 463 quae
869 421 1101 463 numquam
1137 417 1302 449 recusat
1339 408 1578 464 imperium,
1609 421 1686 450 nec

259 478 465 520 umquam
486 465 575 506 sine
593 479 722 505 usura
748 463 902 514 reddit,
921 463 1037 520 quod
1064 465 1251 520 accepit:
1283 464 1357 506 sed
1382 465 1482 506 alias
1510 465 1687 516 minore,

257 520 507 577 plerumque
527 520 687 576 majore
706 534 805 561 cum
831 520 1002 561 faenore.
1022 535 1277 576 quamquam
1308 535 1376 562 me
1400 521 1571 577 quidem
1601 536 1687 563 non

259 577 422 619 fructus
442 577 587 628 modu,
610 576 684 618 sed
705 576 833 618 etiam
854 576 984 631 ipsius
1006 585 1127 617 terrae
1150 577 1209 617 vis
1229 591 1277 618 ac
1297 586 1445 619 natura
1474 578 1685 619 delectat:

258 645 356 689 quae
377 648 474 674 cum
496 633 660 689 gremio
681 633 846 674 mollito
866 647 914 673 ac
934 633 1110 674 subacto
1128 647 1272 674 semen
1289 648 1477 689 sparsum
1495 635 1685 690 excepit,

258 690 444 745 primum
474 690 516 731 id
546 698 804 731 occaecatum
835 690 1036 740 cohibet3
1066 704 1116 730 ex
1145 704 1232 745 quo
1262 691 1425 731 occatio
1458 694 1569 747 (quae
1603 691 1686 731 hot:

258 746 402 799 efficit)
445 747 660 788 nominata
692 756 782 788 est:
824 746 976 787 deinde
1013 746 1270 802 tepefactum
1299 761 1451 802 vapore
1489 756 1533 788 et
1566 761 1688 788 com-

257 816 406 857 pressu
436 818 512 844 suo
542 803 751 853 diffundit,
777 811 821 844 et
849 803 964 844 elicit
993 802 1310 844 herbescentem
1340 818 1391 844 ex
1420 818 1471 844 eo
1501 803 1685 845 viridita—

259 868 374 899 tem:
406 875 500 915 quae
535 860 631 900 nixa
658 859 770 900 fibris
800 859 1007 923 stirpium,
1035 860 1187 900 sensim
1217 859 1434 910 adolescit,
1458 860 1686 916 culmoque

259 923 400 956 erecta
429 916 687 970 geniculato,
706 916 865 969 vaginis
890 915 980 970 jam
1013 917 1133 971 quasi
1163 917 1395 971 'pubescens
1426 916 1684 957 includitur·
1672 948 1685 967 ,

152 982 185 1012 p
198 978 248 1002 88·
259 984 283 1011 e
311 972 464 1026 quibus
494 986 594 1012 cum
621 972 848 1021 emerserit,
876 971 1017 1012 fundit
1043 971 1212 1027 frugem
1243 972 1367 1035 spici,
1393 973 1539 1012 ordine
1571 981 1687 1013 stru-

220 1025 387 1078 ³·ctam,
407 1038 451 1069 et
479 1036 627 1069 contra
650 1027 787 1068 avium
819 1027 1030 1068 minorum
1059 1043 1225 1069 morsus
1253 1028 1441 1069 munitur
1463 1028 1575 1069 vallo
1604 1029 1685 1069 ari-

196 1064 434 1125 ⁵2starum.
492 1084 609 1140 Quid
648 1098 731 1148 ego
759 1084 906 1124 vitium
943 1092 1074 1135 satuS,
1107 1092 1238 1135 ortus,
1275 1084 1534 1126 incrementa
1565 1097 1685 1126 eom·

255 1142 520 1182 memorem?
553 1140 692 1182 satiari
722 1139 1002 1181 delectatione
1031 1156 1115 1181 non
1144 1155 1332 1205 possum,
1353 1149 1402 1182 ut
1429 1155 1535 1181 meae
1565 1155 1685 1182 senee-

255 1197 382 1238 ctutis
405 1197 635 1253 requietem
661 1197 1103 1252 oblectamentumque
1133 1198 1328 1238 noscatis.
1388 1197 1553 1238 Omitto
1572 1198 1684 1240 enim

257 1253 336 1294 vim
369 1254 505 1308 ipsam
535 1254 743 1303 omnium,
773 1269 868 1309 quae
899 1263 1154 1309 generantur
1182 1268 1205 1295 e
1236 1262 1372 1295 terra:
1414 1269 1508 1309 quae
1539 1268 1590 1295 ex
1619 1255 1686 1296 fici

255 1310 422 1351 tantulo
446 1324 595 1365 grano,
617 1318 689 1351 aut
717 1325 768 1351 ex
797 1311 918 1351 acino
944 1310 1129 1362 vinaceo,
1157 1319 1232 1351 aut
1262 1325 1314 1351 ex
1341 1318 1570 1351 ceterarum
1597 1311 1686 1351 sru-

255 1381 360 1421 gum
385 1379 433 1407 ac
453 1367 644 1422 stirpium
665 1367 958 1408 minutissimis
986 1367 1216 1408 seminibus
1246 1375 1387 1409 tantos
1417 1376 1590 1408 truncos
1619 1382 1686 1408 ra—

254 1437 433 1487 mosque
472 1431 691 1478 procreat:
735 1423 934 1473 malleoli,
970 1424 1141 1479 plantae,
1176 1431 1398 1474 sarmenta,
1430 1423 1685 1475 viviradices,

253 1480 520 1535 propagines,
552 1494 690 1520 nonne
720 1494 771 1520 ea
798 1480 1000 1530 efficiunt,
1015 1488 1063 1521 ut
1092 1480 1279 1536 quemvis
1309 1495 1407 1521 cum
1438 1480 1684 1522 admiratio-

256 1550 308 1576 ne
338 1536 578 1577 delectent?
610 1536 721 1577 Vitis
744 1536 933 1591 quidem,
954 1552 1050 1592 quae
1077 1546 1225 1577 natura
1249 1537 1410 1577 caduca
1435 1546 1512 1586 est,
1533 1545 1576 1577 et
1605 1536 1684 1578 nisi

254 1591 363 1633 fulta
391 1592 460 1642 sit,
489 1592 543 1633 ad
573 1601 725 1633 terram
757 1593 914 1643 fertur3
951 1593 1114 1644 eadem,
1145 1603 1194 1633 ut
1223 1607 1267 1633 se
1296 1594 1443 1648 erigat,
1473 1593 1685 1634 claviculis

253 1649 354 1699 suis,
375 1648 493 1704 quasi
514 1649 724 1698 manibus,
743 1648 951 1704 quidquid
971 1659 1035 1689 est
1054 1658 1190 1712 nacta,
1210 1649 1532 1704 complectitur:
1553 1664 1682 1705 quam

253 1714 488 1760 serpentem
515 1705 741 1760 multiplici
766 1705 887 1759 lapsu
914 1714 957 1745 et
977 1705 1171 1756 erratico,
1192 1706 1301 1746 ferro
1319 1715 1542 1770 amputans
1560 1711 1683 1747 coe'r-

252 1769 322 1802 cet
360 1777 426 1803 ars
464 1761 762 1817 agricolarum,
792 1775 845 1801 ne
880 1761 1072 1803 silvescat
1109 1761 1355 1826 sarmentis,
1372 1771 1415 1803 et
1455 1763 1497 1803 in
1536 1773 1683 1803 omnes

191 1834 240 1866 53
254 1825 392 1872 partes
423 1818 552 1859 nimia
580 1818 794 1859 fundatur.
855 1819 1004 1874 Itaque
1034 1818 1204 1858 ineunte
1224 1833 1319 1859 vere
1345 1819 1388 1859 in
1419 1819 1483 1868 iis,
1503 1824 1598 1875 quae'
1617 1832 1683 1860 re-

252 1874 353 1915 licta
383 1883 494 1925 sunt,
524 1874 686 1915 exsistit
715 1883 932 1930 tamquam
962 1875 1016 1915 ad
1053 1874 1252 1916 articulos
1282 1883 1588 1916 sarmentorum
1619 1889 1683 1927 ea,

252 1945 348 1986 quae
367 1945 542 1986 gemma
564 1930 742 1972 dicitur:
775 1946 799 1972 a
818 1945 902 1986 qua
920 1931 1057 1972 oriens
1079 1946 1156 1972 uva
1177 1945 1265 1972 sese
1283 1931 1494 1972 ostendit.
1525 1946 1620 1987 quae
1639 1941 1684 1973 et

251 2002 379 2029 succo
407 1996 544 2038 terrae,
564 1995 607 2028 et
634 1987 774 2028 calore
805 1987 905 2028 solis
936 2001 1167 2043 augescens
1199 1987 1336 2043 primo
1367 1997 1431 2029 est
1456 1987 1684 2042 peracerba

250 2052 442 2098 gustatu,
480 2043 631 2085 deinde
670 2052 878 2084 maturata
915 2044 1121 2085 dulcescit
1139 2060 1150 2094 ;
1189 2045 1420 2098 vestitaque
1457 2045 1681 2099 pampiniS,

251 2114 328 2141 nec
367 2099 537 2141 modico
568 2109 712 2155 tepore
740 2109 868 2151 caret,
898 2110 942 2141 et
970 2101 1120 2141 nimios
1151 2100 1250 2142 solis
1280 2100 1470 2142 defendit
1497 2100 1680 2142 ardores.

251 2170 336 2211 qua
355 2156 457 2212 quid
481 2165 620 2218 potest
639 2170 730 2197 esse
760 2171 856 2197 eum
886 2158 1029 2197 fiuctu
1053 2156 1206 2207 laetius,
1229 2167 1318 2197 tum
1354 2157 1556 2212 adspectu
1583 2156 1680 2213 pul—

249 2213 394 2254 erius.
427 2227 550 2269 cujus
569 2212 741 2268 quidem
760 2227 844 2254 non
863 2213 1021 2254 utilitas
1042 2228 1111 2254 me
1132 2213 1283 2263 solum,
1302 2222 1349 2254 ut
1370 2224 1465 2254 ante
1486 2213 1584 2264 dixi,
1605 2211 1681 2255 sed

249 2269 375 2310 etiam
399 2269 578 2317 cultura,
599 2278 643 2310 et
661 2284 752 2333 ipsa
776 2278 923 2311 natura
952 2269 1159 2311 delectat:
1191 2269 1542 2311 adminiculorum
1564 2270 1680 2312 ordi-

250 2338 337 2377 nes,
357 2326 545 2381 capitum
558 2326 743 2382 jugatio,
764 2326 958 2381 religatio
977 2335 1020 2367 et
1044 2327 1296 2390 propagatio
1315 2326 1476 2377 vitium,
1496 2339 1683 2368 sarmen-

249 2390 492 2446 torumque,
514 2397 578 2432 ea,
597 2397 736 2446 quam·
750 2382 848 2432 dixi,
869 2383 1047 2423 aliorum
1070 2382 1321 2437 amputatio,
1342 2383 1521 2423 aliorum
1543 2391 1581 2415 41
1598 2383 1680 2424 im-

249 2438 410 2479 missio.
468 2438 585 2495 Ouid
614 2453 696 2494 ego
726 2438 1020 2494 irrigationes.
1011 2441 1025 2468 ³
1058 2439 1160 2494 quid
1191 2439 1394 2480 fossiones
1423 2439 1528 2494 agri,
1557 2453 1678 2506 repa-

249 2481 579 2550 stinationesque
609 2496 834 2549 proferam,
856 2495 1010 2551 quibus
1038 2495 1083 2536 fit
1110 2494 1247 2536 multo
1274 2507 1384 2537 terra
1409 2495 1678 2537 foecundior?

187 2559 237 2592 54
251 2551 366 2607 Quid
395 2551 448 2592 de
469 2552 649 2592 utilitate
675 2552 824 2615 loquar
847 2552 1128 2593 stercorandi.
1121 2554 1133 2583 ³
1166 2552 1280 2593 dixi
1272 2566 1313 2593 1n
1333 2567 1385 2593 eo
1406 2552 1528 2603 libro,
1549 2562 1679 2608 quem

207 2609 237 2640 b
249 2608 303 2649 de
330 2608 455 2650 rebus
484 2607 648 2650 rusticis
681 2622 858 2663 scripsi.
890 2608 942 2650 de
975 2622 1058 2663 qua
1086 2608 1238 2650 doctus
1269 2608 1486 2650 Hesiodus
1514 2622 1566 2649 ne
1584 2623 1676 2649 ver·

247 2664 353 2706 bum
383 2664 554 2721 quidem
580 2664 693 2715 fecit,
713 2679 812 2706 cum
842 2664 895 2706 de
923 2665 1087 2706 cultura
1107 2666 1199 2721 agri
1219 2665 1432 2706 scriberet.
1488 2665 1550 2706 At
1580 2666 1678 2706 Ho-

263 2806 325 2873 stin
353 2799 502 2843 immissio]
528 2800 578 2833 Sc.
595 2801 627 2832 in
645 2800 789 2840 sulcum,
806 2807 843 2833 ut
863 2802 980 2834 radices
996 2809 1078 2842 agat,
1095 2807 1125 2832 et
1146 2801 1258 2833 deinde
1274 2807 1430 2834 resectum
1446 2810 1564 2833 novam
1578 2801 1679 2835 vitem·

242 2851 259 2872 fl
297 2849 368 2874 Cla(-
