1844 3202
614 111 1022 150 FRAGMENTA.
1460 120 1535 163 895

156 217 429 275 Confectum.)
474 219 524 260 In
549 218 737 274 singulas
767 220 932 275 tegulas
962 219 1170 275 impositis
1201 222 1421 273 sexcentis,
1442 236 1534 263 sex-

98 276 253 317 centies
273 275 424 317 confici
443 289 581 331 posse.

155 331 345 385 Ducere.)
390 334 458 373 Ne
485 345 549 373 res
567 331 805 383 duceretur,
825 331 1003 373 fecimus
1025 340 1072 373 ut
1093 333 1301 374 Hercules
1323 334 1532 375 Antianus

96 386 138 428 in
161 388 290 429 alium
311 388 452 429 locum
475 387 780 430 transferretur.

153 443 390 497 Involvere.)
433 444 516 485 Sed
546 445 662 501 quod
682 445 840 487 videret
858 445 1029 486 nomine
1050 445 1164 501 pacis
1185 445 1347 487 bellum
1367 445 1531 489 involu-

96 509 187 541 tum
211 500 317 541 fore.

149 557 373 613 Ignoscere,
397 571 446 598 ac
468 558 706 611 concedere.)
751 557 883 616 Ouod
913 556 1017 598 mihi
1048 567 1092 600 et
1122 558 1316 623 Philippo
1347 559 1533 601 xacatio-

92 626 186 710 rfiltlaem
210 613 300 664 das,
320 614 385 655 bis
404 613 589 670 gaudeo.
622 630 717 656 nam
745 625 786 656 et
806 615 1028 672 praeteritis
1048 615 1248 671 ignoscis,
1268 625 1311 657 et
1330 616 1529 658 concedis

142 679 248 711 tura.

147 726 310 779 Ferox.)
364 727 514 782 Itaque
551 742 708 778 vereor,
744 742 796 769 ne
833 727 1086 769 ferociorem
1124 742 1224 770 eum
1263 728 1420 770 faciant
1454 740 1529 772 tua

88 790 177 824 tam
198 783 399 839 praeclara
418 784 471 824 de
492 798 544 825 eo
559 784 736 840 judicia.

520 871 592 913 Ad
610 871 776 913 eundem
797 871 917 927 epist.
940 871 1010 913 lib.
1031 873 1089 913 II.

149 947 297 989 Omnia
318 962 368 989 ex
387 949 579 989 Nomo.
611 946 849 1000 Insulswm.)
890 947 972 988 Sed
995 947 1053 988 ita
1073 947 1244 989 locutus
1273 947 1427 990 insulse
1448 959 1526 1003 est,

90 1013 138 1046 ut
159 1004 313 1046 mirum
335 1015 501 1046 senatus
522 1004 759 1046 convicium
781 1004 1005 1060 exceperit.

148 1061 347 1117 Ignavum
366 1071 408 1102 et
428 1063 578 1126 segne.)
617 1061 665 1101 In
698 1075 783 1118 quo
811 1070 884 1103 tua
911 1075 979 1102 me
1000 1062 1239 1117 provocavit
1259 1061 1409 1114 oratio,
1431 1078 1528 1105 mea

90 1128 319 1159 consecuta
339 1126 402 1158 est
423 1118 577 1174 segnis.

148 1174 398 1238 Confectum
401 1176 415 1227 )
455 1174 637 1224 Bellum,
658 1183 706 1215 ut
727 1174 871 1229 opinio
892 1188 987 1215 mea
1007 1174 1102 1225 fert,
1124 1188 1176 1215 ex
1188 1189 1402 1217 consensu
1423 1176 1523 1218 civi-

88 1230 187 1271 tatis
204 1231 479 1272 confectum'
463 1246 552 1287 Jam
573 1231 841 1272 haberemus.

146 1287 326 1328 Constat
331 1289 344 1340 )
380 1291 404 1315 ²¹⁶
423 1303 518 1329 cum
538 1296 718 1338 constet,
737 1286 950 1328 Caesarem
970 1287 1171 1343 Lupercis
1193 1288 1236 1328 id
1254 1287 1434 1345 vectigal
1450 1287 1522 1330 de-

88 1343 214 1394 disse,
234 1344 309 1407 qui
330 1353 427 1386 ante
446 1353 612 1400 poterat
632 1343 675 1384 id
694 1346 918 1386 constare?

142 1400 369 1466 Deficere.)
400 1401 536 1443 Adest
564 1401 692 1442 Albae
722 1401 864 1442 nescio
891 1401 987 1457 quis
1021 1400 1240 1451 Claudius,
1267 1416 1393 1456 quem
1424 1416 1522 1444 cum

84 1457 249 1499 restitui
261 1457 474 1514 jussisset,
490 1458 668 1499 Ancone
683 1472 779 1499 cum
797 1472 849 1499 eo
867 1457 1057 1514 dejectus
1074 1467 1139 1498 est
1160 1473 1211 1498 ex
1231 1467 1401 1500 senatus
1420 1473 1523 1500 con-

83 1513 211 1555 sulto.

141 1566 353 1625 Insolens.)
389 1573 414 1599 ἑὲ
436 1570 636 1621 insolens,
655 1585 870 1626 arrogans,
889 1570 1071 1627 jactans.

142 1627 401 1681 Secundum.)
445 1627 659 1684 Scriptum
685 1637 775 1668 erat
799 1636 993 1683 equestre
1013 1626 1212 1682 proelium
1232 1626 1353 1669 valde
1373 1642 1523 1669 secun-

83 1682 201 1726 dum
222 1684 323 1740 quin
345 1684 486 1739 potius
507 1684 743 1725 adversum.

140 1729 310 1794 Meret.)
349 1742 491 1783 Ouem
522 1741 679 1796 perisse
710 1740 767 1780 ita
797 1739 849 1780 de
876 1739 1092 1795 republica
1112 1749 1346 1781 merentem
1367 1755 1523 1782 consu-

84 1795 184 1847 lem,
204 1785 472 1838 vehementer
492 1797 632 1838 doleo.

138 1854 360 1895 Praestare
366 1857 378 1905 )
420 1854 487 1895 Tu
513 1855 547 1895 si
568 1867 706 1895 meam
729 1852 853 1893 fidem
876 1852 1134 1908 praestiteris,
1156 1853 1272 1909 quod
1293 1853 1460 1895 confido
1481 1863 1523 1896 te

82 1923 173 1950 esse
189 1910 415 1952 facturum.

139 1966 349 2031 Spurcns.)
395 1966 508 2008 Cum
540 1966 620 2008 iter
650 1966 830 2008 facerem
862 1964 1102 2006 Claternam
1125 1975 1378 2022 tempestate
1400 1982 1522 2023 spur-

82 2023 263 2072 cissima.

137 2079 367 2134 Locuples.)
406 2079 528 2120 Nihil
552 2079 726 2121 omnino
749 2079 867 2129 certi,
891 2092 968 2119 nec
987 2078 1244 2135 locupletem
1266 2079 1319 2120 ad
1340 2079 1423 2121 hoc
1445 2095 1519 2122 au-

78 2144 240 2178 ctorem
261 2136 533 2177 habebamus.

136 2193 400 2247 Paludatus.)
439 2192 653 2234 Antonius
674 2192 848 2234 demens
870 2199 968 2232 ante
990 2191 1129 2232 lucem
1149 2191 1389 2246 paludatus.

500 2292 571 2334 Ad
591 2292 759 2334 eundem
780 2292 897 2347 epist.
921 2291 991 2332 lib.
1010 2291 1093 2332 III.

136 2370 268 2411 ΝΟΝ.
296 2369 467 2424 Invelzz'.)
510 2371 661 2427 Itaque
691 2370 734 2411 in
764 2385 859 2412 eum
892 2369 1032 2426 palam
1065 2369 1334 2413 vehementer
1363 2381 1427 2414 est
1455 2372 1518 2413 in-

76 2437 236 2468 vectus.

131 2484 176 2525 N
182 2497 265 2524 οΝ
288 2482 529 2538 Antiquus.)
573 2484 670 2548 Ego
697 2493 840 2525 autem
867 2483 1207 2539 antiquissimum
1234 2485 1405 2542 Scythis
1431 2484 1515 2526 ori·

75 2539 252 2591 undum,
273 2539 427 2595 quibus
446 2540 658 2596 antiquior
678 2541 826 2582 laetitia
845 2550 922 2591 est,
943 2555 1072 2597 quam
1092 2541 1274 2584 lucrum.

486 2627 558 2668 Ad
577 2628 746 2670 eundem
766 2644 817 2670 ex
838 2627 908 2669 lib.
930 2628 1094 2670 zncerto.

131 2706 264 2748 NON,
299 2704 477 2760 Opinio.)
521 2707 702 2749 Posthac
736 2707 854 2764 quod
884 2707 998 2749 voles
1031 2722 1057 2748 a
1089 2722 1158 2749 me
1194 2707 1296 2757 fieri,
1326 2708 1513 2749 scribito

75 2761 238 2803 vincam
260 2762 504 2825 opinionem
524 2772 656 2806 tuam.

131 2819 263 2860 Non.
285 2818 561 2873 Promittere.)
605 2820 815 2862 Promissa
835 2829 910 2861 tua
929 2820 1136 2862 memoria
1158 2828 1314 2861 teneas.

805 2890 829 2931 3
853 2890 887 2917 M
913 2889 937 2919 2
