1844 3202
547 103 733 141 LIBER
770 101 1110 141 SECUNDUS.
1465 110 1540 151 735

107 225 267 254 merem
295 211 447 254 artium
474 210 806 260 multitudinem,
827 210 914 250 sine
944 208 1098 264 quibus
1118 208 1201 248 vita
1227 209 1400 252 omnino
1427 212 1543 254 nulla

105 283 196 309 esse
223 268 429 324 potuisset
449 269 462 308 ?
493 267 586 322 quis
607 267 719 307 enim
739 266 862 321 aegris
885 265 1134 314 subveniret,
1157 279 1251 320 quae
1281 275 1390 307 esset
1421 269 1541 309 oble-

105 325 236 366 ctatio
267 324 506 373 valentium,
544 323 616 378 qui
656 323 803 373 victus,
840 331 914 363 aut
952 321 1107 372 cultus,
1148 321 1226 361 nisi
1266 330 1353 361 tam
1392 325 1538 365 multae

105 381 228 422 nobis
261 390 369 421 artes
405 380 718 420 ministrarent?
771 379 926 434 quibus
959 378 1083 419 rebus
1116 377 1282 418 exculta
1318 377 1535 420 hominum

104 436 187 477 vita
217 445 381 477 tantum
411 435 538 477 distat
567 451 591 476 a
612 436 724 477 victu
752 444 794 476 et
823 435 943 476 cultu
974 434 1218 475 bestiarum.
1280 435 1421 475 Urbes
1442 445 1598 476 νει-015

103 492 193 532 sine
219 492 441 533 hominum
473 502 588 534 coetu
621 507 705 533 non
731 491 969 547 potuissent
1000 505 1076 531 nec
1104 490 1313 541 aedificari,
1347 505 1422 531 nec
1456 492 1538 532 fre-

101 548 321 603 quentari:
361 563 412 590 ex
447 563 534 604 quo
574 549 703 603 leges,
743 561 967 604 moresque
1006 547 1255 588 constituti:
1303 556 1394 587 tuni
1429 548 1539 603 juris

102 619 224 660 aequa
261 604 503 661 descriptio,
541 617 739 661 certaque
776 604 937 645 vivendi
977 603 1209 659 disciplina.
1251 618 1353 659 quas
1394 619 1458 645 res
1497 613 1540 645 et

101 661 382 702 mansuetudo
416 662 651 702 animorum
691 670 930 712 consecuta,
963 670 1006 701 et
1038 659 1285 701 verecundia
1312 669 1407 701 est:
1439 661 1540 701 effe-

100 726 318 774 ctumque,
349 728 394 759 ut
424 728 534 760 esset
555 719 637 760 vita
665 718 894 758 munitior:
925 726 1053 772 atque
1086 726 1131 757 ut
1162 716 1315 766 dando,
1346 727 1388 757 et
1423 718 1536 758 acci-

101 773 271 828 piendo,
292 774 589 830 mutandisque
609 774 880 815 facultatibus
901 783 944 814 et
962 773 1215 824 commodis,
1238 773 1353 813 nulla
1371 788 1414 814 re
1434 788 1536 829 ege-

98 843 255 871 remus.
305 831 540 886 Longiores
563 831 643 872 hoc
664 831 760 871 loco
781 845 942 881 sumus,
963 844 1090 885 quam
1111 843 1279 870 necesse
1298 839 1377 871 est.
1425 831 1535 872 Quis
1549 825 1583 875 5

100 895 166 927 est
186 887 312 937 enim,
333 888 402 928 cui
431 902 515 928 non
548 887 768 943 perspicua
795 887 879 928 sint
908 888 992 937 illa,
1014 901 1108 942 quae
1138 886 1327 941 pluribus
1349 887 1482 928 verbis
1513 902 1536 928 a
1553 896 1601 933 16

103 942 290 984 Panaetio
319 953 722 995 commemorantur,
752 945 963 985 neminem
998 951 1030 979 17
1051 957 1187 999 neque
1217 942 1368 984 ducem
1408 944 1647 995 bello,p.a⁶·

99 1013 177 1041 nec
212 1000 445 1055 principem
485 1000 616 1051 domi,
648 1015 823 1056 magnas
861 1015 941 1051 res,
971 1009 1014 1040 et
1046 999 1246 1040 salutares
1276 999 1364 1040 sine
1397 1000 1536 1041 homi·
1548 1002 1576 1023 ²·

99 1070 202 1096 num
234 1056 384 1098 studiis
411 1071 558 1112 gerere
595 1058 815 1112 potuisse?
857 1057 1232 1097 Commemoratur
1261 1056 1314 1096 ab
1344 1070 1395 1097 eo
1424 1057 1538 1098 The-

99 1112 331 1164 mistocles,
366 1113 556 1164 Pericles,
590 1113 744 1170 Cyrus,
774 1113 1016 1169 Agesilau8‚
1039 1112 1294 1163 Alexander,
1325 1127 1432 1169 quos
1464 1128 1539 1154 ne*

100 1177 178 1223 gat
212 1168 301 1209 sine
333 1169 586 1224 adjumentis
618 1169 839 1210 hominum
870 1178 1006 1211 tantas
1038 1184 1102 1209 res
1137 1169 1298 1209 efficere
1334 1170 1539 1223 potuisse.

103 1224 251 1266 Utitur
280 1225 322 1266 in
347 1240 390 1266 re
416 1240 501 1267 non
531 1225 661 1266 dubia
683 1226 861 1266 testibus
891 1240 975 1266 non
1006 1225 1260 1266 necessariis.
1320 1227 1466 1282 Atque
1492 1234 1540 1267 ut

98 1294 276 1336 magnas
295 1281 498 1323 utilitates
525 1282 797 1338 adipiscimur
826 1282 1136 1337 conspiratione
1166 1281 1387 1323 hominum
1411 1292 1539 1338 atque

99 1351 336 1379 consensu:
369 1338 427 1380 sic
449 1338 566 1380 nulla
585 1348 671 1380 tam
694 1338 950 1380 detestabilis
978 1339 1108 1394 pestis
1128 1348 1206 1388 est,
1229 1354 1322 1394 quae
1344 1353 1428 1379 non
1459 1340 1539 1380 ho-

101 1394 204 1435 mini
226 1395 281 1435 ab
310 1394 480 1436 homine
507 1404 714 1437 nascatur.
774 1397 851 1436 Est
881 1394 1121 1436 Dicaearchi
1150 1395 1256 1435 liber
1285 1395 1336 1435 de
1363 1395 1539 1437 interitu

97 1450 339 1503 hominum,
361 1451 624 1507 Peripatetici
653 1451 797 1507 magni
825 1460 867 1492 et
887 1451 1049 1507 copiosi
1067 1469 1076 1491 ε
1108 1451 1194 1507 qui,
1215 1452 1402 1492 collectis
1421 1462 1538 1494 cete-

97 1507 154 1548 ris
185 1508 336 1559 causis,
366 1508 583 1559 eluvionis,
612 1508 876 1564 pestilentiae,
904 1508 1125 1558 vastitatis,
1157 1508 1380 1549 beluarum
1409 1509 1538 1550 etiam

97 1564 328 1619 repentinae
355 1564 652 1617 multitudinis,
673 1580 852 1622 quarum
882 1565 1047 1620 impetu
1076 1564 1202 1606 docet
1232 1564 1427 1620 quaedam
1457 1565 1539 1606 ho-

96 1621 260 1662 minum
278 1635 437 1677 genera
456 1636 548 1662 esse
569 1630 814 1663 consumta:
836 1621 987 1663 deinde
1008 1631 1240 1677 comparat,
1260 1630 1420 1677 quanto
1441 1622 1538 1677 plu-

97 1691 164 1718 res
193 1676 320 1719 deleti
350 1678 433 1720 sint
461 1678 655 1719 homines
686 1679 909 1719 hominum
936 1678 1115 1734 impetu,
1135 1677 1178 1719 id
1208 1686 1286 1729 est,
1307 1677 1444 1729 bellis,
1464 1687 1540 1720 aut

99 1732 392 1785 seditionibus,
413 1749 540 1790 quam
563 1735 681 1776 omni
699 1735 860 1790 reliqua
877 1735 1133 1777 calamitate.

157 1789 270 1831 Cum
292 1790 422 1846 igitur
447 1790 516 1832 hic
546 1790 666 1833 locus
696 1791 800 1832 nihil
831 1791 986 1832 habeat
1014 1791 1304 1843 dubitationis,
1326 1791 1429 1848 quin
1458 1791 1538 1832 ho·
1555 1798 1602 1840 17

96 1846 232 1887 mines
267 1846 499 1905 plurimum
533 1847 777 1889 hominibus
812 1856 856 1889 et
894 1848 1071 1903 prosint,
1103 1858 1146 1889 et
1176 1848 1346 1889 obsint:
1382 1857 1538 1904 1&pro-

95 1903 236 1958 prium
264 1903 346 1944 hoc
366 1913 508 1945 statuo
538 1918 630 1945 esse
650 1904 829 1955 virtutis,
848 1904 1074 1946 conciliare
1103 1905 1267 1945 animos
1299 1905 1539 1957 hominum,

97 1968 142 2001 et
172 1959 224 2001 ad
252 1974 353 2001 usus
385 1975 484 2002 suos
510 1960 757 2017 adjungere.
817 1962 982 2017 Itaque,
1006 1975 1100 2017 quae
1121 1961 1163 2002 in
1185 1962 1309 2002 rebus
1329 1961 1539 2013 inanimis,

97 2030 279 2073 quaeque
297 2016 341 2057 in
363 2031 445 2058 usu
465 2026 507 2058 et
529 2018 778 2059 tractatione
806 2017 1030 2059 beluarum
1051 2017 1157 2059 fiunt
1187 2018 1347 2059 utiliter
1376 2017 1429 2059 ad
1458 2018 1539 2058 ho-

97 2072 262 2114 minum
302 2073 444 2124 vitam,
484 2073 648 2115 artibus
685 2089 734 2115 ea
767 2074 1015 2116 tribuuntur
1053 2074 1271 2130 operosis:
1312 2074 1539 2116 hominum

95 2138 239 2171 autem
270 2130 411 2171 studia
439 2129 493 2171 ad
522 2129 895 2186 amplificationem
926 2139 1164 2172 nostrarum
1192 2145 1332 2172 rerum
1371 2142 1541 2186 promta

95 2199 145 2226 ac
161 2195 320 2241 parata,
340 2187 525 2228 virorum
553 2188 847 2242 praestantium
874 2188 1077 2244 sapientia
1106 2197 1149 2229 et
1168 2187 1320 2229 virtute
1349 2187 1537 2229 excitan-

95 2249 180 2283 tur.
228 2243 395 2284 Etenim
416 2243 544 2284 virtus
564 2243 701 2285 omnis
723 2245 858 2286 tribus
878 2244 921 2285 in
942 2244 1069 2285 rebus
1091 2244 1178 2285 fere
1200 2244 1372 2285 vertitur
1391 2261 1402 2285 ε
1434 2259 1538 2301 qua·
1554 2258 1600 2292 13

95 2312 192 2339 rum
221 2313 305 2340 una
332 2309 396 2341 est
420 2300 463 2340 in
491 2300 800 2356 perspiciendo,
822 2300 926 2357 quid
954 2301 998 2341 in
1017 2314 1185 2357 quaque
1206 2315 1249 2341 re
1271 2315 1430 2352 verum,
1451 2302 1537 2343 sin-

96 2368 326 2411 cerumque
354 2356 423 2408 sit,
448 2356 550 2413 quid
579 2365 909 2399 consentaneum
937 2356 1106 2413 cuique,
1128 2357 1231 2413 quid
1261 2372 1539 2414 consequens,

96 2424 147 2451 ex
167 2425 252 2466 quo
273 2426 452 2469 quaeque
472 2413 718 2469 gignantur,
740 2429 834 2470 quae
855 2414 1062 2470 cujusque
1090 2415 1148 2455 rei
1175 2428 1303 2455 causa
1322 2415 1376 2455 sit
1395 2431 1403 2456 :
1436 2415 1542 2455 alte-

96 2481 206 2518 rum,
226 2468 424 2510 cohibere
446 2479 484 2505 1⁹
499 2479 644 2512 motus
670 2470 801 2512 animi
820 2471 1029 2522 turbatos,
1052 2485 1159 2527 quos
1181 2471 1323 2512 Graeci
1341 2470 1440 2522 πάθη
1462 2485 1541 2512 no-

142 2588 177 2616 17
203 2592 292 2623 neque
306 2581 405 2611 ducem
421 2581 504 2621 bello,
525 2595 616 2626 neque
629 2584 794 2624 principem
835 2585 917 2615 Mss.
940 2585 1071 2624 quidam
1095 2584 1171 2615 boni
1194 2585 1315 2615 habent
1330 2585 1479 2624 primum:
1503 2594 1541 2614 u-

96 2622 187 2664 domi]
204 2624 262 2655 Pro
274 2623 358 2660 bello,
372 2627 457 2664 quod
471 2627 549 2658 olim
562 2628 712 2658 edebatur
722 2627 794 2658 vul·
837 2634 988 2667 trumque
1005 2629 1216 2659 commodum
1233 2638 1363 2658 sensum
1381 2628 1488 2663 habet,
1505 2634 1542 2657 ut

94 2674 148 2705 go,
165 2674 272 2707 estque
287 2674 318 2697 et
334 2668 365 2697 in
388 2668 473 2699 libris
494 2670 614 2709 scriptis
636 2670 793 2711 pluribus,
837 2672 925 2701 haud
944 2671 1035 2701 facile
1049 2672 1088 2701 sit
1106 2672 1282 2701 decernere.
1303 2671 1379 2709 quia
1390 2670 1541 2708 proprium

96 2710 239 2739 Graevius
251 2711 335 2740 dedit
351 2710 434 2740 belli:
459 2713 545 2750 quod
559 2722 634 2743 sane
649 2714 731 2744 bene
748 2723 796 2743 re·
838 2720 885 2744 est
905 2715 1065 2754 antiquior
1084 2713 1177 2745 lectio
1199 2714 1233 2744 in
1249 2713 1336 2744 libris
1349 2714 1418 2744 edd.
1432 2713 1463 2742 id
1476 2722 1544 2743 ser-

94 2753 229 2791 spondet
257 2753 298 2790 τᾷῑ
311 2751 397 2784 domi.
432 2763 492 2785 nec
518 2761 627 2786 tamen
652 2765 797 2787 necessa·
837 2757 923 2787 vavi.

95 2795 181 2824 rium
196 2795 256 2825 fuit
270 2796 428 2833 Ciceroni,
444 2798 556 2828 eadem
572 2798 675 2829 forma
688 2799 748 2830 uti.
886 2806 925 2832 19
948 2805 1038 2828 motus
1053 2798 1146 2829 animi
1162 2795 1305 2838 turbatos]
1329 2797 1454 2837 Proprie
1473 2799 1542 2829 tion

142 2844 179 2870 18
197 2839 348 2878 proprium
370 2839 421 2869 hoc
443 2847 536 2871 statuo
563 2851 620 2871 esse
647 2840 786 2883 virtutis]
831 2848 939 2873 motus
958 2842 1074 2874 turbati
1093 2848 1184 2881 sunt,
1208 2841 1263 2873 sed
1286 2842 1414 2873 animus
1434 2841 1541 2873 turba-

847 2895 978 2940 332
