1844 3202
303 105 382 149 676
825 106 902 144 DE
942 107 1196 145 LEGIBUS

301 210 406 250 vide.
468 211 677 255 Concessa
705 213 814 269 plebi
843 229 866 254 a
899 215 1085 270 patribus
1117 215 1195 255 ista
1228 221 1450 270 potestate,
1475 228 1590 255 arma
1613 215 1720 256 ceci·

302 266 482 309 derunt:
526 270 722 311 restincta
757 270 908 312 seditio
945 281 1030 311 est:
1075 271 1287 311 inventum
1322 280 1385 311 est
1419 280 1724 325 temperamen-

303 331 409 373 tum,
435 339 519 379 quo
546 327 754 367 tenuiores
779 342 876 367 cum
906 327 1160 382 principibus
1186 335 1224 358 ³3
1243 327 1395 382 aequari
1426 341 1469 367 se
1500 336 1720 381 putarentx

301 378 344 419 in
377 395 460 435 quo
495 397 579 421 uno
610 382 690 423 fuit
724 383 898 422 civitatis
938 371 1061 422 salus.
1121 384 1181 422 At
1213 383 1297 423 duo
1329 383 1507 423 Gracchi
1541 383 1723 424 fuerunt.

303 436 358 477 Et
393 447 541 490 praeter
573 453 644 478 eos
677 439 862 493 quamvis
896 453 1111 478 enumeres
1146 439 1302 480 multos
1337 440 1460 488 licet3
1497 454 1594 480 cum
1626 438 1725 480 deni

301 502 507 543 creantur,
529 502 568 525 ⁴³4
587 494 808 535 nonnullos
829 494 869 535 in
892 495 1007 534 omni
1037 495 1238 535 memoria
1263 492 1439 550 reperies
1470 496 1723 550 perniciosos

300 549 523 590 tribunos?
556 549 680 600 leves,
710 551 834 590 etiam
872 566 954 591 non
986 551 1117 591 bonos
1150 550 1323 591 fortasse
1355 551 1506 605 plures.
1566 551 1725 592 Invidia

302 604 467 660 quiden}
491 621 680 646 summus
700 606 804 646 ordo
825 616 965 647 caret:
997 607 1139 661 plebes
1166 606 1219 647 de
1246 622 1322 647 suo
1346 608 1441 662 jure
1472 607 1725 661 periculosas

239 675 287 706 25
302 662 592 702 contentiones
623 662 757 703 nullas
788 663 900 703 facit.
960 663 1245 718 Quamobrem
1278 672 1351 704 aut
1379 662 1573 717 exigendi
1603 678 1724 718 reges

303 732 385 758 non
424 718 618 758 fuerunt:
651 729 723 760 aut
750 719 862 774 plebi
890 734 948 765 rc,
978 734 1061 759 non
1082 720 1206 759 verbo
1235 718 1370 760 danda
1401 719 1596 760 libertas:
1628 735 1723 775 quae

302 782 441 814 tamen
473 774 530 814 sic
558 774 655 815 data
680 786 756 826 est,
779 786 826 816 ut
855 775 997 816 multis
1025 775 1350 830 praeclarissimis
1378 774 1655 826 addiceretur,
1678 785 1724 817 ut

224 826 541 871 ]lauctoritati
576 831 811 886 principum
844 832 1023 872 cederet.
1083 833 1240 873 Nostra
1273 840 1409 872 autem
1443 846 1580 881 causa,
1616 847 1726 887 quae,

301 886 461 941 optime
489 896 532 926 et
559 887 798 928 dulcissime
827 888 967 937 frater,
1000 888 1146 928 incidit
1173 888 1214 928 in
1248 888 1514 928 tribuniciam
1540 898 1725 943 potesta-

303 951 402 991 tem,
434 942 536 982 nihil
572 942 719 984 habuit
758 944 1038 985 contentionis
1068 959 1162 984 cum
1196 945 1423 985 tribunatu.
1481 946 1583 985 Non
1613 945 1725 985 enim

300 997 420 1052 plebs
445 997 614 1041 incitata
635 1000 787 1039 nostris
812 1000 934 1040 rebus
965 1000 1135 1040 invidit:
1168 1001 1240 1040 sed
1263 1001 1424 1041 vincula
1453 1000 1590 1041 soluta
1615 1010 1726 1051 sunt,

301 1063 344 1094 et
368 1054 531 1094 servitia
558 1054 741 1103 incitata,
762 1055 962 1111 adjuncto
993 1065 1147 1096 terrore
1177 1057 1301 1097 etiam
1334 1057 1517 1097 militari.
1575 1057 1727 1112 Neque

300 1109 421 1150 nobis
442 1125 537 1150 cum
561 1110 633 1151 illa
654 1120 744 1151 tum
766 1121 882 1167 peste
901 1121 1111 1152 certamen
1137 1112 1229 1162 fuit,
1251 1112 1324 1152 sed
1354 1127 1451 1153 cum
1481 1112 1725 1168 gravissimo

299 1165 540 1221 reipublicae
572 1176 789 1222 tempore:
822 1168 890 1209 cui
923 1168 955 1208 si
989 1183 1071 1208 non
1105 1169 1335 1218 cessissem,
1366 1184 1447 1209 non
1478 1169 1725 1210 diuturnum

298 1222 487 1263 beneficii
514 1223 596 1263 mci
622 1224 755 1278 patria
784 1225 964 1265 fructum
995 1225 1172 1265 tulisset.
1233 1226 1374 1279 Atque
1401 1226 1481 1266 hoc
1508 1224 1565 1265 rei
1590 1225 1724 1266 exitus

299 1277 511 1320 indicavit.
568 1280 675 1335 Quis
701 1281 812 1321 enim
841 1296 922 1322 non
953 1281 1081 1321 modo
1112 1281 1230 1331 liber,
1249 1281 1321 1321 sed
1351 1282 1476 1321 etiam
1507 1295 1645 1322 servus
1674 1282 1725 1322 li·

237 1335 289 1371 26
301 1334 461 1375 bertate
488 1335 641 1391 dignus
668 1337 759 1387 fuit,
781 1337 846 1377 cui
879 1347 1021 1378 nostra
1050 1337 1159 1378 salus
1184 1352 1280 1378 cara
1310 1352 1393 1378 non
1423 1338 1562 1378 esset?
1596 1337 1726 1393 Quod

300 1390 334 1430 si
363 1391 397 1431 is
421 1406 541 1433 casus
567 1392 713 1433 fuisset
744 1408 896 1443 rerum,
917 1409 1020 1449 quas
1050 1409 1126 1449 pro
1157 1394 1290 1435 salute
1319 1394 1560 1449 reipublicae
1590 1393 1725 1448 gessi-

298 1462 408 1497 mus,
428 1458 476 1488 ut
498 1463 580 1489 non
601 1450 797 1490 omnibns
818 1459 963 1504 gratus
984 1459 1113 1490 esset:
1140 1459 1196 1501 et,
1218 1451 1250 1491 si
1274 1465 1348 1490 nos
1369 1450 1648 1491 multitudinis
1667 1450 1725 1490 vis

298 1503 472 1545 furentis
494 1505 752 1546 inflammata
780 1506 933 1546 invidia
957 1507 1213 1561 pepulisset3
1245 1507 1278 1546 si
1298 1507 1489 1547 tribunus
1516 1506 1664 1561 aliquis
1685 1506 1727 1547 in

299 1575 366 1600 me
388 1561 608 1616 populum,
626 1562 734 1603 sicut.
751 1562 968 1603 Gracchus
989 1564 1030 1603 in
1048 1565 1276 1612 Laenatem,
1299 1563 1545 1603 Saturninus
1565 1563 1606 1603 in
1626 1563 1724 1603 Me-

299 1616 463 1667 tellum,
495 1617 731 1659 incitasset:
769 1619 986 1667 ferremus,
1021 1632 1049 1659 o
1083 1618 1244 1661 Quinte
1271 1619 1420 1659 frater:
1456 1619 1725 1660 consolaren-

255 1682 287 1712 b.
301 1681 452 1728 turque
471 1689 547 1714 nos
570 1689 653 1714 non
672 1684 757 1715 tam
779 1674 1034 1730 philosophi,
1054 1675 1125 1729 qui
1145 1675 1322 1715 Athenis
1342 1675 1524 1724 fuerunt,
1546 1674 1618 1730 qui
1643 1674 1725 1716 hoc

300 1729 436 1770 faeere
458 1730 625 1781 debent,
647 1746 771 1786 quam
795 1731 1011 1772 clarissimi
1033 1731 1120 1781 viri,
1141 1731 1212 1786 qui
1233 1731 1304 1771 illa
1325 1732 1427 1772 urbe
1456 1731 1564 1786 pulsi
1585 1744 1726 1772 carere

298 1785 463 1840 ingrata
484 1787 663 1837 civitate,
685 1802 810 1843 quam
832 1802 1000 1828 manere
1019 1787 1060 1828 in
1082 1788 1272 1842 improba
1292 1788 1541 1829 maluerunt.
1603 1788 1726 1828 Pom-

297 1842 437 1896 peium
458 1858 552 1883 vero
572 1844 686 1898 quod
706 1859 789 1884 una
810 1844 888 1884 ista
909 1844 950 1884 in
971 1858 1013 1884 re
1036 1859 1119 1884 non
1140 1844 1197 1885 ita
1215 1843 1334 1884 valde
1355 1844 1522 1898 probas,
1541 1843 1605 1884 vix
1625 1844 1724 1884 satis

300 1898 404 1939 mihi
433 1899 535 1939 illud
561 1899 710 1940 videris
733 1900 960 1950 attendere,
983 1915 1065 1940 non
1097 1900 1233 1941 solum
1263 1900 1315 1950 ei,
1346 1900 1445 1956 quid
1474 1909 1584 1941 esset
1611 1900 1724 1955 opti-

299 1969 433 2005 mum,
458 1955 682 1997 videndum
714 1957 854 2007 fuisse,
878 1956 957 1996 'sed
987 1957 1110 1997 etiam
1143 1957 1244 2011 quid
1275 1957 1566 1997 necessarium.
1597 1956 1726 1998 sensit

298 2011 408 2052 enim
438 2012 582 2052 deberi
604 2027 688 2053 non
709 2027 832 2068 posse
854 2013 951 2053 huic
971 2013 1127 2054 civitati
1147 2013 1260 2054 illam
1290 2022 1538 2068 potestatem
1560 2029 1567 2053 ε
1600 2012 1724 2067 quip-

298 2080 352 2122 pe
381 2083 505 2123 quam
541 2077 758 2124 tantopere
788 2069 970 2124 populus
1003 2078 1143 2109 noster
1171 2069 1357 2124 ignotam
1387 2069 1624 2123 expetisset,
1650 2070 1723 2124 qui

297 2133 442 2178 posset
473 2138 613 2165 carere
643 2125 847 2180 cognita?
891 2125 1086 2179 sapientis
1121 2134 1261 2166 autem
1292 2125 1390 2166 civis
1426 2125 1520 2175 fuit,
1552 2139 1722 2166 causam

298 2194 374 2220 nec
408 2180 699 2234 perniciosam,
735 2190 778 2222 et
810 2181 867 2222 ita
898 2181 1157 2236 popularem,
1191 2191 1239 2222 ut
1273 2196 1355 2222 non
1388 2191 1531 2237 posset
1560 2181 1723 2232 obsisti,

298 2236 530 2290 perniciose
556 2237 748 2292 populari
777 2237 851 2278 civi
881 2252 963 2278 non
992 2237 1235 2293 relinquere.
1295 2238 1384 2278 Seis
1412 2237 1558 2288 solere,
1582 2237 1723 2288 frater,

298 2292 340 2332 in
370 2292 614 2347 hujusmodi
645 2308 852 2345 sermone,
882 2302 929 2334 ut
959 2294 1119 2335 transiri
1150 2294 1232 2335 alio
1262 2294 1407 2349 possit,
1439 2307 1724 2344 ADMODUM,

220 2335 396 2389 12dici.
454 2350 548 2390 Att.
573 2350 742 2391 Prorsus
773 2350 830 2391 ita
853 2359 931 2391 est.
991 2351 1048 2393 Q.
1069 2350 1198 2391 Haud
1221 2350 1413 2406 equidem
1440 2350 1656 2401 assentior,
1677 2358 1726 2390 tu

236 2409 286 2448 27
299 2412 440 2445 tamen
465 2405 518 2445 ad
547 2405 707 2461 reliqua
730 2421 879 2463 pergas
900 2407 1035 2448 velim.
1095 2408 1160 2447 M.
1195 2408 1430 2448 Perseveras
1460 2416 1507 2447 tu
1537 2406 1723 2461 quidem,

298 2471 341 2502 et
367 2461 407 2502 in
435 2470 508 2502 tua
528 2471 664 2503 vetere
694 2463 899 2504 sententia
928 2478 1158 2519 permanes.
1219 2463 1275 2505 Q.
1308 2464 1433 2504 Nunc
1465 2462 1721 2504 mehercule.

296 2518 391 2570 Att.
422 2519 517 2573 Ego
548 2533 645 2558 sane
669 2533 693 2559 a
723 2520 886 2576 Quinto
915 2530 1057 2561 nostro
1081 2519 1297 2561 dissentio.
1356 2519 1439 2560 Sed
1459 2534 1521 2570 ea,
1543 2534 1636 2575 quae
1657 2532 1722 2560 re-

297 2583 424 2624 stant,
445 2574 676 2615 audiamus.

354 2632 419 2671 M.
459 2631 671 2687 Deinceps
708 2631 835 2687 igitur
874 2632 1068 2673 omnibus
1105 2632 1419 2687 magistratibus
1459 2631 1642 2687 auspicia
1680 2639 1722 2672 et

338 2752 376 2774 εὶ.)
401 2744 514 2786 aequari
538 2755 565 2774 se
582 2743 738 2786 putarent]
766 2746 879 2785 Scripsi
899 2752 989 2785 puta·
1033 2745 1076 2775 bri
1087 2755 1144 2775 scr.
1162 2752 1192 2774 et
1207 2746 1276 2775 edd.
1290 2746 1351 2775 fere
1362 2744 1464 2780 nullos,
1478 2751 1508 2774 at
1520 2742 1664 2773 nonnullos
1675 2752 1721 2774 res

295 2797 356 2815 rem
374 2798 427 2826 pro
443 2788 529 2826 vulg.
539 2788 679 2827 putarint.
1032 2787 1179 2827 postulat,
1198 2795 1233 2817 ut
1248 2789 1350 2818 videre
1370 2789 1403 2819 P.
1425 2788 1604 2824 Manutius,
1629 2787 1721 2822 Lam-

338 2837 375 2861 254
401 2830 709 2872 nommllos-raperies
728 2830 907 2871 perniciosos]
939 2832 989 2863 Li·
1031 2832 1137 2870 binus,
1154 2831 1310 2863 Davisius.
