1844 3202
265 109 346 150 950
637 101 697 139 M.
737 100 953 140 TULLII
989 100 1326 140 CICERONIS

268 213 310 249 In
329 210 492 262 medioque
508 211 582 247 sinu
588 212 731 262 fulgens
752 212 896 249 Cratera
916 212 1048 250 relucet.

266 266 464 303 Extremum
483 265 588 301 nitens
603 266 755 315 plumato
772 276 898 316 corpore
919 265 1048 303 Corvus

267 318 385 356 Rostro
405 318 532 363 tundit,
551 325 584 355 et
602 318 654 355 hic
673 319 820 357 Geminis
837 326 885 356 est
904 318 959 356 ille
975 317 1036 354 sub
1054 319 1131 368 ipsis

266 373 358 409 Ante
379 372 516 414 Canem,
539 372 642 418 Grajo
662 373 806 422 Procyon
824 372 882 422 qui
900 371 1163 418 norninefertur.

267 427 354 462 Haec
370 432 458 467 sunt,
478 439 556 475 quae
573 425 683 461 visens
702 432 858 462 nocturno
877 430 1015 474 tempore
1030 424 1142 473 signa,

267 479 517 529 AEternumque
534 478 646 515 volens
665 477 781 514 mundi
793 488 980 527 pernoscere
998 486 1133 520 motum,

267 532 434 582 Legitimo
451 545 558 568 cernes
576 531 649 568 coeli
667 531 850 568 lustrantia
867 543 979 568 cursu.

268 585 362 622 Nam
382 599 459 635 quae
471 596 533 635 per
551 584 600 621 bis
620 598 678 621 sex
694 584 863 634 signorum
882 583 987 621 labier
1003 583 1094 620 orbes

273 639 427 690 Quinque
442 638 545 674 solent
562 638 683 683 stellae,
699 638 799 674 simili
818 638 944 674 ratione
962 637 1073 674 notari

268 692 346 728 Non
359 698 495 742 possunt
509 707 521 727 .·
550 693 630 742 quia
648 705 712 742 quo
718 692 863 740 faciunt
883 691 1030 741 vestigia
1050 704 1160 735 cursu,

269 745 346 781 Non
363 744 468 781 eodem
488 756 609 795 semper
627 745 733 796 spatio
747 751 885 795 portata
906 751 1072 782 teruntur.

268 798 327 836 Sic
346 798 476 834 malunt
494 811 604 835 errare
622 812 730 848 vagae
743 810 804 848 per
822 797 938 834 nubila
955 798 1043 843 coeli,

267 855 379 902 Atque
395 865 467 887 suos
487 852 586 889 vario
605 861 692 888 motu
712 851 854 888 metirier
870 851 972 889 orbes.

269 906 358 942 Haec
362 906 507 953 faciunt
527 918 662 954 magnos
682 905 852 954 longinqui
871 906 1019 955 temporis
1037 918 1150 949 annos,

273 959 384 1008 Quum
403 957 537 995 redeunt
557 958 606 995 ad
622 957 707 994 idem
726 958 801 994 coeli
819 957 882 994 sub
901 959 1042 1007 tegmine
1058 960 1200 1008 signum.

273 1014 387 1062 Quare
403 1024 460 1060 ego
479 1025 565 1048 nunc
583 1024 701 1062 nequeo
719 1018 800 1048 totos
818 1012 973 1048 evolvere
990 1025 1118 1050 cursus.

271 1066 389 1103 Verum
409 1065 494 1109 haec,
513 1079 589 1116 quae
606 1075 727 1115 semper
741 1071 827 1101 certo
843 1065 1034 1102 volvuntur
1051 1066 1085 1102 in
1104 1064 1179 1103 orbe

268 1119 355 1156 Fixa
374 1118 476 1154 simul
494 1132 629 1168 magnos
647 1117 743 1155 edam
763 1121 786 1144 ’x'
801 1117 958 1167 gentibus
976 1118 1079 1155 orbes.

273 1174 445 1222 Quattuor
461 1178 584 1208 aeterno
603 1173 786 1209 lustrantes
804 1172 928 1208 lumine
946 1172 1118 1217 mundum,

272 1226 376 1262 Orbas
395 1225 555 1274 stelligeri
566 1231 736 1275 portantes
754 1226 1041 1274 signaferuntur‚

268 1279 424 1330 Amplexi
445 1286 551 1315 terras
571 1279 647 1315 coeli
663 1279 725 1315 sub
746 1279 885 1328 tegmine
890 1279 993 1326 fulti.

271 1333 304 1369 E
320 1332 439 1383 quibus
457 1346 617 1369 annorum
636 1332 820 1369 volitantia
839 1332 967 1369 lumina
985 1346 1104 1379 nosces,

275 1387 363 1435 Quae
381 1385 490 1423 densis
508 1386 667 1423 distincta
684 1385 794 1422 licebit
811 1399 937 1422 cernere
953 1387 1069 1436 signis.

272 1440 358 1476 Turn
379 1439 496 1476 multos
514 1438 603 1475 orbes
623 1453 742 1488 magno
761 1452 833 1475 cum
852 1439 973 1476 lumine
989 1440 1086 1483 latos,

275 1493 408 1530 Vinctos
427 1493 511 1529 inter
529 1506 574 1535 se,
593 1499 624 1528 et
642 1492 730 1529 nodis
753 1492 938 1529 caelestibus
957 1502 1061 1543 aptos,

269 1549 384 1598 Atque
396 1546 477 1596 pari
493 1546 600 1597 spatio
617 1545 682 1582 duo
700 1558 806 1582 cernes
824 1559 890 1582 esse
907 1545 1047 1584 duobus.

271 1601 344 1638 chc
360 1600 406 1636 sic
425 1606 580 1636 nocturno
598 1612 786 1648 cognoscens
805 1606 942 1649 ternpore
959 1600 1089 1643 coelum,

274 1655 386 1702 Quum
405 1666 507 1703 neque
524 1653 676 1702 caligans
692 1651 827 1689 detersit
845 1652 956 1689 sidera
975 1652 1089 1698 nubes,

271 1708 344 1743 Nec
356 1707 451 1757 pleno
468 1706 581 1742 stellas
599 1707 773 1757 superavit
791 1706 913 1742 lumine
933 1707 1048 1751 Luna,

273 1759 401 1798 Vidisti
419 1773 577 1809 magnum
596 1759 785 1797 candentem
803 1770 929 1810 serpere
945 1761 1080 1797 circum.

269 1814 417 1852 Lacteus
435 1813 488 1850 hic
505 1813 602 1850 nimio
607 1814 752 1863 fulgens
769 1813 910 1850 candore
928 1822 1075 1857 notatur,

269 1867 339 1904 Hic
358 1881 419 1904 uon
432 1873 628 1918 perpetuum
646 1866 796 1904 detexeris
813 1866 942 1914 conficit
959 1866 1080 1910 orbem,

270 1920 341 1958 Sed
357 1921 462 1971 spatio
481 1920 621 1957 multum
640 1920 766 1971 superis
778 1931 948 1970 praestarc
966 1919 1098 1961 duobus

268 1974 421 2019 Dicitur,
441 1983 471 2010 ct
490 1975 558 2011 late
576 1974 650 2011 coeli
669 1974 814 2011 lustrare
832 1985 1011 2012 cavernas.

274 2028 420 2077 Quorum
439 2029 526 2064 alter
543 2035 684 2077 tangens
702 2027 877 2077 Aquilonis
893 2029 1044 2065 vertitur
1060 2041 1178 2071 auras,

273 2082 347 2118 Ora
358 2090 472 2132 petens
494 2081 703 2118 Geminorum
721 2081 884 2118 illustria.
912 2090 983 2117 tum
996 2095 1105 2130 genus
1123 2080 1242 2118 ardens

268 2135 310 2171 In
325 2148 392 2171 sese
409 2135 549 2172 retinens
565 2135 713 2184 Aurigae
726 2143 840 2185 portat
861 2143 1051 2185 utrumque.

272 2188 373 2224 Hunc
391 2202 473 2224 sura
493 2188 589 2225 laeva
609 2189 762 2232 Perseus,
783 2187 977 2238 humeroque
991 2189 1124 2225 sinistro

271 2242 399 2290 Tangit
414 2257 426 2277 .·
455 2240 503 2278 ad
518 2241 764 2278 Andromedam
784 2241 837 2278 hic
855 2240 977 2278 dextra
996 2241 1037 2279 de
1048 2248 1152 2292 parte
1170 2248 1310 2288 tenetur,

269 2295 474 2345 Imponitque
487 2295 584 2345 pedes
603 2294 745 2346 duplices
765 2296 911 2346 Equus:
940 2301 973 2332 et
990 2295 1092 2332 simul
1106 2295 1189 2333 Ales

268 2348 370 2385 Ponit
388 2349 467 2384 avis
484 2356 599 2399 caput,
620 2359 651 2384 et
669 2349 791 2385 clinato
809 2359 937 2399 corpore
954 2356 1100 2398 tergum,

269 2401 497 2451 Anguitenens
516 2402 658 2438 humeris
677 2402 857 2439 connititur
871 2417 884 2438 .·
913 2402 974 2439 illa
991 2401 1139 2439 recedens

269 2457 435 2492 Austrum
454 2456 663 2506 consequitur
682 2455 841 2492 devitans
859 2466 986 2505 corpore
1007 2456 1121 2504 Virgo,

267 2510 318 2545 At
337 2521 416 2545 vero
435 2515 538 2546 totum
555 2509 699 2559 spatium
717 2509 880 2546 convestit
898 2518 929 2545 et
946 2508 1032 2545 orbis

269 2559 420 2612 Magnu'
441 2563 521 2607 Leo,
537 2572 569 2599 et
586 2563 676 2600 claro
691 2562 851 2599 collucens
870 2562 993 2599 lumine
1015 2561 1153 2607 Cancer,

268 2616 310 2652 In
329 2629 391 2666 quo
411 2616 583 2653 consistens
601 2616 764 2653 convertit
782 2615 983 2652 curriculum
1002 2616 1053 2652 sol

267 2669 452 2714 AEstivus,
474 2669 576 2706 medio
593 2670 798 2720 distinguens
817 2680 944 2720 corpore
960 2682 1085 2707 cursus.

268 2722 338 2759 Hic
357 2730 445 2759 totus
463 2723 588 2760 medius
605 2724 688 2760 circo
705 2723 911 2773 disjungitur
928 2723 996 2772 ipso
1008 2738 1021 2758 .-

268 2775 460 2814 Pectoribus
479 2776 620 2821 validis,
637 2786 738 2827 atque
756 2776 838 2813 alvo
850 2775 990 2827 possidet
1007 2775 1126 2814 orbem.

270 2828 373 2877 Hunc
390 2839 457 2867 octo
477 2830 513 2867 in
527 2837 642 2882 partes
661 2830 809 2869 divisum
828 2842 951 2869 noscere
968 2829 1092 2868 circum

1609 271 1693 304 220

1614 535 1689 569 225

1615 801 1693 835 230

1614 1068 1690 1103 235

1617 1339 1698 1372 240

1619 1604 1695 1638 245

1620 1872 1700 1905 250

1620 2139 1695 2172 255

1619 2400 1699 2440 260

1617 2668 1693 2707 265
