1844 3202
276 107 354 144 656
796 107 872 144 DE
908 106 1165 144 LEGIBUS

199 213 266 261 14
335 213 400 253 M.
428 212 615 254 Reddam
646 228 755 264 vero,
776 223 831 264 et,
853 214 887 254 si
917 224 1078 269 potero,
1099 213 1226 254 brevi.
1286 211 1483 268 Sequitur
1511 212 1621 253 enim
1653 211 1705 252 de

269 268 368 326 jure
389 269 512 310 belli:
544 270 586 310 in
615 285 700 326 quo
727 280 769 311 et
795 270 1074 324 suscipiendo,
1097 279 1138 310 et
1157 269 1358 324 gerendo,
1378 279 1420 309 et
1440 267 1706 323 deponendo,

283 325 384 382 ⁶jus
411 325 640 381 plurimum
668 326 788 376 valet,
821 336 862 366 et
895 326 1022 367 fides:
1055 327 1291 381 horumque
1319 335 1364 366 ut
1393 325 1550 380 publici
1576 325 1705 365 inter-

276 390 414 438 pretes
434 392 586 432 essent,
613 382 736 438 ⁷lege
756 382 981 423 sanximus.
1017 383 1112 423 Jam
1130 381 1181 421 de
1202 382 1468 437 haruspicum
1489 381 1707 435 religione,

275 437 329 480 de
357 439 678 494 expiationibuS,
709 447 752 479 et
781 438 1146 493 procurationibus
1177 438 1275 478 satis
1307 452 1512 493 superque
1545 437 1585 478 in
1617 437 1707 492 ipsa

275 494 371 550 lege
405 495 567 536 dictum
595 503 713 549 puto.
773 495 865 534 Att.
896 494 1130 544 Assentior,
1160 494 1358 549 quoniam
1390 495 1526 534 omnis
1550 493 1640 534 haec
1666 493 1707 533 in

275 551 480 606 religione
508 562 693 591 versatur
721 551 871 591 oratio.
932 551 997 590 M.
1020 551 1080 591 At
1099 564 1208 601 vero,
1230 550 1344 605 quod
1376 550 1577 605 sequitur,
1600 563 1708 604 quo-

276 608 406 648 modo
435 617 507 648 aut
536 616 584 648 tu
614 608 851 657 assentiare,
872 616 946 647 aut
974 620 1056 661 ego
1087 606 1403 661 reprehendam,
1425 620 1522 646 sane
1548 620 1707 660 quaero,

213 674 263 706 35
276 664 386 704 Tite.
444 665 537 705 Att.
559 663 677 705 Quid
699 663 866 704 tandem
891 662 931 703 id
953 664 1044 703 est?
1086 664 1153 702 M.
1172 664 1240 703 De
1260 662 1475 703 nocturnis
1497 661 1708 702 sacrificiis

279 720 519 761 mulierum.
579 721 672 760 Att.
697 722 791 776 Ego
821 734 917 760 vero
947 720 1149 760 assentior
1166 735 1177 769 3
1209 727 1384 773 excepto
1415 718 1645 772 praesertim
1668 718 1710 758 in

150 776 370 831 p.177.ipsa
389 776 482 832 lege
505 776 698 817 sollemni
719 776 920 817 sacrificio
941 790 989 816 ac
1011 776 1196 831 publico.
1256 776 1321 815 M.
1343 774 1460 817 Ouid
1487 788 1590 830 ergo
1611 783 1709 830 aget

239 839 269 859 a.
291 842 307 864 ⁸
321 833 519 884 Jacchus,
540 833 890 889 Eumolpidaeque
910 833 1047 882 vestri,
1064 840 1107 873 et
1126 841 1306 887 augusta
1330 819 1401 871 illa
1421 830 1635 886 mysteria,
1654 830 1709 870 si-

280 889 450 944 quidem
471 904 587 930 sacra
608 899 812 930 nocturna
835 889 1024 930 tollimus
1043 890 1055 928 ?
1087 903 1170 929 non
1190 888 1301 928 enim
1324 888 1483 943 populo
1505 888 1712 937 Romano,

216 947 268 986 36
281 946 353 986 sed
385 946 581 986 omnibus
606 946 759 986 9bonis
790 945 1001 1000 firmisque
1034 945 1200 1000 populis
1233 944 1349 999 leges
1384 944 1547 985 damus.
1617 944 1712 983 Att.

280 1001 462 1056 Excipis,
482 1001 623 1051 credo,
653 1001 739 1051 illa,
770 1001 923 1056 quibus
955 1001 1034 1055 ipsi
1062 1000 1213 1041 initiati
1244 1015 1403 1041 sumus.
1462 1001 1528 1039 M.
1563 1008 1599 1031 10
1616 1001 1711 1054 Ego

277 1072 375 1098 vero
405 1057 642 1112 excipiam?
676 1059 789 1098 Nam
816 1057 922 1097 mibi
948 1071 1045 1097 cum
1070 1057 1204 1097 multa
1228 1057 1393 1106 eximia,
1412 1055 1632 1111 divinaque
1651 1056 1713 1095 vi-

279 1113 434 1154 dentur
463 1113 645 1154 Athenae
676 1122 760 1154 tuae
793 1113 1018 1169 peperisse,
1048 1122 1176 1168 atque
1209 1120 1243 1143 11
1262 1112 1303 1153 in
1332 1113 1457 1153 vitam
1489 1111 1711 1152 hominum

278 1169 482 1221 attulisse,
505 1178 596 1211 tum
626 1169 730 1210 nihil
760 1170 909 1210 melius
941 1169 1022 1209 illis
1052 1168 1276 1225 mysteriis,
1297 1168 1450 1224 quibus
1479 1182 1529 1208 ex
1558 1167 1714 1223 agresti

278 1227 538 1282 immanique
555 1226 652 1277 vita,
672 1226 827 1267 exculti
847 1225 898 1267 ad
920 1225 1241 1274 humanitatem,
1262 1234 1304 1266 et
1333 1224 1517 1279 mitigati
1537 1239 1683 1265 sumus
1703 1240 1711 1264 ε

279 1283 487 1339 Initiaque
516 1291 565 1324 ut
591 1283 868 1338 appellantur,
890 1282 948 1323 ita
977 1296 1020 1323 re
1049 1296 1143 1323 vera
1174 1281 1375 1337 principia
1395 1281 1487 1321 vitae
1510 1280 1713 1335 cognovi-

278 1354 374 1380 mus
393 1356 403 1381 :
435 1353 571 1395 neque
593 1340 731 1380 solum
753 1354 851 1380 cum
872 1338 1019 1380 laetitia
1039 1338 1199 1379 vivendi
1226 1338 1431 1379 rationem
1457 1337 1714 1392 accepimus,

279 1395 352 1436 sed
390 1396 517 1436 etiam
554 1410 652 1436 cum
687 1410 762 1451 spe
797 1395 970 1436 meliore
1003 1393 1223 1435 moriendi.
1284 1393 1400 1451 Quid
1435 1403 1575 1434 autem
1610 1392 1715 1433 mihi

279 1451 500 1507 displiceat
522 1460 559 1484 12
574 1452 817 1493 innocentes
839 1460 976 1507 poetae
998 1451 1182 1494 indicant
1204 1450 1384 1491 Comici.
1425 1451 1524 1504 Qua
1545 1448 1716 1489 licentia

280 1509 427 1549 Romae
450 1508 561 1559 data,
581 1508 781 1564 quidnam
811 1509 967 1564 egisset
994 1507 1078 1558 ille,
1102 1515 1139 1539 18
1155 1507 1226 1562 qui
1254 1507 1295 1547 in
1324 1506 1571 1547 sacrificium
1595 1505 1716 1560 cogi-

279 1574 412 1606 tatam
433 1565 651 1606 libidinem
672 1565 829 1615 intulit,
849 1579 934 1620 quo
955 1579 1006 1605 ne
1026 1563 1352 1620 imprudentiam
1374 1563 1546 1618 quidem
1568 1562 1716 1603 oculo-

246 1636 372 1667 „rum
394 1621 519 1678 adjici
546 1623 607 1662 fas
633 1622 744 1662 fuit?
796 1622 888 1662 Att.
919 1621 986 1662 Tu
1016 1635 1111 1661 vero
1141 1620 1263 1661 istam
1298 1621 1443 1660 Romae
1474 1619 1613 1674 legem
1645 1632 1715 1658 ro-

204 1657 268 1704 19
280 1685 396 1733 gato.
429 1678 550 1719 nobis
570 1687 733 1720 nostras
754 1692 804 1718 ne
824 1677 1042 1719 ademeris.
1083 1678 1149 1718 M.
1174 1685 1209 1708 14
1226 1675 1296 1717 Ad
1317 1685 1480 1717 nostras
1500 1675 1630 1730 igitur
1649 1688 1714 1715 re-

217 1729 267 1770 ³7

323 1807 341 1832 6
355 1802 408 1842 jus
424 1809 456 1832 ut
474 1802 634 1843 plurImurn
656 1803 740 1834 valet
763 1810 790 1832 et
801 1801 894 1842 fides]
913 1803 978 1832 De-

1068 1808 1106 1832 10
1133 1802 1193 1840 Ego
1209 1813 1242 1831 v.
1257 1801 1398 1841 excipiam
1410 1800 1444 1841 ἓ]
1464 1801 1599 1840 Signum
1623 1800 1717 1830 inter-

280 1845 340 1876 levi
357 1854 401 1882 ut,
418 1848 504 1885 quod
520 1848 552 1876 h.
565 1846 585 1876 l.
604 1848 749 1886 ineptum
765 1853 820 1876 est.
837 1845 888 1875 alii
906 1846 976 1875 libri

1022 1845 1189 1883 rogationis
1206 1846 1320 1875 addidi.
1354 1844 1458 1874 Habet
1473 1844 1560 1873 enim
1577 1844 1638 1873 hoc
1651 1843 1717 1873 vim

280 1899 344 1919 non
371 1889 480 1919 minus
505 1891 608 1930 inepte
634 1897 667 1919 ut
682 1889 776 1929 fides,
793 1891 878 1919 unde
901 1896 931 1919 et
946 1895 979 1917 u!

280 1930 374 1961 vides.

325 1981 339 2008 7
366 1974 427 2013 lege
449 1973 607 2012 sanximus]
634 1975 685 2004 Sic
713 1974 883 2013 legendum
911 1982 978 2003 csse

282 2023 378 2056 patet,
400 2018 485 2056 quod
508 2018 534 2047 ei
559 2018 723 2056 respondet
746 2024 777 2046 ut
800 2023 899 2046 esscnt.
945 2016 976 2045 Si

282 2059 449 2098 vulgatum
466 2060 608 2089 sancimus
622 2069 732 2090 verum
749 2066 841 2095 esset,
854 2059 978 2089 deberet

281 2112 348 2132 esse
371 2110 403 2131 ut
425 2103 492 2131 sim.
536 2103 694 2132 Sana-imus
710 2110 740 2133 et
755 2103 786 2132 in
806 2103 868 2132 Ms.
884 2102 978 2132 Paris.

282 2146 393 2184 reperit
409 2145 556 2175 Davisius
575 2151 604 2174 et
619 2145 725 2175 edidit.
770 2145 821 2175 Sic
838 2153 867 2174 et
884 2145 979 2174 habet

282 2187 391 2218 Guelf.
415 2194 445 2217 et
471 2188 541 2218 edd.
565 2195 639 2217 vett.
662 2189 823 2227 quaedam,
842 2195 877 2218 ut
897 2188 978 2218 Ven.

285 2237 377 2263 1494.
396 2231 527 2260 Mediol.
539 2232 671 2261 Ascens.
704 2232 855 2270 Loquitur
870 2238 978 2261 autem

282 2274 321 2303 de
336 2283 395 2303 sua
411 2273 490 2311 lege.

328 2322 344 2346 8
368 2316 495 2346 Jacchus
516 2316 601 2346 Eum.
617 2315 723 2355 vestri]
744 2317 781 2346 In
798 2317 917 2346 Jaceho
933 2325 980 2345 re-

281 2359 374 2398 spicit
397 2360 434 2388 ad
462 2359 558 2398 Orgia
585 2360 752 2389 Bacchica.
787 2359 880 2388 vestri
908 2359 978 2389 dedi

283 2410 360 2432 curn
388 2402 518 2432 Davisio
545 2409 575 2431 et
602 2402 670 2431 aliis
698 2412 752 2441 pro
777 2402 875 2431 nostri.
904 2411 980 2431 nam

283 2444 397 2475 Romae
422 2454 486 2475 non
512 2446 598 2475 fuere
625 2445 838 2484 Eumolpidae,
862 2445 916 2475 sed
940 2446 981 2474 A·

282 2488 400 2518 thenis.
423 2489 498 2526 quia
513 2497 590 2517 curn
614 2489 720 2519 Attico
736 2489 888 2527 loquitur,
904 2488 981 2517 dicit

283 2530 388 2560 vestri.
434 2531 485 2560 Sic
515 2531 623 2569 paullo
651 2539 720 2570 post
746 2532 871 2561 Atticus
898 2531 981 2570 leges

282 2573 403 2603 Atticas
426 2574 502 2603 dicit
524 2581 633 2603 nostras
647 2585 656 2602 :
681 2575 739 2604 nisi
759 2584 845 2610 vero,
862 2575 936 2611 quia
952 2580 982 2602 et

283 2617 349 2655 ipse
366 2616 476 2646 Cicero
499 2624 563 2645 erat
584 2618 724 2647 initiatus
740 2618 832 2646 sacris
850 2617 980 2651 Cereris,

284 2659 357 2688 inde
374 2660 451 2688 dixit
468 2659 567 2688 nostri.

328 2709 346 2734 9
370 2701 609 2742 honisfirmisque
620 2701 746 2740 populis]
767 2702 881 2731 Firmus
891 2707 983 2740 popu·

283 2742 327 2772 Ius
350 2744 423 2774 alibi
449 2745 529 2774 mihi
553 2754 617 2773 non
641 2746 788 2775 occurrit.
799 2744 902 2783 firmis
917 2753 983 2773 esse

283 2787 417 2823 videtur,
437 2788 516 2818 bene
533 2787 724 2825 constitutis,
740 2788 899 2827 siquidem
916 2787 984 2817 sine

284 2836 359 2859 vitio
375 2838 432 2860 est.

1023 1889 1170 1926 negandi,
1188 1894 1223 1917 ut
1237 1888 1381 1926 subjecta
1396 1888 1472 1917 ratio
1487 1887 1589 1916 docet.

1070 1938 1100 1959 1]
1130 1931 1159 1959 in
1174 1931 1271 1959 vitam
1287 1930 1315 1959 h.
1332 1928 1378 1970 a]
1396 1930 1502 1968 Vulgo
1517 1928 1596 1958 vita.
1621 1928 1715 1958 male.

1021 1974 1074 2003 sed
1087 1974 1154 2011 jam
1171 1973 1222 2002 alii
1240 1982 1410 2003 correxere.

1067 2023 1103 2045 12
1129 2016 1284 2045 innocentes
1305 2022 1338 2055 p.
1363 2015 1385 2045 i.
1413 2014 1464 2053 C.]
1490 2014 1646 2043 innocentes
1665 2014 1716 2043 hic

1022 2059 1232 2088 commodum
1244 2068 1375 2088 sensum
1392 2067 1456 2087 non
1474 2057 1557 2086 facit.
1604 2056 1719 2094 Conje-

1023 2108 1112 2131 ctura
1140 2102 1169 2130 in
1192 2101 1335 2130 nocturnis
1357 2102 1440 2130 edita
1462 2107 1508 2129 est
1529 2110 1548 2130 a
1566 2100 1717 2136 victorio,

1024 2145 1192 2181 Lambino,
1221 2144 1377 2181 Davisi03
1415 2152 1474 2173 nee
1504 2143 1584 2172 mihi
1611 2142 1719 2182 displi-

1022 2195 1082 2217 cet·

1068 2236 1103 2260 13
1142 2229 1191 2271 qui
1226 2229 1256 2258 in
1291 2225 1624 2268 sacrificium—intulit]
1665 2227 1718 2257 Est

1023 2272 1154 2303 Clodius
1167 2272 1402 2311 intelligendus,
1416 2271 1470 2310 qui
1486 2279 1611 2300 sacrum
1626 2270 1719 2300 bonae

1024 2316 1101 2346 Deae
1116 2315 1255 2351 violavit,
1272 2316 1369 2354 quod,
1387 2321 1422 2344 ut
1443 2313 1553 2344 Cicero
1576 2313 1618 2342 ait
1643 2313 1720 2343 Har.

1024 2359 1062 2389 R.
1078 2368 1105 2388 c.
1121 2367 1150 2390 5.
1169 2358 1232 2387 viri
1248 2358 1333 2387 oculis
1350 2368 1383 2386 ne
1399 2355 1587 2395 imprudentis
1605 2355 1721 2396 quidem

1024 2402 1134 2441 aalspici
1146 2402 1204 2441 fas
1220 2408 1288 2430 esset
1302 2412 1311 2429 :
1336 2400 1420 2430 unde
1436 2406 1467 2429 et
1482 2399 1627 2428 firmatur
1643 2408 1721 2429 mox

1024 2445 1119 2474 lectio
1149 2443 1383 2483 imprudentiam,
1410 2452 1466 2482 pro
1496 2451 1561 2480 quo
1587 2442 1720 2480 quidam

1026 2487 1166 2517 maluere
1190 2486 1408 2525 impudentiam,
1434 2485 1519 2524 quod
1542 2490 1572 2514 et
1596 2485 1627 2514 in
1651 2484 1722 2514 edd.

1025 2530 1216 2569 quibusdam
1236 2530 1343 2568 reperi.
1368 2528 1458 2558 nobis
1481 2527 1645 2566 quondam
1668 2536 1722 2556 ve-

1027 2574 1073 2602 nit
1096 2574 1128 2602 in
1153 2579 1308 2608 mentem,
1325 2571 1499 2610 legendum
1522 2579 1588 2600 esse
1611 2580 1664 2610 quo
1687 2580 1723 2598 ne

1020 2622 1075 2654 per
1090 2614 1313 2654 imprudentiam
1329 2614 1443 2656 quidem
1459 2612 1548 2643 oculos
1563 2612 1652 2651 adjici
1664 2612 1722 2652 fas

1014 2658 1097 2698 fuit.

1073 2708 1109 2730 14
1134 2700 1185 2730 Ad
1198 2706 1293 2729 nostra
1308 2698 1327 2728 i.
1346 2697 1386 2739 n]
1405 2699 1464 2729 Pro
1478 2703 1573 2727 nostra
1589 2698 1659 2726 dedi
1676 2708 1724 2726 no·

1027 2750 1100 2772 stras
1128 2752 1172 2773 sc.
1200 2743 1294 2782 leges,
1322 2743 1406 2781 quod
1432 2751 1517 2780 seqq.
1549 2739 1724 2779 postulant,

1028 2787 1123 2816 etiam
1138 2793 1210 2815 ante
1225 2795 1279 2825 pro
1291 2792 1397 2815 nostras
1410 2786 1543 2823 quidam
1556 2783 1625 2814 libri
1639 2783 1723 2814 male

1029 2836 1135 2858 nostra.
