1844 3202
627 119 1038 159 CONSOLATIO.
1471 120 1545 166 963

344 329 415 376 M.
460 326 776 375 TULLII
824 324 1330 381 CICERONIS,

509 447 575 499 SI
625 447 787 499 DEO
838 444 1159 504 PLACET,

413 564 1262 628 CONSOLATIO.

125 824 524 909 ΩΠΑΜΩΠΑΝῙ
545 853 780 895 recentibus
808 852 965 894 morbis
990 851 1237 892 medicinam
1267 851 1461 893 adhibere
1481 867 1548 894 ve·-

127 920 218 951 tant
247 910 467 965 sapientes,
490 910 676 965 nihilque
704 909 861 951 adversi
897 908 1136 949 hominibus
1165 907 1351 949 accidere
1381 909 1515 950 solet
1506 925 1548 950 m

126 966 223 1016 vita,
244 966 357 1021 quod
379 976 451 1006 aut
481 967 766 1030 itmproxisum‚
788 976 860 1007 aut
885 965 1213 1020 inexspectatum
1233 964 1443 1006 videatur:
1474 980 1546 1006 co-

129 1024 276 1063 nemur
295 1031 450 1072 tamen,
469 1038 502 1063 s1
523 1037 604 1078 qua
621 1024 779 1063 ratione
800 1036 1035 1077 possumus,
1053 1021 1210 1061 mederi
1226 1022 1548 1077 nobismetipsis,

125 1088 169 1120 et
199 1079 440 1119 domesticae
471 1079 685 1120 subvenire
715 1078 954 1119 calamitati.
1015 1078 1059 1118 Si
1088 1077 1214 1127 enim,
1245 1078 1409 1133 quoties
1448 1094 1548 1119 usu-

129 1135 251 1184 venit,
269 1135 555 1176 consuluimus
579 1135 740 1185 ceteris,
761 1149 835 1176 cur
856 1149 937 1175 non
959 1133 1180 1197 aliquando
1202 1135 1321 1174 nobis
1344 1134 1466 1189 ipsis?
1489 1143 1547 1186 et,

128 1191 162 1232 si
192 1191 314 1241 mala,
337 1206 429 1246 quae
461 1205 535 1232 nec
566 1192 696 1242 vitari,
719 1205 792 1231 nec
823 1191 949 1231 averti
973 1189 1166 1231 humanis
1185 1190 1337 1230 viribus
1358 1200 1548 1246 possunt,

128 1247 376 1302 pertulimus
407 1248 644 1298 toleranter,
675 1262 751 1288 cur
779 1261 862 1287 non
893 1261 955 1297 ea,
977 1247 1010 1287 si
1042 1261 1278 1301 possumuS,
1301 1248 1459 1288 ratione
1490 1247 1549 1287 le-

127 1304 239 1344 v'iora
257 1303 487 1344 faciamus?
520 1304 748 1358 praesertirn
769 1317 867 1344 cum
888 1303 941 1343 ad
961 1302 1245 1357 aegritudineS,
1266 1314 1308 1343 et
1337 1304 1551 1344 molestias

128 1359 392 1415 depellendas
420 1374 470 1400 eo
500 1361 634 1400 acrius
665 1360 904 1401 incumbere
926 1359 1117 1399 homines
1139 1359 1331 1409 debeant,
1353 1374 1438 1415 quo
1459 1375 1551 1401 me-

128 1416 208 1457 lius
237 1426 314 1466 est,
345 1416 432 1456 sine
461 1431 561 1457 cura
586 1417 729 1466 vivere,
750 1431 877 1471 quam
907 1416 1030 1465 curis,
1050 1424 1091 1455 et
1121 1415 1350 1470 angoribus
1380 1430 1551 1471 oppres·

127 1487 236 1522 sum,
267 1487 314 1513 ac
343 1474 685 1523 circumventum,
707 1473 933 1512 humanam
962 1471 1263 1519 conditionem,
1284 1471 1383 1512 satis
1406 1486 1480 1527 per
1507 1487 1552 1513 se

127 1529 337 1578 miseram,
368 1528 458 1568 aliis
486 1529 612 1568 etiam
646 1528 924 1568 incommodis
953 1528 1112 1568 efficere
1141 1527 1416 1568 miseriorem.
1451 1528 1553 1584 quid

127 1599 251 1638 porro
282 1584 559 1648 praestantius,
582 1585 683 1639 quid
714 1584 857 1625 utilius
888 1593 964 1633 est,
984 1598 1126 1647 quam,
1147 1598 1244 1624 cum
1275 1598 1453 1639 corpore
1482 1600 1552 1625 va-

125 1641 224 1690 leas‚
244 1655 403 1690 curare,
426 1650 471 1681 ut
499 1641 625 1681 etiam
655 1641 794 1681 animo
816 1640 949 1680 valere
976 1640 1107 1695 possis
1126 1641 1138 1679 ?
1172 1640 1380 1695 siquidem
1402 1655 1552 1704 corpus

125 1697 254 1737 animi
289 1697 589 1751 gubernaculo,
623 1697 786 1737 animus
820 1705 959 1737 autem
992 1696 1223 1736 ministerio
1262 1697 1448 1751 corporis
1488 1697 1553 1737 in-

127 1753 260 1808 diget.
281 1762 323 1793 at
349 1766 484 1817 neque
516 1753 677 1793 animus
705 1767 816 1808 aeger
843 1753 949 1792 bene
970 1752 1236 1807 gubernabit,
1258 1766 1334 1793 nec
1355 1753 1553 1794 affectum

127 1823 279 1864 corpus
299 1810 425 1849 animi
447 1817 556 1848 recte
578 1809 767 1873 parebit
757 1809 947 1864 lmperio.
1007 1809 1296 1865 Quamobrem
1328 1808 1555 1864 prudenter

126 1880 152 1906 a
171 1865 305 1905 doctis
322 1874 365 1905 et
389 1865 642 1919 sapientibus
665 1864 758 1905 viris
790 1875 831 1905 et
851 1865 1103 1919 cogitatum,
1124 1873 1166 1904 et
1195 1864 1354 1905 factum
1382 1875 1459 1915 est,
1482 1865 1556 1921 qui

127 1921 180 1962 de
214 1921 332 1962 luctu
363 1921 592 1961 minuendo
628 1932 724 1962 ante
759 1936 834 1961 nos
866 1921 1146 1976 scripserunt:
1178 1935 1359 1984 quorum
1392 1931 1555 1962 exstant

125 1979 224 2018 satis
255 1977 400 2027 multa,
432 1991 528 2017 sane
559 1978 763 2032 sapienter
793 1977 939 2017 litteris
970 1977 1182 2027 mandata,
1212 1992 1252 2017 m
1281 1977 1510 2033 primisque
1531 1992 1556 2018 a

124 2033 434 2088 Theophrasto,
465 2034 715 2083 Xenocrate,
747 2043 790 2074 et
821 2033 1054 2074 Crantore.
1087 2048 1266 2088 quorum
1297 2034 1425 2074 libros
1456 2048 1555 2075 cum

125 2103 238 2144 saepe
270 2090 396 2129 animi
424 2103 549 2130 causa
568 2090 841 2130 sumserimus
862 2090 903 2130 in
926 2104 1089 2139 mamm,
1110 2089 1303 2130 admirati
1322 2104 1469 2130 eorum
1490 2105 1556 2130 sa-

125 2146 362 2186 luberrimis
381 2145 601 2200 praeceptis
622 2146 833 2195 refertam,
850 2155 892 2186 et
912 2145 1123 2186 conditam
1147 2145 1447 2201 eloquentiam,
1464 2156 1556 2188 tum

127 2201 316 2257 proxime
347 2202 527 2256 legimus
557 2202 805 2242 necessario
826 2216 946 2243 casus
976 2202 1088 2242 enim
1119 2211 1272 2256 ereptae
1303 2202 1423 2242 nobis
1446 2202 1556 2253 filiae,

127 2271 253 2312 quam
283 2258 325 2298 in
355 2257 487 2309 oculis
518 2258 767 2309 ferebamus,
788 2258 949 2298 eximiis
980 2268 1023 2298 et
1051 2258 1229 2307 virtutis,
1249 2268 1292 2298 et
1320 2258 1557 2312 prudentiae

127 2313 320 2354 laudibus
347 2322 628 2368 praestantem,
650 2314 708 2354 ita
729 2328 804 2354 nos
832 2314 894 2354 vel
921 2314 1113 2368 perculit,
1133 2314 1197 2354 vel
1226 2313 1395 2355 afflixit:
1426 2324 1473 2355 ut
1503 2315 1556 2355 ab

126 2369 177 2410 iis
207 2383 330 2433 opem
364 2369 416 2410 ad
444 2369 699 2434 leniendum,
722 2381 764 2411 et
785 2370 1065 2424 mitigandum
1085 2370 1274 2411 dolorem
1295 2380 1436 2426 petere
1457 2386 1555 2413 coa-

128 2425 186 2466 cti
215 2425 359 2475 simus,
379 2440 560 2480 quorum
587 2427 767 2466 maxime
795 2426 999 2476 doctrina,
1021 2435 1149 2482 atque
1169 2427 1417 2467 auctoritate
1436 2437 1559 2469 antea

129 2481 413 2521 movebamur.
475 2483 621 2545 Itaque
649 2482 797 2533 multa,
818 2498 910 2537 quae
937 2483 990 2523 ab
1014 2483 1093 2524 illis
1121 2482 1184 2523 vel
1211 2492 1331 2523 acute
1357 2483 1557 2537 cogitata,

127 2537 193 2577 vel
213 2536 428 2592 eleganter
448 2539 662 2579 enuntiata
684 2548 793 2588 sunt,
814 2538 867 2579 ad
888 2538 1077 2579 dolorem
1099 2548 1289 2580 nostrum
1313 2539 1557 2594 abstergen-

129 2592 233 2633 dum
263 2593 538 2657 colligemUS.
568 2604 630 2645 ut,
651 2594 684 2635 si
713 2595 852 2635 minus
882 2606 1044 2636 ceteros
1074 2595 1116 2636 in
1143 2604 1261 2636 tanto
1283 2609 1464 2636 moerore
1484 2594 1558 2635 de-

129 2648 283 2690 lectare
315 2649 560 2712 poterimu3‚
589 2650 704 2705 quod
735 2651 834 2691 alias
864 2659 906 2691 et
935 2651 1128 2702 dicendo,
1150 2660 1191 2691 et
1221 2651 1442 2692 scribendo
1468 2651 1556 2691 effi-

130 2719 224 2745 cere
245 2705 385 2745 conati
413 2720 572 2756 sumuS,
593 2715 636 2747 et
661 2707 837 2747 fortasse
864 2706 1074 2748 interdum
1103 2707 1388 2763 praestitimus,
1410 2707 1558 2747 saltem

132 2761 253 2803 nobis
284 2761 381 2815 ipsis
401 2761 657 2803 medeamur.
716 2762 798 2803 Sed
829 2776 905 2803 nos
935 2763 1062 2804 etiam
1092 2764 1134 2804 in
1163 2763 1245 2803 hoc
1264 2763 1456 2804 fortiores
1478 2763 1559 2803 eri-

127 2831 240 2868 mus,
261 2832 388 2874 quam
415 2817 556 2869 ceteri,
577 2818 730 2873 quibus
759 2818 925 2860 difficile
952 2834 1035 2860 non
1062 2819 1156 2869 fuit,
1185 2834 1282 2860 cum
1309 2819 1464 2860 doloris
1485 2833 1556 2863 ex-

852 2888 980 2929 304
