1844 3202
619 113 800 151 LIBER
838 112 1074 152 PRIMUS.
1486 116 1561 154 623

159 223 332 279 lumque
359 221 438 265 sibi
469 221 653 264 dedicari
686 221 728 263 in
754 234 806 263 eo
837 220 934 262 loco
960 219 1159 277 jusserit:
1191 227 1235 262 et
1255 221 1451 273 Athenis,
1473 237 1559 265 non

127 235 255 335 longe
277 279 378 320 item
400 294 425 320 a
445 286 517 320 tua
537 278 609 319 illa
629 278 802 334 antiqua
819 277 964 329 domo,
981 277 1224 333 Orithyiam
1240 278 1399 334 Aquilo
1417 289 1557 322 sustu-

125 335 250 378 lerit:
281 335 340 377 sic
375 335 487 376 enim
520 345 584 376 est
614 333 829 376 traditum.
889 333 982 375 Att.
1014 334 1232 390 Quorsum
1267 334 1452 385 tandem,
1483 339 1593 378 aut4

123 405 200 433 cur
220 391 299 434 ista
319 392 498 448 quaeris?
541 392 607 432 M.
627 390 749 432 Nihil
771 405 884 442 sane,
902 390 979 432 nisi
1001 405 1052 431 ne
1073 390 1195 430 nimis
1217 389 1440 447 diligenter
1464 399 1478 427 7
1492 391 1556 432 in·

123 447 263 504 quiras
283 448 325 488 in
345 462 406 499 ea,
428 462 521 503 quae
544 448 625 489 isto
647 447 777 488 modo
798 447 1013 488 memoriae
1036 446 1119 487 sint
1139 447 1318 502 prodita.
1359 447 1453 488 Att.
1473 448 1555 488 At·

121 504 195 561 qui
224 503 360 545 multa
389 515 635 560 quaeruntur
664 504 707 544 in
737 504 893 554 Mario,
925 504 1088 554 fictane,
1114 517 1165 544 an
1196 517 1290 544 vera
1319 503 1428 545 sint:
1459 512 1502 544 et
1531 518 1557 545 a

121 560 350 611 nonnullis,
381 561 498 617 quod
529 570 571 602 et
599 561 642 601 in
673 560 828 601 recenti
858 560 1075 610 memoria,
1106 568 1150 601 et
1178 559 1220 600 in
1250 559 1444 616 Arpinati
1474 559 1556 601 ho-

120 617 249 667 mine,
275 617 370 658 evel
402 617 596 658 severitas
626 631 651 658 a
680 627 723 658 te
752 616 1003 672 postulatur.
1078 617 1145 657 M.
1183 617 1239 656 Et
1270 631 1339 659 me
1369 616 1553 667 hercule,

127 681 146 708 9
162 687 244 729 ego
257 687 326 715 me
342 673 468 729 cupio
482 688 565 715 non
579 673 827 715 mendacem
844 673 1000 728 putari:
1018 672 1090 713 sed
1105 682 1247 713 tamen
1261 672 1452 714 nonnulli
1469 672 1554 724 isti,

117 729 230 780 Tite,
250 730 410 771 faciunt
438 730 645 786 imperite,
674 730 746 787 qui
772 738 808 762 10
824 730 865 770 in
885 730 966 771 isto
985 729 1174 784 periculo
1196 743 1281 770 non
1301 737 1348 771 ut
1367 744 1392 770 a
1411 734 1552 784 poeta,

118 785 194 827 sed
219 793 267 827 ut
296 801 321 827 a
349 794 470 837 teste,
491 787 705 828 veritatem
736 786 922 842 exigant.
952 800 1029 828 nec
1057 785 1205 836 dubio,
1226 785 1326 840 quin
1348 785 1490 837 iidem,
1510 795 1554 826 et

116 857 216 884 cum
238 842 392 898 Egeria
412 842 673 884 collocutum
693 844 899 893 Numam,
915 851 956 883 et
978 842 1030 883 ab
1052 842 1193 898 aquila
1212 841 1442 898 Tarquinio
1462 841 1554 897 api-

116 912 210 940 cem
242 898 490 955 impositum
518 908 684 955 putent.
741 901 797 956 Q.
829 899 1044 955 Intelligo,
1064 907 1120 950 te,
1142 900 1281 950 frater,
1301 898 1403 940 alias
1423 898 1465 939 in
1485 898 1551 939 hi-

115 955 246 997 storia
261 954 378 1011 leges
394 956 672 998 observandas
693 966 855 1011 putare,
868 956 969 998 alias
989 956 1030 997 in
1051 961 1264 1011 poemate.
1295 956 1362 996 M.
1379 954 1584 1012 Quippe5

115 1025 215 1052 cum
238 1020 270 1044 ¹¹
291 1012 334 1053 in
355 1012 428 1053 illa
447 1012 500 1053 ad
519 1013 750 1064 veritatem,
770 1012 946 1069 Quinte,
963 1012 1210 1062 referantur,
1232 1012 1273 1052 in
1296 1011 1378 1053 hoc
1398 1011 1453 1052 ad
1474 1011 1549 1052 de-

115 1067 388 1111 lectationem
418 1069 631 1125 pleraque.
663 1083 920 1125 quamquam
952 1078 995 1110 et
1024 1068 1137 1123 apud
1168 1068 1454 1118 Herodotum,
1473 1082 1549 1123 pa-

114 1132 224 1221 {relm
246 1124 445 1176 historiae,
468 1133 510 1166 et
529 1125 644 1181 apud
663 1125 994 1180 Theopompum
1015 1133 1114 1166 sunt
1138 1125 1464 1166 innumerabiles
1484 1125 1549 1165 fa-

146 1196 172 1221 u
191 1196 241 1222 ae.

158 1236 262 1281 Art.
292 1237 451 1287 Teneo,
473 1250 599 1293 quam
623 1237 839 1292 optabam,
860 1235 1142 1287 occasionem,
1172 1250 1306 1292 neque
1336 1236 1544 1278 omittam.
1561 1235 1592 1282 Ε).

113 1291 179 1333 Μ.
211 1294 351 1350 Quam
382 1293 569 1345 tandem,
598 1294 724 1334 Tite?
769 1294 861 1335 Att.
896 1292 1137 1335 postulatur
1165 1308 1189 1334 a
1216 1302 1257 1333 te
1280 1293 1461 1349 jamdiu,
1486 1293 1548 1335 vel

111 1349 324 1404 flagitatur
342 1350 481 1405 potius
502 1349 689 1392 historia.
720 1350 779 1392 sic
808 1350 918 1392 enim
940 1357 1105 1405 putant,
1129 1359 1169 1390 te
1189 1348 1305 1390 illam
1327 1357 1545 1401 tractante,

108 1405 217 1447 effici
238 1420 376 1462 posse,
396 1415 443 1447 ut
474 1407 517 1447 in
542 1407 622 1447 hoc
654 1407 781 1448 etiam
809 1421 963 1462 genere
993 1406 1170 1447 Graeciae
1198 1406 1300 1446 nihil
1329 1406 1543 1448 cedamus.

107 1461 266 1517 Atque,
287 1471 334 1504 ut
353 1463 510 1512 audias,
533 1462 632 1519 quid
653 1477 735 1518 ego
764 1463 854 1518 ipse
885 1463 1075 1512 sentiam,
1097 1477 1180 1503 non
1203 1462 1339 1504 solum
1361 1463 1466 1504 mihi
1486 1464 1544 1505 vi-
1554 1477 1585 1508 p.
1602 1474 1672 1503 157⁴

106 1517 217 1559 deris
242 1534 389 1560 eorum
417 1519 578 1570 studiis,
601 1520 672 1575 qui
689 1520 838 1561 litteris
859 1519 1138 1570 delectantur,
1158 1519 1228 1560 sed
1249 1520 1378 1561 etiam
1397 1520 1542 1575 patriae
1553 1520 1583 1542 ²³·

107 1573 262 1617 debere
283 1576 365 1617 hoc
387 1591 540 1618 munus
553 1592 566 1627 3
596 1585 644 1617 ut
673 1590 736 1627 ea,
758 1592 853 1632 quae
885 1577 995 1617 salva
1024 1590 1098 1630 per
1124 1585 1165 1616 te
1185 1585 1263 1626 est,
1285 1590 1357 1631 per
1376 1585 1418 1618 te
1439 1591 1542 1617 eun·

106 1630 204 1672 dem
237 1633 291 1674 sit
319 1643 480 1675 ornata.
515 1641 551 1665 12
565 1633 685 1674 abest
713 1634 826 1674 enim
856 1632 1029 1674 historia
1056 1632 1205 1673 litteris
1234 1633 1402 1683 nostris,
1426 1641 1473 1674 ut
1500 1641 1544 1674 et

105 1686 195 1743 ipse
215 1688 424 1745 intellige,
444 1698 486 1731 et
512 1704 563 1731 ex
593 1698 634 1731 te
663 1703 850 1746 persaepe
884 1689 1025 1730 audio.
1055 1697 1176 1743 potes
1199 1697 1340 1730 autem
1368 1699 1416 1730 tu
1443 1704 1541 1744 pro-

105 1743 219 1786 fecto
250 1747 488 1788 satisfacere
514 1746 555 1787 in
587 1761 649 1797 ea,
669 1747 825 1802 quippe
858 1761 957 1787 cum
983 1746 1036 1786 sit
1057 1760 1178 1801 opus,
1199 1755 1248 1786 ut
1268 1746 1345 1786 tibi
1367 1746 1538 1802 quidem

104 1800 235 1842 videri
256 1802 376 1853 solet,
396 1818 530 1844 unum
550 1802 632 1844 hoc
656 1803 885 1844 oratorium
908 1803 1101 1844 maxime.
1148 1803 1440 1844 Quamobrem
1462 1801 1579 1859 aig-6

103 1857 295 1911 gredere,
317 1873 574 1915 quaesumus,
596 1869 639 1900 et
658 1873 776 1900 sume
798 1858 851 1899 ad
872 1858 980 1898 hanc
1002 1872 1088 1898 rem
1112 1866 1297 1914 tempus,
1316 1874 1410 1915 quae
1432 1869 1495 1901 est
1514 1873 1540 1900 a

102 1914 255 1955 nostris
296 1915 536 1956 hominibus
572 1914 711 1956 adhuc
746 1924 818 1956 aut
853 1915 1060 1969 ignorata,
1098 1923 1171 1955 aut
1204 1915 1362 1956 relicta.
1422 1917 1539 1957 Nam

101 1979 200 2024 post
230 1971 400 2012 annales
427 1971 675 2027 pontificum
708 1972 1004 2022 maximorum,
1029 1978 1064 2002 13
1083 1971 1236 2026 quibus
1265 1971 1371 2012 nihil
1398 1981 1539 2026 potest

101 2039 192 2067 esse
205 2027 437 2083 jucundius
457 2045 467 2069 :
499 2028 533 2069 si
552 2038 625 2070 aut
643 2027 697 2069 ad
723 2028 915 2077 Fabium,
937 2037 1009 2068 aut
1031 2026 1084 2068 ad
1103 2042 1218 2078 eum,
1238 2027 1309 2082 qui
1329 2027 1407 2068 tibi
1427 2031 1538 2068 sem-

100 2095 176 2138 per
199 2083 240 2124 in
261 2099 333 2125 ore
353 2094 430 2136 est,
453 2085 678 2135 Catonem,
704 2095 776 2126 aut
804 2084 858 2126 ad
890 2084 1098 2134 Pisonem,
1127 2092 1200 2125 aut
1229 2083 1282 2124 ad
1314 2084 1537 2136 Fannium,

143 2199 159 2230 7
184 2195 317 2237 inquiras
343 2196 373 2225 in
398 2195 444 2235 ea]
475 2197 527 2227 Sic
549 2196 620 2228 edd,
646 2206 691 2236 pr.
716 2197 793 2226 item
837 2202 882 2225 tas
898 2202 1000 2235 potest
1014 2195 1139 2234 requiri.
1175 2194 1274 2234 Igitur
1289 2196 1534 2235 acceperimpo-

98 2236 180 2270 Mss.
195 2246 231 2270 ut
253 2246 284 2269 et
306 2238 413 2270 Guelf.
435 2239 566 2281 anquiris
585 2240 672 2270 dedit
687 2239 793 2271 Victo·
836 2239 898 2269 tius
915 2248 969 2278 pro
985 2238 1104 2268 libello.
1127 2247 1156 2268 v.
1174 2238 1262 2268 Clav.

97 2281 174 2318 tius,
191 2282 264 2312 inde
279 2284 383 2312 ceteri.
881 2289 917 2312 11
943 2282 973 2310 in
996 2280 1050 2310 illa
1065 2280 1107 2310 ad
1123 2280 1280 2311 veritatem
1297 2280 1335 2310 Q.
1354 2280 1532 2321 afferantur]

140 2331 158 2354 8
175 2324 229 2354 vel
239 2324 393 2365 severitas]
410 2324 482 2356 Hoc
498 2335 563 2356 non
579 2326 680 2365 magis
694 2326 788 2364 mihi,
832 2325 899 2355 Aut
926 2323 1020 2354 omnia
1044 2324 1172 2360 excidit,
1197 2330 1252 2354 aut
1277 2333 1332 2362 pro
1356 2323 1466 2353 Quinte
1489 2324 1534 2354 le-

94 2375 194 2405 quam
209 2367 278 2399 aliis
297 2369 370 2399 satis
390 2367 503 2408 placet,
519 2369 575 2407 qui
597 2368 723 2399 malunt
738 2379 791 2398 ve·
833 2368 976 2406 gendum
998 2377 1131 2408 quoeque,
1148 2374 1185 2397 ut
1208 2367 1305 2397 edidit
1325 2366 1486 2404 Davisius,
1501 2374 1534 2399 et

94 2408 180 2440 ritas.
225 2411 263 2442 Et
279 2412 348 2443 edd.
363 2421 409 2452 pr.
425 2412 487 2442 fere
504 2411 622 2442 habent
641 2412 690 2442 sed
709 2412 789 2442 veri·
833 2412 865 2441 in
883 2411 947 2440 Ms.
963 2410 1074 2450 reperit
1091 2410 1238 2440 Ursinus.

93 2457 141 2480 tas
155 2464 174 2481 a
189 2459 216 2482 te
227 2454 401 2493 postulatur.
424 2464 535 2484 verum
551 2455 648 2485 etiam
668 2454 718 2484 sed
737 2456 790 2485 de·
879 2461 916 2484 12
940 2452 1019 2483 abest
1041 2453 1160 2482 historia
1184 2452 1290 2481 litteris
1305 2450 1420 2490 nostris]
1438 2452 1465 2482 I.
1482 2452 1531 2482 hi-

94 2493 241 2527 lendum.
264 2497 404 2527 severitas
422 2505 530 2528 tamen
545 2498 703 2528 consentit
717 2507 787 2538 sqq.
830 2497 924 2527 storia
939 2506 1005 2526 non
1019 2504 1067 2526 est
1081 2502 1211 2526 tractata
1227 2495 1311 2525 libris
1328 2494 1443 2525 latinis.
1480 2495 1532 2524 Li-

93 2547 129 2567 ne
144 2537 230 2568 nimis
244 2538 397 2579 diligenter
412 2540 543 2582 inquiras
560 2542 617 2570 &c.
829 2539 875 2569 bri
899 2539 1032 2578 quidam
1054 2538 1145 2576 adest,
1171 2539 1254 2568 unde
1277 2539 1378 2568 facere
1400 2538 1530 2568 voluere

138 2588 156 2613 9
179 2592 228 2621 ego
244 2592 287 2610 me
302 2582 395 2622 cupio]
421 2584 534 2613 Addidi
552 2593 607 2619 me,
623 2593 640 2613 e
657 2583 736 2613 Mss-
754 2583 787 2613 ln
830 2581 916 2613 deest.
939 2583 1062 2612 frustra.

92 2622 142 2653 his
158 2624 265 2655 Guelf.
281 2631 311 2654 et
326 2625 395 2656 edd.
410 2632 482 2656 vett.
499 2625 571 2656 Aldi
589 2627 648 2657 &c.
874 2631 910 2655 13
935 2623 1037 2666 quibus
1063 2623 1140 2654 nihil
1158 2629 1250 2663 potest
1279 2633 1334 2652 esse
1350 2619 1523 2661 jucundius]

138 2671 176 2697 10
200 2667 230 2696 in
248 2667 302 2696 isto
319 2667 460 2707 periculo]
476 2669 649 2708 Accipiunt
663 2669 785 2708 experi—
830 2668 1003 2698 Quomodo
1022 2667 1159 2705 jucundi
1176 2666 1221 2696 illi
1237 2665 1391 2696 annales?
1418 2666 1459 2694 ita
1481 2671 1528 2694 te-

94 2715 242 2740 mentum
258 2712 330 2741 artis
346 2711 477 2750 poeticae
492 2718 523 2742 et
537 2712 694 2743 facultatis
708 2723 715 2740 :
731 2711 785 2742 sed
828 2711 933 2740 nuiter
950 2710 1066 2749 scripti.
1112 2710 1172 2740 Sed
1187 2718 1299 2740 omnes
1322 2708 1391 2737 libri
1414 2708 1446 2736 in
1470 2706 1527 2739 illo

93 2751 174 2780 mihi
188 2752 243 2782 hic
257 2763 368 2785 sensus
385 2763 449 2784 non
469 2755 541 2784 satis
557 2761 647 2794 aptus
663 2755 786 2785 videtur
827 2754 923 2784 verbo
938 2753 1154 2790 consentiunt,
1168 2753 1255 2791 quod
1270 2751 1352 2780 varie
1367 2756 1526 2780 tentatum

46 2809 51 2813 ·
91 2794 131 2824 ad
150 2794 305 2834 reliquam
325 2797 527 2827 sententiam.
550 2797 696 2836 perfectio
712 2798 784 2828 artis
828 2803 874 2826 est
897 2806 915 2826 a
936 2797 1009 2826 viris
1025 2796 1135 2827 doctis.
1158 2795 1239 2826 mi'ni
1256 2794 1394 2834 placent,
1410 2793 1464 2832 qui
1480 2793 1528 2835 inq

90 2836 124 2866 in
141 2837 281 2876 periculo
301 2839 356 2872 tau
378 2847 444 2872 non
466 2839 644 2881 requiritur,
661 2847 693 2872 at
707 2840 786 2872 veri·
820 2839 977 2879 jucundius
992 2838 1114 2878 legunt.
