1844 3202
268 87 343 124 568
756 83 833 123 DE
870 85 1204 124 PETITIONE

269 207 352 249 que
382 192 523 233 animo
555 192 621 243 sit,
651 203 696 234 111
726 202 767 234 01
798 202 1003 249 quantum
1035 194 1188 250 cuique
1217 194 1417 244 confidas,
1446 193 1698 236 constituere

267 248 419 304 possis.
477 250 571 290 Jam
595 249 875 291 deductorum
903 250 1103 299 officium,
1125 266 1209 305 quo
1231 251 1366 306 majus
1388 260 1465 300 est,
1487 266 1612 306 quam
1635 265 1700 291 sa-

270 306 517 356 lutatorum,
538 306 620 347 1100
647 306 809 361 gratius
835 306 911 346 tibi
942 321 1031 347 esse
1061 306 1295 360 significato
1326 317 1452 362 atque
1474 306 1702 358 ostendito,

269 370 327 413 et,
349 362 490 418 quoad
519 363 609 417 ejus
643 363 729 404 fieri
759 362 928 417 poterit,
951 362 1074 403 certis
1104 363 1365 417 temporibus
1388 372 1424 395 41
1444 362 1701 405 descendite.

269 433 470 473 magnam
504 419 624 459 affert
653 419 910 474 opinionem,
942 433 1139 473 magnam
1176 419 1425 473 dignitatem
1460 419 1705 476 quotidiana

270 476 313 517 in
340 475 590 516 deducendo
612 474 859 530 frequentia.
919 475 1060 515 Tertia
1085 484 1149 515 est
1173 489 1224 515 ex
1254 474 1335 516 hoc
1360 491 1515 531 genere
1536 475 1704 519 assidua

273 540 576 574 assectatorum
599 532 734 585 copia.
766 530 807 571 in
828 545 878 571 ea
899 546 1005 586 quos
1028 530 1282 572 voluntarios
1310 531 1499 583 habebis,
1521 547 1636 583 cura,
1657 541 1706 573 ut

273 587 525 642 intelligant,
547 596 588 628 te
617 587 696 628 sibi
726 587 769 627 in
799 596 1049 642 perpetuum
1082 601 1249 628 summo
1279 587 1482 630 beneficio
1508 588 1705 643 obligari.

274 645 346 700 qui
375 652 517 684 autem
547 643 623 684 11111
653 643 823 695 debent,
845 645 897 684 ab
925 643 973 684 iis
1001 644 1124 699 plane
1154 643 1235 684 hoc
1266 658 1418 685 munus
1447 645 1600 700 exige:
1633 645 1707 700 qui

272 716 348 757 per
369 709 537 741 aetatem
560 715 608 741 ac
630 701 849 756 negotium
873 709 1086 756 poterunt,
1104 700 1182 755 ipsi
1203 709 1343 741 tecum
1364 710 1412 741 ut
1432 701 1588 742 assidui
1610 701 1706 742 sint.

274 757 346 813 qui
376 757 455 812 ipsi
489 758 637 797 sectari
668 773 751 798 non
783 766 996 811 poterunt,
1020 756 1275 797 necessarios
1306 772 1405 798 suos
1436 758 1477 797 in
1503 757 1584 798 1100
1610 773 1707 798 mu-

274 828 371 855 nere
397 814 667 854 constituant.
698 813 817 855 valde
846 828 927 869 ego
957 824 999 854 te
1031 813 1140 864 volo,
1163 822 1205 854 et
1224 813 1277 854 ad
1299 828 1386 854 rem
1409 814 1616 869 pertinere
1642 828 1707 854 ar-

272 870 421 920 bitror,
443 885 605 925 semper
632 885 730 912 cum
760 870 1030 911 multitudine
1059 884 1161 910 esse.
1193 879 1396 924 praeterea
1425 885 1624 926 magnam
1646 870 1708 911 af-

274 928 356 967 fert
376 926 561 977 laudem,
584 935 626 966 et
646 941 856 967 summam
879 926 1144 982 dignitatem,
1167 927 1200 966 si
1222 926 1250 966 ii
1271 935 1411 967 tecum
1433 936 1570 977 erunt,
1592 926 1665 981 qui
1685 940 1710 966 a

218 996 221 998 ·
274 992 317 1024 te
334 982 509 1033 defensi,
531 982 573 1023 et
593 983 665 1038 qui
686 997 759 1038 per
778 992 819 1023 te
840 983 1004 1033 servati,
1023 997 1070 1023 ac
1086 981 1258 1046 judiciis
1275 982 1437 1024 liberati
1455 991 1565 1024 sunt.
1600 983 1708 1023 Haec

198 1206 265 1254 10

151 1560 269 1593 pan.

215 2509 277 2556 11

273 1050 322 1081 111
349 1039 471 1094 plane
504 1039 557 1079 ab
587 1038 635 1080 iis
668 1038 896 1094 postulato,
920 1048 967 1080 ut
989 1053 1191 1095 quonlam
1219 1039 1333 1079 nulla
1360 1040 1549 1095 impensa
1574 1053 1648 1094 per
1670 1048 1711 1079 te

274 1095 343 1137 alii
366 1110 470 1146 rem,
492 1096 562 1136 alii
582 1095 862 1146 honestatem,
882 1095 951 1136 alii
972 1095 1151 1137 salutem
1179 1110 1227 1136 ac
1256 1096 1445 1136 fortunas
1467 1110 1613 1137 omnes
1633 1095 1710 1136 ob-

274 1153 505 1202 tinuerunt,
528 1166 603 1192 1100
631 1152 747 1193 aliud
779 1152 911 1194 ullum
942 1162 1110 1208 tempus
1132 1153 1321 1193 futurum
1343 1153 1411 1203 sit,
1433 1153 1507 1193 ubi
1537 1152 1613 1195 tibi
1643 1166 1707 1193 re-

277 1210 382 1250 ferre
411 1210 592 1264 gratiam
624 1210 800 1264 possint,
823 1208 905 1250 hoc
938 1218 977 1250 te
1008 1209 1147 1250 officio
1178 1218 1459 1250 remunerent.
1519 1210 1573 1250 Et
1604 1223 1708 1264 quo-

277 1265 388 1306 niam
413 1266 453 1305 in
476 1265 708 1306 amicorum
732 1265 881 1306 studiis
903 1265 994 1306 haec
1015 1266 1151 1307 omnis
1174 1266 1279 1306 ratio
1300 1274 1485 1307 versatur
1504 1283 1513 1306 :
1545 1266 1618 1321 qui
1647 1265 1712 1306 lo-

277 1337 350 1362 cus
379 1321 421 1362 in
447 1322 529 1362 1100
550 1336 705 1377 genere
725 1322 931 1363 cavendus
953 1322 1019 1373 sit,
1042 1322 1450 1377 praetermittendum
1483 1337 1568 1363 non
1598 1321 1713 1362 vide-

276 1387 359 1419 tur.
408 1378 581 1419 Fraudis
603 1387 727 1434 atque
749 1379 1008 1429 insidiarum,
1029 1389 1072 1420 et
1093 1379 1275 1433 pcrfidiae
1296 1379 1419 1434 plena
1440 1388 1537 1420 sunt
1558 1378 1715 1420 omnia.

278 1450 362 1476 non
394 1444 456 1476 est
486 1435 612 1491 hujus
635 1435 838 1490 temporis
860 1443 1063 1491 perpetua
1085 1435 1156 1476 illa
1177 1435 1229 1476 de
1248 1435 1330 1476 1100
1352 1450 1506 1490 genere
1527 1435 1715 1490 disputa-

280 1491 358 1541 tio,
390 1492 543 1547 quibus
577 1492 700 1533 rebus
736 1492 963 1532 benevolus
996 1500 1038 1532 et
1068 1492 1289 1532 simulator
1318 1492 1539 1547 dijudicari
1570 1491 1716 1547 possit.

282 1557 448 1589 tantum
485 1557 548 1588 est
582 1548 707 1604 hujus
744 1549 945 1603 temporis
979 1548 1220 1589 admonere.
1281 1549 1457 1589 Summa
1486 1557 1558 1589 tua
1586 1547 1716 1589 virtus

281 1604 454 1646 eosdem
484 1604 675 1645 homines
707 1613 750 1645 et
780 1604 978 1644 simulare
1005 1604 1082 1644 tibi
1103 1619 1146 1644 se
1166 1619 1255 1644 esse
1277 1605 1449 1655 amicos,
1471 1613 1512 1645 et
1534 1604 1716 1644 invidere

282 1661 439 1716 coegit.
499 1661 791 1716 Quamobrem
817 1663 1084 1717 Ἐπιχαςμεῖον
1106 1660 1212 1701 illud
1234 1668 1392 1711 teneto,
1414 1676 1560 1702 nervos
1589 1669 1716 1716 atque

282 1726 398 1759 artus
427 1732 516 1758 esse
546 1718 777 1772 sapientiae,
799 1732 883 1757 non
915 1726 1072 1757 temere
1103 1717 1286 1758 credere.
1345 1719 1401 1758 Et
1421 1732 1521 1758 cum
1542 1726 1714 1758 tuorum

282 1774 520 1815 amicorum
552 1774 692 1815 studia
720 1773 1003 1824 constitueris,
1026 1783 1117 1814 tum
1149 1774 1275 1814 etiam
1299 1774 1630 1816 obtrectatorum
1653 1783 1719 1815 at-

284 1845 366 1887 que
386 1830 718 1871 adversariorum
738 1831 919 1872 rationes
945 1839 988 1871 et
1016 1844 1170 1885 genera
1189 1831 1452 1885 cognoscito.
1512 1831 1620 1871 Haec
1643 1830 1721 1871 tria

285 1897 402 1929 sunt:
435 1902 566 1928 unum
591 1902 640 1927 ex
661 1888 725 1938 iis,
745 1902 849 1942 quos
871 1886 1040 1927 laesisti:
1071 1886 1266 1937 alterum,
1288 1887 1361 1942 qui
1382 1887 1468 1928 sine
1488 1901 1614 1928 causa
1634 1900 1718 1927 non

285 1953 428 1985 amant
447 1962 456 1985 ε
488 1944 675 1993 1011111111,
696 1944 769 2000 qui
790 1944 1122 1998 competitorum
1143 1942 1261 1984 valde
1284 1943 1409 1984 amici
1429 1952 1539 1984 sunt.
1599 1944 1720 1999 Quos

284 2001 444 2051 laesisti,
466 2015 567 2041 cum
596 2008 744 2041 contra
773 2015 844 2041 eos
872 2014 949 2054 pro
978 1999 1115 2040 amico
1136 1999 1312 2050 diceres,
1331 1999 1397 2040 his
1415 2008 1457 2040 te
1478 1999 1600 2054 plane
1619 2014 1720 2055 pur-

286 2065 413 2113 gato:
447 2056 775 2098 necessitudines
793 2065 1149 2098 commemorato:
1172 2056 1213 2096 in
1235 2070 1351 2111 spem
1372 2055 1596 2106 adducit03
1619 2066 1661 2097 te
1676 2055 1721 2096 in

286 2128 434 2155 eorum
465 2113 606 2164 rebus,
633 2113 667 2153 si
697 2128 740 2153 se
767 2113 809 2153 in
837 2112 1067 2154 amicitiam
1093 2112 1364 2163 contulerint,
1384 2112 1474 2167 pari
1495 2111 1635 2153 studio
1657 2120 1721 2153 at-

288 2184 372 2226 que
392 2169 530 2211 officio
553 2169 741 2210 futurum
763 2186 772 2210 :
803 2168 1027 2225 spondetO.
1087 2169 1174 2233 Qui
1203 2169 1292 2209 sine
1317 2183 1442 2209 causa
1462 2183 1545 2210 non
1565 2176 1722 2220 amant,

289 2241 362 2268 eos
389 2236 462 2267 aut
488 2225 705 2276 beneficio,
728 2234 802 2266 aut
828 2240 916 2280 spe,
937 2233 1012 2267 aut
1033 2233 1072 2256 ⁴⁴2
1090 2225 1366 2281 slgnificando
1399 2233 1472 2266 tua
1501 2238 1602 2280 erga
1628 2223 1725 2266 illos

291 2283 429 2325 studia
450 2282 606 2333 futura,
627 2282 817 2333 delinito,
839 2282 941 2323 dans
963 2296 1150 2337 operam,
1170 2290 1218 2323 ut
1247 2281 1299 2322 de
1331 2280 1402 2322 illa
1431 2280 1559 2321 animi
1585 2280 1722 2336 pravi-

290 2347 378 2381 tate
400 2339 597 2380 deducas.
657 2340 855 2381 Quorum
877 2338 1068 2380 voluntas
1088 2338 1165 2379 erit
1186 2338 1260 2379 abs
1286 2346 1328 2379 te
1357 2346 1529 2392 propter
1549 2351 1724 2393 compe-

291 2395 469 2438 titorum
488 2395 692 2436 amicitias
713 2395 899 2446 alienior,
914 2394 979 2435 his
996 2409 1166 2450 quoque
1184 2394 1331 2435 eadem
1353 2393 1502 2434 inservi
1521 2392 1726 2444 oratione,

293 2467 378 2509 qua
398 2451 683 2507 superioribus
702 2468 710 2489 τ
733 2460 788 2501 01,
811 2451 844 2492 51
865 2451 1044 2506 probare
1065 2451 1235 2506 poteris,
1254 2459 1296 2491 te
1317 2449 1360 2490 in
1381 2464 1453 2491 eos
1474 2449 1586 2505 ipsos
1607 2464 1726 2491 com-

295 2509 493 2564 petitores
522 2517 617 2549 tuos
647 2507 851 2549 benevolo
880 2521 970 2548 esse
994 2507 1135 2548 animo
1155 2505 1381 2548 ostendito.
1440 2507 1653 2563 Quoniam
1674 2505 1728 2549 de

295 2565 490 2607 amicitiis
511 2563 815 2606 constituendis
838 2563 936 2604 satis
956 2563 1116 2605 dictum
1137 2571 1214 2613 est,
1234 2562 1462 2603 dicendum
1490 2561 1542 2603 de
1567 2561 1639 2603 illa
1666 2562 1728 2604 al-

297 2631 386 2663 tera
415 2630 533 2677 parte
565 2620 793 2677 petitioniS,
814 2635 909 2675 quae
934 2619 976 2660 in
1005 2618 1199 2676 populari
1227 2619 1388 2661 ratione
1410 2626 1608 2660 versatur.
1666 2620 1729 2660 Ea

337 2735 376 2759 41
402 2727 570 2767 descendite]
599 2728 636 2758 In
661 2728 779 2763 forum,
804 2735 868 2765 quo
894 2726 992 2756 dedu·
1036 2723 1082 2764 ra]
1118 2726 1155 2755 In
1187 2725 1249 2755 ΜΞ.
1277 2726 1409 2764 antiquo
1437 2725 1591 2756 Corradus
1620 2724 1733 2764 reperit

295 2781 376 2802 care.
1035 2767 1222 2807 signficando
1246 2774 1292 2796 tuo
1315 2779 1383 2808 erga
1401 2767 1463 2798 illos
1486 2767 1577 2798 studio
1599 2766 1730 2804 delinito,

339 2822 379 2845 42
402 2813 600 2854 sig›1fi‹-ando,
616 2820 667 2842 tua
682 2823 750 2852 erga
763 2812 784 2842 ι’.
799 2811 899 2842 studia
900 2811 991 2852 futu·
1036 2811 1121 2851 quod
1137 2810 1341 2851 praetulerim.
