1844 3202
252 89 330 132 948
625 84 686 122 Μ.
719 84 936 122 TULLII
973 84 1307 125 CICERONIS

252 192 522 243 Denudatfoliis
538 208 646 231 ramos
663 201 696 232 et
712 195 828 233 cortice
845 204 988 233 truncos.
1026 235 1028 237 ,

255 247 358 284 Hunc
372 257 514 299 propter,
531 247 703 298 subterque
715 248 812 299 pedes
829 263 907 299 quos
925 249 1072 287 divimus
1089 258 1183 295 ante,

258 299 374 337 Orioni
381 301 478 348 jacet
496 301 616 352 levipes
638 302 759 352 Lepus.
781 301 943 351 bicfugit
962 303 1046 339 ictus

255 353 436 399 Horrificos
454 362 594 391 metuens
616 356 713 392 rostri
733 355 965 392 tremebundus
981 355 1084 392 acuti.

256 407 351 444 Ram
375 408 477 446 Canis
495 409 610 468 infesto
628 409 775 459 sequitur
785 409 937 457 vestigia
955 421 1069 452 cursu,

254 461 529 511 Praecipitantem
548 462 698 511 agitans,
718 475 820 497 oriens
828 476 907 508 7am
924 460 1062 512 denique
1076 461 1193 511 paullo

258 514 471 552 Curriculum
491 528 670 565 numquam
689 514 810 563 defesso
826 528 953 565 corpore
971 514 1100 552 sedans.

253 569 306 606 At
325 569 417 605 canis
435 568 483 605 ad
499 568 643 605 caudam
662 580 789 618 serpens
804 567 1008 618 praelabitur
1026 570 1137 617 Argo,

259 621 463 658 Con-versam
476 633 552 673 prae
570 635 601 658 se
616 631 752 672 portans
771 635 843 658 cum
861 621 983 658 lumine
997 622 1132 672 puppim
1147 637 1160 658 .·

255 675 334 712 Non
351 675 432 712 aliae
450 689 555 712 naves
575 685 611 711 ut
631 675 664 711 in
683 675 751 711 alto
766 673 904 724 pondere
916 686 1033 725 proras

254 730 345 765 Ante
362 729 461 765 solent
479 739 581 766 rostro
601 729 773 778 Neptunia
785 739 890 779 prata
910 737 1065 771 secantes,

258 781 328 819 Sed
343 795 503 819 conversa
522 793 606 819 retro
625 783 700 819 caeli
719 795 750 818 se
762 794 821 832 per
840 783 911 818 loca
926 788 1044 832 portat
1059 797 1072 818 .-

256 835 353 872 Sicut
371 850 472 886 quum
492 844 638 886 coeptant
658 843 744 872 tutos
764 837 948 884 contingere
963 844 1091 886 portus,

261 889 456 926 Obvertunt
474 902 597 926 navem
618 903 738 939 magno
757 902 828 925 cum
840 888 980 939 pondere
998 897 1130 933 nautae,

255 942 510 993 All-versamque
527 941 667 993 trahunt
685 951 800 993 optata
820 942 868 979 ad
883 942 996 979 litora
1009 942 1160 992 puppim.

259 995 316 1032 Sic
336 1009 493 1033 con-versa
509 1006 608 1032 vetus
626 1006 720 1046 super
737 996 864 1032 (ethera
883 996 1028 1032 vertitur
1045 998 1157 1044 Argo,

255 1050 369 1100 Atque
387 1063 490 1099 ‘usque
506 1063 528 1086 a
543 1060 647 1100 prora
664 1049 713 1086 ad
727 1050 845 1089 celsum
865 1050 933 1085 sine
950 1049 1071 1085 lumine
1089 1047 1230 1092 malum,

255 1104 291 1140 A
311 1103 396 1140 malo
416 1102 464 1139 ad
477 1104 613 1153 puppim
634 1116 708 1139 cum
727 1102 847 1139 lumine
867 1103 962 1139 clara
979 1101 1128 1148 videtur,

256 1155 338 1193 Inde
352 1156 597 1206 gubernaclum
618 1155 761 1207 disperso
780 1157 903 1193 lumine
912 1156 1068 1206 fulgens,

260 1209 356 1246 Clari
370 1210 550 1260 posteriora
575 1209 677 1246 Canis
695 1211 842 1259 vestigia
861 1209 982 1248 condit.

257 1263 351 1300 Exin
366 1273 522 1300 semotam
534 1263 661 1314 procul,
681 1265 716 1300 in
735 1270 870 1314 tutoque
887 1263 1029 1299 locatam

255 1316 504 1354 Andromedam
525 1327 635 1353 tamen
655 1316 826 1368 explorans
833 1317 919 1365 fiira
939 1329 1087 1367 quaerere
1108 1315 1240 1352 Pistrix

257 1370 391 1419 Pergit,
409 1378 440 1407 et
458 1384 560 1421 usque
577 1371 676 1406 sitam
694 1370 834 1407 validas
852 1370 1026 1420 Aquilonis
1045 1368 1094 1406 ad
1109 1381 1214 1407 auras

260 1423 401 1461 Coerula
420 1424 571 1474 vestigat
577 1423 686 1469 finita
706 1424 740 1459 in
756 1424 912 1474 partibus
927 1424 1059 1461 Austri.

259 1478 363 1514 Hanc
380 1477 478 1513 Aries
497 1478 593 1526 tegit,
612 1487 642 1513 et
664 1490 833 1527 squamoso
852 1487 979 1527 corpore
1001 1477 1108 1513 Pisces

255 1530 418 1568 Fluminis
439 1531 578 1567 illustris
597 1540 784 1579 tangentem
804 1542 931 1580 corpore
949 1530 1050 1581 ripas.

257 1585 416 1634 Namque
435 1584 535 1620 etiam
556 1583 747 1620 Eridanum
766 1597 875 1620 cernes
894 1584 929 1620 in
945 1592 1043 1633 parte
1060 1583 1206 1620 locatum

259 1637 359 1679 Coeli,
366 1636 548 1684 funestum
568 1637 696 1686 magnis
716 1651 789 1673 cum
809 1635 940 1673 viribus
961 1650 1106 1679 amnem,
1155 1676 1160 1679 μ

263 1691 367 1740 Quem
387 1689 532 1727 lacrimis
556 1700 685 1727 maestae
705 1689 922 1727 Phaethontis
940 1700 1026 1740 saepe
1043 1702 1163 1726 sorores

259 1744 476 1794 Sparserunt‚
495 1744 597 1780 letum
617 1744 766 1781 maerenti
783 1757 864 1781 voce
880 1750 1045 1781 canentes.

257 1799 359 1834 Hunc
383 1797 514 1834 Orionis
533 1796 596 1834 sub
614 1798 710 1834 laeva
730 1809 855 1834 cernere
869 1797 995 1847 planta

259 1851 447 1901 Serpentem
463 1851 601 1900 poteris,
620 1856 820 1900 proceraque
838 1850 954 1887 vincla
972 1849 1117 1893 videbis,

263 1905 352 1953 Quae
369 1905 506 1941 retinent
530 1905 651 1948 Pisces,
669 1904 855 1940 caudarum
870 1913 970 1954 parte
986 1904 1110 1946 locata,

258 1958 412 1994 Flumine
430 1958 538 1994 mixta
554 1967 640 1995 retro
659 1957 708 1994 ad
726 1958 881 1994 Pistricis
903 1964 999 2006 terga
1018 1955 1153 1994 reverti.

259 2011 329 2047 Hic
348 2024 417 2047 una
433 2011 531 2047 stella
551 2019 740 2054 nectuntur,
759 2024 859 2060 quam
868 2010 961 2058 jacit
979 2023 1021 2047 ex
1037 2023 1070 2047 se

260 2064 413 2100 Pistricis
429 2064 534 2114 spinae
551 2063 675 2101 valida
693 2078 768 2100 cum
787 2064 857 2100 luce
874 2064 1056 2113 refulgens.

261 2117 396 2153 Exinde
413 2118 548 2166 exiguae
566 2119 656 2154 tenui
675 2131 748 2153 cum
770 2117 892 2154 lumine
910 2116 1029 2153 multae

259 2170 355 2207 Inter
374 2171 546 2207 Pistricem
552 2171 654 2217 fusce
671 2181 862 2221 sparsaeque
879 2170 1050 2213 videntur,

260 2225 350 2261 Ante
364 2223 607 2273 gubernaclum
624 2223 742 2267 stellae,
762 2237 847 2274 quas
864 2225 1008 2273 contegit
1022 2223 1124 2260 omnis

261 2276 457 2314 Formidans
475 2291 583 2315 acrem
603 2291 744 2314 morsum
767 2278 876 2328 Lepus
892 2294 902 2314 :
932 2277 982 2314 his
1000 2290 1102 2327 neque
1120 2289 1243 2319 nomen,

262 2331 493 2378 Necformam
512 2340 637 2368 veteres
656 2339 780 2367 certam
798 2332 954 2369 statuisse
972 2330 1148 2368 videntur.

263 2384 358 2421 Nam
377 2398 454 2434 quae
472 2383 631 2421 sideribus
651 2384 749 2420 claris
768 2394 895 2422 natura
908 2385 1048 2434 poli-vit,

264 2438 311 2473 Et
330 2437 431 2474 vario
444 2437 558 2486 pinxit
577 2437 781 2486 distinguens
802 2438 925 2474 lumine
929 2438 1083 2486 formas,

264 2491 353 2527 Haee
369 2491 426 2527 ille
444 2498 609 2533 astrorum
628 2498 733 2527 eustos
751 2492 880 2528 ratione
897 2491 1046 2535 notavit,

267 2543 440 2594 Signaque
457 2545 610 2593 signavit
628 2544 772 2581 coelestia
792 2545 917 2581 nomine
933 2557 1014 2582 vero
1029 2559 1041 2580 .-

266 2598 344 2634 Has
364 2606 490 2639 autem,
509 2611 587 2648 quae
604 2604 683 2634 sunt
696 2608 808 2648 parvo
825 2596 888 2634 sub
905 2595 1154 2645 culminefusae

268 2650 438 2688 Consimili
454 2652 555 2702 specie
574 2651 698 2693 stellas,
713 2651 881 2701 parilique
900 2652 1016 2697 nitore,

267 2705 344 2740 Non
359 2705 469 2754 potuit
487 2704 577 2741 nobis
597 2711 674 2740 nota
694 2704 824 2741 clarare
829 2704 967 2755 figura.

266 2757 412 2802 Exinde,
429 2758 613 2795 australem
630 2758 717 2794 soliti
734 2772 828 2809 quem
849 2758 954 2796 dicere
971 2758 1113 2801 Piscem,

270 2811 425 2852 tblvitur
441 2812 577 2861 inferior
599 2811 797 2862 Capricorno
813 2825 930 2854 versus
951 2811 1000 2850 ad
1015 2814 1195 2859 Austrum,

1603 255 1679 288 120

1607 520 1678 553 125

1605 786 1685 819 130

1613 1032 1687 1084 135

1615 1317 1691 1350 140

1615 1582 1689 1618 145

1621 2117 1691 2152 155

1621 2381 1696 2419 160

1622 2647 1693 2686 165
