1844 3202
530 119 713 159 LIBER
747 113 1085 157 SECUNDUS.
1445 113 1539 164 745'2

91 228 193 273 Dixi
214 229 358 287 paullo
377 236 474 271 ante
496 227 549 268 de
569 226 740 268 Crasso.
771 224 882 266 idem
908 223 1009 265 fecit
1036 221 1279 265 adolescens
1297 221 1366 264 M.
1386 222 1527 265 Anto-

94 288 202 328 nius.
222 287 350 328 etiarn
373 287 416 327 P.
434 283 609 339 Sulpicii
629 281 915 338 eloquentiam
937 279 1152 321 accusatio
1173 279 1406 330 illustravit,
1427 294 1528 321 cum

93 343 356 393 seditiosum,
390 351 432 382 et
465 340 655 381 inutilem
688 339 836 389 civem,
869 338 922 378 C.
948 337 1219 387 Norbanum,
1249 336 1292 376 in
1316 334 1527 391 judicium

95 400 268 441 vocavit.
327 397 410 439 Sed
437 397 519 438 hoc
549 395 719 451 quidem
741 409 826 436 non
847 403 911 435 est
930 407 1041 448 saepe
1060 392 1314 442 faciendum,
1335 405 1410 432 nec
1433 407 1528 433 um-
1541 404 1595 438 50
1647 406 1653 411 ·

94 470 237 511 quam,
260 454 338 495 nisi
358 462 431 494 aut
451 453 692 509 reipublicae
722 466 864 503 causa,
886 460 924 483 ⁵0
938 460 986 491 ut
1006 450 1048 500 ii,
1069 463 1175 505 quos
1197 457 1294 490 ante
1315 448 1426 498 dixi3
1457 458 1532 490 aut

94 511 337 560 ulciscendi,
358 520 406 551 ut
424 510 510 551 duo
531 509 726 559 Luculli3
758 518 801 549 at
821 507 1069 564 patrocinio,
1086 515 1135 547 ut
1155 521 1232 547 nos
1254 519 1330 561 pro
1354 504 1506 546 Siculis
1518 521 1530 558 3

93 581 174 623 pro
211 567 379 608 Sardis:
423 581 499 622 pro
532 567 598 607 M.
633 566 819 607 Albucio
849 564 1001 606 Julius.
1048 563 1091 604 in
1127 562 1364 604 accusando
1401 561 1531 603 etiam

95 624 163 666 Μ’
177 623 352 680 Aquilio
373 625 423 664 L.
449 623 559 664 Fusii
579 622 754 679 cognita
774 620 980 663 industria
999 628 1076 661 est.
1137 619 1277 660 Semel
1297 619 1440 674 igitur,
1461 626 1535 660 aut

97 695 182 722 non
203 695 313 736 saepe
335 690 461 721 certe.
521 680 594 721 Sin
622 680 715 729 erit,
742 678 810 719 cui
841 676 1080 719 faciendum
1113 677 1166 717 sit
1195 676 1363 731 saepius,
1393 675 1535 730 reipu-

96 737 220 779 blicae
241 738 399 778 tribuat
420 737 500 778 hoc
521 736 720 785 muneris,
742 735 864 791 cujus
886 733 1079 775 inimicos
1099 733 1246 774 ulcisci
1266 732 1433 788 saepiuS,
1449 746 1535 772 non

98 802 164 835 est
182 793 590 850 reprehendendum.
622 792 774 833 modus
798 801 942 833 tamen
973 789 1096 831 adsit.
1127 789 1220 831 duri
1248 789 1361 830 enim
1394 788 1537 829 homi-

99 851 178 902 nis,
198 851 261 891 vel
293 851 432 906 potius
459 850 524 891 vix
554 849 736 890 hominis
766 848 941 899 videtur,
961 847 1195 904 periculum
1217 846 1365 902 capitis
1385 845 1538 886 inferre

98 907 258 948 multis.
290 907 330 948 id
353 921 450 948 cum
480 906 761 962 periculosum
783 905 862 961 ipsi
883 915 961 957 est,
982 914 1073 946 turn
1095 904 1221 945 etiam
1244 902 1460 944 sordidum
1483 902 1539 943 ad

100 964 273 1015 famam,
293 963 573 1014 committere,
600 971 648 1005 ut
675 971 895 1004 accusator
926 962 1142 1002 nominere
1165 978 1174 1002 ε
1207 959 1322 1016 quod
1354 958 1540 1014 contigit

100 1020 169 1062 M.
191 1021 351 1062 Bruto:
380 1034 548 1061 summo
576 1034 730 1075 genere
762 1027 874 1069 nato,
902 1018 1013 1059 illius
1043 1017 1144 1069 filio,
1175 1018 1248 1074 qui
1271 1016 1378 1073 juris
1409 1016 1541 1056 civilis

100 1076 145 1117 in
172 1078 317 1132 primis
348 1077 506 1133 peritus
541 1077 634 1117 fuit.
693 1076 838 1131 Atque
867 1075 993 1117 etiam
1023 1074 1104 1115 hoc
1133 1083 1391 1129 praeceptum
1413 1072 1599 1113 officii51

102 1133 329 1190 diligenter
348 1133 575 1174 tenendum
594 1141 671 1182 cst,
689 1147 741 1173 ne
759 1147 881 1188 quem
904 1145 1107 1187 umquam
1127 1132 1394 1173 innocentem
1416 1128 1584 1185 ⁵1ju-b·

101 1189 214 1231 dicio
242 1191 390 1246 capitis
415 1204 621 1230 arcessas:
651 1189 693 1230 id
723 1190 835 1229 enim
867 1188 955 1229 sine
984 1187 1139 1228 scelere
1166 1187 1252 1228 fieri
1274 1186 1391 1227 nullo
1413 1195 1541 1241 pacto

102 1255 256 1302 potest.
316 1248 429 1288 Nam
453 1246 553 1302 quid
574 1254 637 1286 est
664 1255 753 1287 tam
779 1245 1073 1294 inhumanum,
1092 1259 1220 1299 quam
1240 1242 1544 1298 eloquentiam,-

104 1317 131 1343 a
149 1312 298 1344 natura
317 1303 371 1344 ad
391 1303 570 1344 salutem
592 1302 830 1353 hominum,
850 1310 893 1343 et
921 1301 975 1342 ad
1001 1301 1361 1342 conservationem
1382 1299 1542 1352 datam,

106 1359 161 1401 ad
188 1361 399 1401 bonorum
432 1368 593 1415 pestem
624 1360 934 1415 perniciemque
962 1360 1229 1399 convertere?
1262 1358 1357 1398 Nec
1386 1364 1544 1407 tamen,

75 1459 78 1462 ,
105 1425 155 1457 ut
175 1416 256 1458 hoc
278 1417 525 1472 fugiendum
546 1425 624 1466 est,
645 1417 705 1457 ita
729 1415 970 1457 habendum
995 1422 1060 1455 est
1088 1413 1298 1470 religioni,
1320 1422 1545 1454 nocentem

105 1473 348 1529 aliquando,
371 1482 408 1506 ⁵2
427 1473 557 1514 modo
578 1487 630 1514 ne
651 1472 871 1523 nefarium,
892 1471 1155 1527 impiumque
1185 1469 1426 1512 defendere.
1456 1469 1547 1511 vult

106 1529 191 1571 hoc
222 1530 468 1581 multitudo,
503 1530 661 1586 patitur
695 1529 975 1580 consuetudo,
1015 1528 1098 1569 fert
1130 1527 1256 1568 etiam
1290 1525 1546 1568 humanitas.

107 1586 269 1628 Judicis
289 1596 367 1638 est,
387 1601 551 1643 semper
571 1587 614 1628 in
633 1587 770 1628 causis
789 1600 932 1627 verum
955 1584 1072 1640 sequi
1092 1600 1101 1624 :
1130 1583 1312 1640 patroni,
1333 1598 1547 1624 nonnum-

108 1657 235 1699 quam
265 1644 503 1695 verisimile,
525 1643 652 1684 etiam
673 1643 706 1684 si
727 1643 865 1684 minus
887 1643 941 1683 sit
960 1655 1120 1692 verum,
1141 1640 1368 1682 defendere
1390 1657 1400 1680 :
1431 1639 1549 1695 quod

108 1700 292 1742 Scribere
312 1701 558 1756 (praesertim
578 1715 678 1741 cum
694 1700 746 1741 de
763 1697 1032 1755 philosophia
1051 1697 1293 1751 scriberem)
1314 1711 1399 1738 non
1415 1696 1548 1738 aude-

109 1770 217 1807 rem,
234 1757 314 1798 nisi
333 1757 446 1798 idem
466 1757 653 1812 placeret
671 1755 918 1812 gravissimo
939 1754 1180 1796 Stoicorum
1202 1754 1402 1795 Panaetio.
1448 1754 1550 1795 Ma-
1567 1756 1570 1757 ⁷

110 1813 224 1854 xime
252 1822 394 1855 autem
424 1823 467 1855 et
493 1814 632 1870 gloria
662 1813 823 1869 paritur
847 1822 890 1853 et
914 1811 1052 1867 gratia
1072 1811 1401 1861 defensionibus,
1423 1817 1460 1843 ⁵3
1475 1824 1550 1851 eo-

113 1881 196 1925 que
215 1869 366 1927 major,
387 1871 421 1912 si
445 1870 616 1927 quando
641 1869 878 1921 accidit,*ut
903 1869 942 1909 ei
969 1868 1252 1919 subveniatur,
1272 1867 1345 1924 qui
1363 1866 1553 1923 potentis

112 1926 292 1982 alicujus
323 1927 476 1982 opibus
507 1926 810 1977 circumveniri,
835 1926 1062 1981 urgerique
1091 1924 1293 1966 videatur.
1323 1933 1373 1966 ut
1401 1939 1478 1966 nos
1508 1932 1554 1966 et

109 1995 226 2038 saepe
246 1983 363 2034 alias,
383 1992 425 2024 et
444 1983 747 2034 adolescentes,
768 1992 918 2024 contra
945 1983 995 2023 L.
1018 1981 1147 2022 Sullae
1173 1981 1429 2022 dominantis
1450 1994 1553 2036 opes

112 2051 191 2096 pro
211 2040 254 2080 S.
273 2041 426 2081 Roscio
448 2040 653 2081 Amerino
674 2040 850 2081 fecimus
868 2056 878 2081 ε
910 2054 1021 2094 quae,
1045 2046 1094 2080 ut
1114 2037 1210 2089 scis,
1230 2046 1365 2079 exstat
1384 2038 1535 2079 oratio.

172 2096 257 2137 Sed
284 2097 484 2152 expositis
511 2097 839 2138 adolescentium
870 2095 1031 2146 officiis,
1052 2110 1148 2152 quae
1175 2095 1340 2136 valeant
1371 2094 1426 2136 ad
1456 2093 1553 2150 glo·
1572 2089 1639 2142 15

114 2151 220 2194 riam
245 2153 572 2209 adipiscendam,
594 2154 792 2210 deinceps
823 2153 876 2194 de
907 2152 1199 2195 beneficientia
1227 2166 1276 2193 ac
1305 2150 1554 2193 liberalitate
1567 2169 1619 2205 52

116 2208 345 2251 dicendum
374 2221 452 2252 est.
514 2211 651 2267 Cujus
676 2220 742 2252 est
769 2211 876 2252 ratio
904 2209 1074 2265 duplex.
1105 2224 1202 2249 nam
1232 2217 1306 2249 aut
1331 2222 1459 2264 opera
1479 2208 1556 2249 be·

118 2265 248 2321 nigne
273 2267 321 2308 fit
350 2267 654 2323 indigentibus,
681 2275 755 2309 aut
783 2267 974 2323 pecunia.
1005 2265 1168 2308 facilior
1196 2274 1260 2306 est
1292 2265 1384 2306 haec
1413 2273 1558 2320 poste-

118 2321 218 2374 rior,
238 2323 441 2380 locupleti
468 2325 730 2380 praesertim:
762 2324 836 2365 sed
861 2323 934 2365 illa
961 2323 1115 2365 lautior
1144 2337 1193 2364 ac
1223 2321 1495 2378 splendidior,
1515 2329 1559 2367 et

167 2435 207 2458 50
222 2434 255 2457 ut
269 2428 500 2469 ii—ulciscendt]
521 2431 602 2461 Haec
619 2440 635 2460 e
653 2431 717 2461 Ms.
734 2430 821 2460 addi-
863 2439 904 2460 ex
919 2429 1033 2460 ultima
1047 2429 1133 2460 verbi
1146 2429 1361 2469 praecedentis,
1375 2434 1430 2458 aut
1441 2427 1563 2468 syllaba

110 2470 167 2500 vdit
196 2471 347 2511 Langius,
375 2475 508 2504 servavit
538 2474 694 2504 Graevius.
726 2480 819 2503 recte.
864 2473 967 2513 prima
982 2474 1154 2512 sequentis.

122 2523 200 2543 nam
217 2523 262 2543 res
278 2515 345 2553 ipsa
357 2523 393 2544 ea
406 2517 566 2547 desiderat.
590 2517 677 2546 Nam
694 2516 821 2546 Luculli
910 2523 948 2547 52
973 2516 1050 2545 modo
1073 2527 1106 2545 ne
1128 2513 1289 2556 nefarium]
1313 2515 1364 2544 Sic
1381 2524 1458 2544 cum
1475 2513 1564 2543 Grae-

122 2565 189 2586 non
206 2557 281 2596 reip.
293 2558 347 2587 sed
360 2557 530 2589 ulciscendi
549 2561 643 2598 patris
659 2569 754 2590 causa
770 2569 822 2589 ac—
864 2559 916 2589 vio
932 2559 1012 2589 edidi
1029 2569 1083 2598 pro
1108 2565 1134 2588 et
1154 2558 1298 2598 nefarium
1313 2569 1322 2586 .·
1344 2558 1389 2587 sic
1405 2558 1437 2587 h.
1454 2556 1479 2586 1.
1494 2565 1564 2596 pro-

123 2606 276 2629 cusarunt
299 2600 481 2638 Servilium,
503 2604 596 2642 patris
619 2603 746 2633 Luculli
769 2612 821 2632 ac·
864 2603 922 2632 fert
937 2602 1077 2639 Nonius,
1094 2609 1125 2632 et
1147 2603 1180 2632 in
1205 2601 1269 2631 Ms.
1288 2601 1502 2632 vetustissimo
1518 2608 1565 2629 re-

125 2648 316 2673 cusatorcm.
866 2646 944 2685 perit
960 2645 1116 2676 Graevius.

171 2691 207 2715 51
223 2685 337 2724 judicio
357 2685 462 2725 capilis
485 2687 624 2727 arcessas]
640 2687 754 2728 judicio
770 2689 823 2718 de·
911 2695 948 2719 53
981 2699 1066 2729 eoque
1094 2686 1197 2728 major]
1231 2687 1364 2725 Semper
1391 2685 1444 2714 hic
1473 2685 1564 2721 haesi‚

126 2726 203 2775 levit
218 2727 354 2768 Langius
371 2740 378 2758 ε
403 2739 462 2758 nec
483 2731 513 2760 id
536 2732 719 2770 displicebat
736 2732 823 2761 Grae-
867 2731 1056 2770 conjecique
1079 2742 1164 2772 eoque
1190 2730 1292 2769 magis.
1326 2729 1456 2758 refertur
1477 2729 1566 2758 enim

127 2778 191 2799 νιο.
221 2771 276 2800 sed
301 2771 370 2801 libri
397 2781 457 2802 scr.
486 2780 515 2802 et
540 2775 610 2803 edd.
634 2781 823 2813 repugnant.
867 2775 906 2803 ad
922 2774 1058 2803 maxime.
1107 2774 1171 2803 Ms.
1187 2773 1262 2803 Cur.
1279 2772 1328 2801 ed.
1345 2771 1433 2811 Mog.
1451 2770 1565 2802 Colon.

127 2811 193 2856 MS.
210 2812 308 2843 Goth.
325 2815 421 2845 habet
444 2815 612 2853 injudicio,
635 2824 671 2847 ut
694 2818 776 2847 Pith.
795 2823 826 2846 et
867 2817 987 2846 habent
1001 2827 1089 2858 eaque
1105 2816 1213 2855 mcy'or:
1237 2815 1324 2855 quod
1347 2820 1429 2844 certe
1451 2814 1566 2844 melius

126 2855 198 2894 ‘fid-
214 2865 259 2895 pt·
277 2856 372 2891 Rffl'ss-
387 2858 467 2892 ven.
486 2864 578 2893 1420.
593 2860 655 2892 &Q
667 2859 698 2889 in
710 2867 825 2892 natum
867 2866 926 2897 est,
942 2868 1042 2899 quam
1058 2859 1239 2898 vulgatum.
