1844 3202
549 113 726 151 LIBER
759 109 1035 149 TERTIUS.
1426 109 1504 156 669

84 237 253 265 necesse
269 231 347 265 est.
385 223 478 264 Att.
501 221 716 263 Platonem
736 218 930 260 videlicet
945 216 1062 257 dicis.
1105 216 1172 256 M.
1194 216 1327 256 Istum
1351 216 1502 270 ipsum,

81 280 239 321 Attice.
299 282 390 322 Att.
409 280 475 320 Tu
496 291 591 318 vero
610 291 705 318 eum
729 290 804 316 nec
825 274 947 315 nimis
967 272 1085 313 valde
1104 286 1321 326 umquam,
1343 286 1417 311 nec
1439 273 1501 312 ni-

82 336 162 376 mis
191 351 300 391 saepe
330 334 569 376 laudaveris,
601 347 696 373 nam
723 332 803 372 hoc
824 330 926 371 mihi
946 330 1072 370 etiam
1093 328 1224 369 nostri
1243 327 1318 377 illi,
1340 329 1411 381 qui
1433 342 1503 367 ne-

80 392 252 442 minem,
273 392 348 432 nisi
379 405 516 440 suum,
545 389 704 430 laudari
731 387 890 437 volunt,
915 385 1167 435 concedunt,
1194 393 1242 424 ut
1266 397 1362 423 eum
1395 384 1505 423 arbi-

80 456 193 488 tratu
212 461 307 488 meo
326 447 514 502 diligam.
575 447 640 486 M.
662 447 774 486 Bene
795 443 965 484 hercule
986 442 1157 483 iaciunt.
1189 439 1289 496 quid
1309 438 1420 479 enim
1441 447 1504 479 est

79 503 288 558 elegantia
307 511 378 544 tua
397 502 564 558 dignius
581 504 594 542 ?
622 501 742 558 cujus
762 509 805 541 et
824 499 918 550 vita,
937 507 980 539 et
999 499 1133 539 oratio
1154 504 1380 538 consecuta
1401 495 1504 534 mihi

77 558 240 600 videtur
260 559 547 600 difficillimam
576 558 690 598 illam
722 557 962 598 societatem
998 553 1212 610 gravitatis
1233 567 1329 593 cum
1354 551 1503 591 huma—

79 615 221 656 nitate.
279 617 372 656 Att.
402 618 509 656 Sane
533 614 714 669 gaudeo,
736 612 849 668 quod
881 622 921 652 te
950 610 1218 665 interpellavi,
1238 608 1503 664 quandoqui-

78 670 175 711 dem
208 681 294 712 tam
328 672 574 727 praeclarum
608 669 712 710 mihi
746 668 894 709 dedisti
921 667 1071 723 judicii
1105 667 1165 707 tui
1198 664 1503 706 testimonium.

79 727 160 768 Sed
190 742 333 783 perge,
362 737 409 769 ut
438 741 639 783 coeperas,
698 727 764 766 M.
794 724 1034 766 Laudemus
1065 723 1193 778 igitur
1223 722 1336 777 prius
1361 720 1538 776 legem2

76 782 211 838 ipsam
230 784 334 825 veris
355 794 396 825 et
416 783 592 840 propriis
612 783 777 838 generis
807 782 869 821 sui
902 779 1110 821 laudibus.
1167 780 1261 819 Att.
1282 779 1390 818 Sane
1411 777 1503 833 qui-
1517 776 1548 806 b.

77 840 191 890 dem,
226 840 333 881 sicut
364 841 416 881 de
448 840 701 895 religionum
736 838 830 893 lege
865 837 1012 878 fecisti.
1074 836 1140 876 M.
1167 834 1331 876 Videtis
1361 833 1505 889 igitur,

80 896 351 951 magistratus
382 897 488 938 hanc
517 910 605 936 esse
632 895 728 945 vim,
747 902 795 934 ut
815 893 970 948 praesit,
991 892 1315 948 praescribatque
1335 899 1446 931 recta
1465 899 1508 931 et

79 952 198 993 utilia
224 963 267 994 et
294 954 522 1009 conjuncta
541 966 638 993 cum
659 951 838 1006 legibus.
898 950 961 991 Ut
979 949 1088 990 enim
1112 947 1426 1004 magistratibus
1446 946 1508 988 le-

79 1022 182 1063 ges;
214 1007 461 1065 ita'populo
487 1017 673 1065 praesunt
701 1007 1000 1062 magistratus:
1040 1019 1215 1061 vereque
1243 1004 1325 1044 dici
1352 1012 1507 1059 potest,

79 1066 372 1120 magistratum
402 1066 540 1121 legem
570 1079 660 1106 esse
690 1064 957 1119 loquentem3
988 1061 1127 1117 legem
1156 1070 1315 1110 autem,
1338 1070 1507 1101 mutum

78 1122 387 1176 magistratum.
418 1122 538 1163 Nihil
555 1136 682 1177 porro
701 1129 784 1161 tam
804 1128 948 1174 aptum
967 1128 1031 1159 est
1046 1118 1099 1159 ad
1112 1118 1183 1174 jus
1199 1117 1541 1158 conditionem—3

78 1191 162 1232 que
195 1188 381 1219 naturae:
433 1178 563 1233 (quod
596 1192 691 1217 cum
727 1176 839 1225 dico,
868 1175 1009 1230 legem
1037 1189 1062 1214 a
1092 1189 1160 1214 me
1194 1173 1292 1224 dici,
1321 1172 1508 1228 nihilque

77 1233 191 1274 aliud
223 1234 400 1289 intelligi
428 1234 552 1286 volo,)
589 1247 714 1288 quam
752 1232 991 1287 imperium,
1023 1231 1110 1270 sine
1139 1245 1225 1286 quo
1252 1244 1326 1269 nec
1356 1228 1508 1270 domus

77 1289 176 1340 ulla,
198 1304 274 1330 nec
303 1291 460 1340 civitas,
490 1304 564 1331 nec
598 1304 718 1344 gens,
751 1303 826 1329 nec
859 1288 1079 1328 hominum
1112 1287 1346 1327 universum
1373 1300 1507 1341 genus

78 1354 201 1396 stare,
223 1361 298 1388 nec
317 1361 455 1387 rerum
477 1355 625 1387 natura
645 1345 796 1394 omnis,
818 1359 893 1385 nec
915 1344 1001 1399 ipse
1022 1345 1204 1384 mundus
1225 1351 1377 1397 potest.
1409 1357 1504 1382 nani

75 1412 119 1442 et
140 1402 208 1443 hic
230 1403 309 1444 deo
328 1411 460 1458 paret,
481 1412 522 1444 et
553 1402 650 1444 huic
681 1402 884 1442 obediunt
908 1400 1039 1440 maria
1064 1409 1282 1454 terraeque,
1303 1408 1346 1440 et
1368 1398 1507 1439 homi-

77 1473 178 1500 num
210 1459 292 1500 vita
314 1460 444 1515 jussis
474 1474 678 1515 supremae
709 1458 816 1513 legis
850 1458 1128 1512 obtemperat.
1188 1458 1345 1511 Atque,
1376 1464 1424 1496 ut
1453 1454 1550 1501 ad2

77 1513 170 1555 haec
191 1516 385 1556 citeriora
404 1516 580 1567 veniam,
603 1524 645 1556 et
677 1515 841 1555 notiora
871 1514 1005 1564 nobis,
1029 1527 1175 1553 omnes
1195 1513 1377 1568 antiquae
1403 1526 1546 1567 gen—4

78 1578 140 1611 tes
162 1573 332 1627 regibus
351 1573 564 1627 quondam
584 1580 825 1627 paruerunt.
852 1569 966 1626 quod
987 1584 1121 1624 genus
1141 1569 1304 1624 imperii
1325 1568 1509 1623 primum

78 1627 133 1668 ad
154 1627 345 1670 homines
360 1629 619 1686 justissimos
639 1637 681 1669 et
712 1627 1041 1683 sapientissimos
1063 1625 1352 1667 deferebatur:
1385 1625 1510 1681 idque

78 1683 121 1724 in
139 1684 354 1739 republica
376 1695 518 1726 nostra
543 1685 724 1725 maxime
745 1683 886 1733 valuit,
907 1682 1046 1738 quoad
1076 1682 1114 1722 ei
1143 1682 1294 1737 regalis
1325 1691 1511 1737 potestas

78 1740 275 1795 praefuit:
307 1740 611 1783 deinde'etiam
644 1741 841 1795 deinceps
871 1738 1049 1795 posteris
1079 1738 1362 1794 prodebatur:
1395 1739 1510 1794 quod

77 1804 121 1836 et
146 1805 159 1828 1
177 1797 217 1837 in
239 1797 304 1838 his
328 1798 470 1849 etiam,
492 1798 563 1853 qni
598 1812 707 1838 nunc
737 1805 929 1851 regnant,
960 1804 1115 1836 manet.
1174 1795 1342 1851 Quibus
1370 1803 1509 1835 autem

78 1852 195 1907 regia
214 1862 398 1908 potestas
421 1869 504 1895 non
525 1854 698 1909 placuit,
713 1868 796 1893 non
819 1853 846 1893 ii
868 1851 1036 1902 nemini,
1054 1851 1127 1892 sed
1148 1866 1232 1892 non
1253 1865 1419 1906 semper
1438 1852 1510 1892 uni

74 1923 219 1964 parere
240 1910 473 1951 voluerunt.
530 1912 624 1951 Nos
657 1919 813 1960 autem,
835 1909 1033 1964 quoniam
1055 1908 1171 1963 leges
1197 1907 1345 1948 damus
1370 1908 1511 1949 liberis

77 1965 272 2020 populis;
304 1981 482 2022 quaeque
509 1967 562 2007 de
591 1966 753 2021 optima
781 1965 994 2020 republica
1023 1965 1285 2014 sentiremus,
1308 1964 1347 2003 in
1369 1979 1441 2005 sex
1459 1964 1511 2004 li-

76 2021 163 2062 bris
194 2030 290 2062 ante
318 2022 527 2072 diximus:
559 2022 978 2063 accommodabimus
1001 2021 1082 2062 hoc
1105 2029 1295 2076 tempore
1314 2020 1431 2076 leges
1456 2020 1509 2060 ad

74 2077 211 2130 illum,
228 2093 353 2134 quem
370 2080 614 2134 probamus,
631 2079 807 2120 civitatis
829 2087 999 2119 statum.
1032 2077 1357 2132 Magistratibus
1377 2077 1541 2132 igitur5

75 2148 184 2190 opus
212 2144 304 2176 est:
335 2135 422 2176 sine
453 2150 634 2192 quorum
668 2135 891 2191 prudentia
919 2149 966 2175 ac
998 2133 1216 2189 diligentia
1245 2147 1334 2174 esse
1364 2134 1507 2174 civitas

76 2205 161 2231 non
181 2199 342 2246 potest:
369 2200 386 2222 2
401 2206 667 2248 quorumque
688 2191 970 2246 descriptione
991 2191 1128 2232 omnis
1149 2190 1390 2245 reipublicae
1412 2204 1506 2230 mo—

76 2245 237 2288 deratio
258 2249 510 2290 continetur.
568 2250 722 2304 Neque
743 2247 882 2289 solum
911 2247 961 2288 iis
989 2246 1322 2302 praescribendus
1344 2257 1408 2288 est
1425 2247 1507 2287 im-

75 2303 262 2358 perandi,
283 2305 356 2346 sed
375 2306 501 2346 etiam
522 2305 682 2346 civibus
700 2304 1020 2360 obtemperandi
1041 2303 1209 2344 modus.
1240 2317 1335 2343 nam
1362 2313 1405 2344 et
1434 2304 1507 2359 qui

75 2359 182 2400 bene
203 2360 395 2416 imperat,
416 2362 599 2417 paruerit
617 2360 841 2417 aliquando
862 2374 1030 2401 necesse
1049 2370 1134 2400 cst:
1160 2369 1202 2401 et
1222 2359 1294 2415 qui
1314 2359 1506 2401 modeste

76 2425 224 2471 paret3
258 2417 433 2469 videtur,
454 2418 528 2473 qui
555 2417 781 2473 aliquando
809 2417 999 2472 imperet,
1017 2416 1171 2471 dignus
1191 2431 1296 2457 esse.
1357 2417 1505 2472 Itaque
1515 2429 1547 2459 1>-
1563 2425 1638 2450 18⁵·

75 2481 246 2528 oportet
265 2482 308 2513 et
327 2487 439 2525 eum,
459 2474 530 2529 qui
550 2482 683 2528 paret,
704 2488 883 2530 sperare,
911 2487 955 2514 se
985 2473 1128 2529 aliquo
1153 2483 1345 2528 tempore
1371 2473 1505 2528 impe·
1517 2473 1545 2492 ὃ·

122 2588 137 2611 1
163 2580 193 2610 in
219 2580 274 2617 Iris,
299 2579 350 2622 qui
375 2591 448 2610 nunc
472 2581 604 2621 regnant]
631 2581 683 2611 Sic
701 2581 770 2611 libri
814 2591 892 2621 gum
917 2580 973 2610 filii
995 2587 1026 2610 et
1048 2581 1159 2620 posteri
1182 2582 1371 2620 acceperint,
1389 2589 1510 2622 regnant

77 2633 202 2654 omnes.
247 2623 387 2654 Clericus
403 2630 433 2653 et
448 2625 595 2654 Davisius
611 2626 773 2664 corrigunt
815 2633 927 2654 verum
942 2630 998 2654 est.

79 2673 257 2706 regnamur.-
281 2668 365 2706 quod
385 2669 597 2697 necessarium
617 2674 675 2704 est,
693 2669 717 2697 si
742 2667 772 2695 in
859 2675 876 2697 2
902 2677 1076 2708 quorumque
1096 2665 1290 2706 descriptione]
1310 2667 1421 2696 Addidi
1442 2677 1508 2708 quc,

78 2709 122 2738 his
144 2710 183 2738 ad
205 2709 337 2748 populos
361 2710 511 2739 refertur:
535 2711 618 2749 quod
641 2720 716 2740 sane
733 2710 774 2739 ita
817 2717 853 2740 ut
867 2710 1014 2740 Davisius
1029 2721 1035 2738 :
1053 2718 1127 2738 nam
1145 2716 1175 2738 et
1192 2719 1238 2739 res
1254 2709 1410 2748 postulare
1425 2709 1509 2738 vide-

79 2752 213 2782 videtur.
239 2753 263 2781 si
287 2759 395 2782 autem
419 2753 456 2782 ad
481 2761 578 2791 reges,
601 2760 637 2782 ut
658 2762 775 2791 nempe
816 2760 868 2782 tur
883 2758 912 2782 et
927 2759 972 2782 est
989 2752 1022 2781 in
1039 2752 1117 2782 Mss.
1135 2753 1231 2782 etiam
1248 2752 1313 2782 Gu.
1330 2759 1360 2781 et
1378 2752 1446 2781 edd.
1464 2761 1510 2791 pr.

80 2794 215 2831 majores
245 2804 357 2826 eorum
390 2795 579 2834 acceperint.
602 2795 773 2835 imperium
816 2795 961 2835 aliisque,
978 2801 1014 2825 ut
1030 2795 1170 2825 Victorii.

77 2836 198 2875 judicio
221 2836 343 2876 populi,
365 2837 479 2867 deinde
501 2838 542 2868 ob
569 2838 701 2876 natales,
728 2847 775 2868 re·
1001 2855 1003 2857 -

133 2890 248 2921 VOL.
270 2891 339 2920 lv.
362 2892 401 2920 P.
425 2892 481 2920 11.
821 2889 852 2919 Χ
873 2892 900 2917 X
