1844 3202
602 124 1027 164 CONSULATUS.
1455 123 1529 169 867

106 235 277 279 stituere
310 242 474 292 putant,
504 247 588 275 non
621 232 821 273 amittunt
854 230 1119 272 occasionem
1153 230 1418 285 promerendi
1455 230 1534 272 hos

107 293 262 344 caeteri,
283 301 324 334 et
345 292 524 333 maxime
544 289 607 330 tui
627 289 926 345 competitores
948 300 998 327 ne
1020 295 1175 327 norunt
1195 285 1365 341 quidem
1382 304 1391 328 :
1422 296 1469 327 tu
1491 295 1534 328 et

104 350 230 400 nosti,
250 357 292 390 et
312 348 434 390 facile
451 360 684 402 cognosces
704 363 713 387 :
746 345 833 386 sine
854 358 940 400 quo
965 343 1150 383 amicitia
1167 355 1255 382 esse
1275 356 1358 382 non
1380 352 1534 396 potest.

105 420 241 462 neque
260 406 302 446 id
321 414 461 446 tamen
482 403 581 444 satis
602 410 680 453 est,
702 401 871 443 tametsi
890 413 1094 455 magnum
1115 406 1191 449 est,
1212 398 1245 438 si
1275 413 1358 438 non
1386 413 1532 439 conse-

104 471 260 518 quatur
276 475 369 516 spes
383 459 575 501 utilitatis
592 467 718 515 atque
731 458 942 507 amicitiae,
958 463 1058 497 ³³⁹ne
1075 454 1363 496 nomenclator
1379 454 1533 506 solum,

101 518 177 559 sed
203 517 364 558 amicus
394 515 521 558 etiam
551 516 689 557 bonus
716 529 806 556 esse
831 513 1005 555 videare.
1037 512 1095 554 ita
1116 526 1213 553 cum
1241 520 1283 552 et
1308 511 1385 551 hos
1406 511 1535 566 ipsos,

99 583 274 629 propter
304 588 424 614 suam
455 572 746 622 ambitionem,
767 571 838 636 qui
857 569 968 626 apud
990 569 1163 619 tribules
1185 581 1282 609 suos
1303 567 1534 623 plurimum

99 629 238 685 gratia
258 638 450 685 possunt,
467 630 530 670 tui
549 629 759 670 studiosos
780 643 823 668 m
842 626 1037 668 centuriis
1057 625 1232 666 habebis
1251 638 1260 665 ε
1293 633 1334 665 θῖ
1355 633 1535 676 ceteros,

102 687 175 742 qui
204 685 317 742 apud
346 686 530 742 aliquam
561 695 723 741 partem
756 684 974 725 tribulium
1003 691 1176 738 propter
1204 680 1436 736 municipii,
1461 689 1536 722 aut

99 742 293 793 civitatis,
313 751 386 784 aut
414 743 585 798 collegii
609 742 814 782 rationem
835 740 987 791 valent,
1008 738 1184 794 cupidos
1211 738 1274 779 tui
1302 738 1534 778 constitue-

99 798 171 851 ris,
206 798 249 840 in
280 800 443 855 optima
478 813 551 854 spe
587 813 677 839 esse
718 797 905 838 debebis.
975 797 1071 837 Jam
1107 794 1300 851 equitum
1334 793 1663 836 centuriaep·210·

98 855 238 897 multo
260 855 422 896 facilius
443 854 546 895 mihi
568 854 787 910 diligentia
811 867 934 910 posse
960 852 1095 894 teneri
1112 852 1317 893 videntur.
1348 850 1534 906 primum
1543 848 1574 871 ³·

99 912 388 967 cognoscendi
416 921 514 953 sunt
546 911 734 968 equites3
766 910 890 966 pauci
915 909 1026 950 enim
1057 916 1179 950 sunt:
1221 907 1371 949 deinde
1401 907 1536 963 adipi-

100 968 270 1010 scendi:
305 968 442 1009 multo
472 968 584 1009 enim
614 968 777 1009 facilius
809 967 880 1008 illa
909 965 1320 1007 adolescentulorum
1352 973 1453 1005 aetas
1482 964 1537 1006 ad

101 1025 328 1066 amicitiam
367 1025 628 1081 adjungitur.
673 1023 825 1065 deinde
860 1023 1034 1064 habebis
1066 1031 1207 1064 tecum
1239 1036 1289 1062 ex
1312 1020 1537 1077 juventute

100 1082 312 1137 optimum
335 1095 561 1138 quemque,
584 1090 627 1122 et
646 1080 1003 1122 studiosissimum
1026 1077 1313 1120 humanitatis.
1347 1086 1438 1118 tum
1459 1091 1536 1118 au-

100 1145 188 1178 tem
211 1137 328 1193 quod
347 1146 540 1193 equester
568 1137 672 1178 ordo
692 1146 789 1179 tuus
809 1145 886 1188 est,
909 1144 1137 1191 sequentur
1157 1134 1218 1176 illi
1239 1135 1537 1174 auctoritatem

102 1194 275 1246 ordinis,
302 1195 336 1235 si
366 1195 440 1235 abs
471 1203 513 1235 te
544 1194 812 1234 adhibebitur
842 1208 891 1234 ea
919 1192 1153 1248 diligentia,
1184 1199 1232 1231 ut
1262 1205 1347 1231 non
1377 1189 1536 1231 ordinis

101 1250 240 1291 solum
269 1250 498 1302 voluntate,
519 1250 594 1291 sed
621 1250 746 1291 etiam
777 1250 1039 1305 singulorum
1066 1246 1260 1290 amicitiis
1290 1261 1359 1287 eas
1386 1255 1538 1287 centu-

100 1306 183 1348 rias
218 1307 485 1349 confirmatas
521 1307 687 1347 habeas.
746 1306 843 1347 Jam
878 1305 1017 1346 studia
1051 1303 1463 1346 adolescentulorum
1494 1303 1538 1344 in

104 1363 390 1419 suffragando,
412 1373 452 1396 40
469 1363 511 1404 in
533 1363 749 1413 obeundo,
770 1363 812 1403 in
840 1361 1088 1412 nuntiando,
1110 1361 1150 1401 in
1179 1359 1426 1401 assectando
1455 1359 1537 1400 mi-

100 1420 214 1461 rifice
235 1429 278 1461 et
297 1434 469 1476 magna,
491 1428 533 1461 et
553 1419 731 1460 honesta
755 1427 867 1460 sunt.
927 1419 983 1458 Et
1014 1417 1216 1474 quoniam
1249 1415 1585 1473 assectationis9

100 1476 261 1518 mentio
282 1477 393 1518 facta
412 1485 489 1528 est,
509 1476 552 1517 id
574 1489 744 1532 quoque
772 1474 1004 1516 curandum
1026 1482 1104 1525 est,
1125 1482 1173 1514 ut
1198 1472 1443 1529 quotidiana
1461 1487 1537 1513 cu-

95 1533 252 1589 jusque
281 1533 463 1589 generis,
493 1541 535 1573 et
565 1532 736 1582 ordinis,
762 1540 805 1573 et
835 1531 970 1572 aetatis
999 1539 1132 1572 utare.
1165 1544 1260 1570 nam
1292 1544 1342 1569 ex
1371 1543 1421 1569 ea
1449 1528 1540 1583 ipsa

99 1591 227 1645 copia
250 1589 493 1645 conjectura
521 1589 607 1629 fieri
637 1589 808 1643 poterit,
825 1596 1029 1643 quantum
1051 1587 1106 1627 sis
1131 1586 1173 1627 in
1194 1586 1286 1641 ipso
1306 1599 1458 1640 campo
1479 1585 1539 1626 vi-

100 1646 211 1687 rium
237 1661 286 1687 ac
319 1646 531 1687 facultatis
558 1645 795 1686 habiturus.
857 1644 1000 1699 Hujus
1031 1651 1172 1683 autem
1204 1641 1264 1682 rei
1289 1650 1372 1682 tres
1398 1649 1539 1696 partes

100 1710 212 1743 sunt.
244 1717 328 1743 una
349 1702 648 1751 salutatorum,
669 1715 801 1756 quum
821 1699 998 1740 domum
1019 1699 1189 1740 veniunt
1210 1715 1219 1738 ι
1251 1698 1383 1739 altera
1403 1697 1538 1739 dedu-

101 1769 295 1799 ctorum:
328 1758 451 1799 tertia
486 1766 806 1799 assectatorum.
869 1757 917 1796 In
952 1755 1265 1805 salutatoribus,
1297 1755 1369 1810 qui
1402 1754 1540 1809 magis

104 1814 294 1870 vulgares
314 1823 426 1865 sunt,
446 1824 489 1855 et
516 1815 594 1854 hac
622 1813 939 1863 consuetudine,
959 1828 1052 1868 quae
1073 1826 1184 1852 nunc
1207 1819 1284 1862 est,
1307 1811 1448 1866 plures
1469 1824 1540 1850 ve-

103 1870 238 1922 niunt,
260 1871 342 1912 hoc
363 1870 629 1912 efficiendum
650 1878 728 1920 est,
749 1878 798 1910 ut
828 1870 910 1910 hoc
941 1869 1079 1924 ipsum
1109 1868 1330 1908 minimum
1353 1867 1540 1908 officium

102 1941 252 1968 eorum
282 1927 359 1968 tibi
393 1926 681 1982 gratissimum
713 1940 803 1967 esse
834 1925 1035 1966 videatur.
1095 1924 1183 1967 Qui
1214 1924 1391 1964 domum
1421 1932 1539 1964 tuam

105 1983 285 2035 venient,
313 1983 362 2024 iis
396 1983 646 2039 significato,
681 1991 723 2023 te
753 1982 1097 2032 animadvertere,
1128 1989 1172 2021 et
1201 1995 1349 2021 eorum
1379 1979 1539 2031 amicis,

105 2040 178 2095 qui
207 2040 289 2081 illis
317 2039 573 2090 renuntient,
599 2039 828 2090 ostendito,
859 2052 969 2094 saepe
1001 2038 1102 2093 ipsis
1133 2037 1278 2078 dicito.
1309 2036 1368 2077 sic
1400 2036 1539 2077 homi-

102 2109 178 2137 nes
200 2110 324 2152 saepe,
345 2110 477 2151 quum
500 2097 663 2137 obeunt
685 2095 826 2150 plures
846 2095 1162 2151 competitores,
1181 2103 1224 2134 et
1242 2093 1386 2134 vident
1406 2107 1540 2133 unum

101 2166 194 2193 esse
213 2152 413 2209 aliquem,
433 2153 506 2208 qui
527 2153 619 2194 haec
641 2152 778 2193 officia
796 2152 979 2193 maxime
1009 2150 1324 2201 animadvertat,
1346 2149 1385 2190 ei
1403 2163 1447 2190 se
1466 2149 1539 2190 de-

103 2208 225 2260 dunt,
252 2209 450 2250 deserunt
479 2217 655 2260 ceteros,
685 2208 926 2249 minutatim
957 2222 1009 2248 ex
1037 2207 1338 2248 communibus
1367 2205 1540 2261 proprii,

103 2279 156 2306 ex
173 2265 331 2307 fucosis
353 2265 461 2306 firmi
481 2265 779 2320 suffragatores
798 2263 993 2306 evadunt.
1052 2265 1149 2305 Jam
1176 2262 1282 2304 illud
1310 2270 1455 2304 teneto
1475 2261 1540 2303 di-

101 2321 297 2377 ligenter,
318 2321 353 2363 si
385 2336 499 2373 eum,
522 2322 595 2379 qui
626 2321 703 2362 tibi
734 2320 988 2376 promiserit,
1007 2320 1154 2361 fucum
1187 2322 1252 2374 (ut
1279 2318 1450 2371 dicitur)
1476 2319 1539 2359 fa-

102 2390 199 2418 cere
220 2377 417 2430 audieris,
439 2387 513 2420 aut
541 2377 716 2420 senseris
730 2393 742 2429 ;
773 2386 822 2419 ut
848 2386 891 2419 te
919 2376 962 2418 id
992 2377 1174 2427 audisse,
1197 2385 1272 2417 aut
1289 2376 1394 2416 scire
1414 2375 1537 2416 dissi-

103 2434 264 2475 mules:
284 2433 320 2474 si
335 2434 428 2490 quis
444 2435 520 2476 tibi
536 2450 580 2476 se
594 2447 778 2490 purgare
794 2433 918 2485 volet,
935 2433 1050 2490 quod
1065 2441 1306 2488 suspectum
1322 2446 1414 2473 esse
1429 2431 1538 2473 arbi·
1548 2439 1580 2470 b.

101 2498 252 2540 tretur,
272 2489 450 2531 affirmes
469 2500 510 2532 te
531 2492 584 2533 de
599 2491 710 2533 illius
724 2491 940 2533 voluntate
958 2503 1191 2546 numquam
1209 2488 1438 2539 dubitasse,
1461 2501 1539 2528 nec

102 2546 259 2588 debere
278 2545 486 2588 dubitare.
518 2547 552 2589 is
579 2548 707 2598 enim,
729 2547 802 2604 qui
833 2562 877 2588 se
906 2562 990 2588 non
1015 2554 1138 2602 putat
1158 2545 1410 2595 satisfacere,
1433 2544 1538 2584 ami-

104 2616 180 2644 cus
200 2616 291 2644 esse
311 2602 429 2644 nullo
449 2603 578 2645 modo
597 2612 754 2660 potest.
813 2603 929 2645 Scire
949 2612 1093 2645 autem
1114 2610 1298 2658 oportet,
1315 2614 1401 2657 quo
1421 2599 1538 2656 quis-

146 2726 188 2754 39
210 2732 244 2751 ne
266 2721 457 2752 nomenclator
479 2720 580 2760 solum]
605 2722 737 2753 Festive.
761 2731 802 2751 ne
845 2721 1018 2758 mandaris,
1044 2721 1109 2751 sive
1138 2719 1285 2749 adeundo
1315 2725 1357 2753 te,
1389 2722 1445 2747 aut
1473 2726 1540 2753 eos,

104 2770 232 2795 tantum
252 2765 387 2801 videare,
404 2771 440 2795 ut
462 2764 727 2803 nomenclatores,
744 2774 801 2795 no·
844 2773 925 2802 quos
946 2764 1021 2793 adiri
1045 2764 1085 2793 ab
1107 2763 1180 2802 ipsis
1202 2761 1309 2800 aliqua
1324 2761 1363 2789 de
1377 2769 1473 2789 causa
1487 2768 1540 2790 ve-

106 2807 195 2839 mina
208 2808 358 2838 omnium
374 2814 490 2838 tenere.
846 2806 894 2836 lis.
933 2806 984 2836 Sic
1000 2806 1093 2843 infra,
1107 2816 1170 2835 cum
1185 2804 1286 2834 obeunt
1296 2801 1394 2843 plures
1409 2801 1541 2841 competi·

149 2856 191 2880 40
213 2849 243 2880 in
263 2849 396 2891 obeundo]
416 2851 468 2882 Sc.
484 2849 602 2889 officio,
622 2851 708 2889 quod
728 2849 800 2890 ipsis
843 2855 926 2878 tores.

837 2902 966 2944 31<4
