1844 3202
296 102 374 141 668
823 104 901 142 DE
938 105 1197 144 LEGIBUS

295 209 355 250 cit
383 208 529 251 eadem
558 209 630 251 illa
656 209 708 252 de
736 211 1054 255 immortalitate
1083 213 1336 262 animorum,
1365 221 1408 254 et
1444 211 1603 269 reliqua
1633 220 1729 268 post

296 275 477 307 mortem
497 268 798 332 tranquillitate
817 270 1043 321 bonorum,
1065 270 1200 325 poenis
1219 270 1461 325 impiorum.

234 330 285 376 69
353 323 533 364 Habetis
564 324 696 379 igitur
724 326 975 381 explicatum
1008 340 1192 390 omnem,
1222 336 1272 367 ut
1300 327 1492 375 arbitror,
1514 324 1728 380 religionis

169 389 285 422 »184
298 378 454 420 locum.
492 381 548 436 Q.
565 381 659 421 Nos
681 395 792 431 vero,
813 382 953 431 frater,
975 393 1018 423 et
1037 382 1208 437 copiose
1228 382 1426 437 quidem.
1449 392 1486 414 ²⁵5
1502 381 1575 422 scd
1597 394 1728 436 perge

257 435 350 476 a‘ad
369 447 520 477 cetera.
581 437 647 477 M.
671 438 847 492 Pergam
868 438 1063 493 quidem:
1095 448 1139 479 et
1168 439 1365 493 quoniam
1386 439 1551 480 libitum
1574 447 1637 478 est
1657 451 1729 477 vo-

296 491 361 532 bis
379 507 448 533 me
468 493 520 533 ad
538 493 628 533 haec
649 493 879 548 impellere,
896 494 1098 535 hodierno
1120 508 1311 535 sermone
1332 496 1567 545 conficiam,
1583 507 1726 548 spero;

294 547 378 589 hoc
416 550 647 604 praesertim
692 549 773 590 die.
823 549 941 592 video
990 552 1102 591 enim
1150 551 1366 593 Platonem
1412 552 1523 592 idem
1564 549 1725 599 fecisse,

295 619 551 660 omnemque
583 606 816 647 orationem
847 607 936 671 ejus
966 607 1018 648 de
1047 607 1229 663 legibus,
1259 616 1495 663 peroratam
1525 620 1616 647 esse
1640 619 1726 646 uno

294 661 439 702 aestivo
476 661 557 703 die.
617 662 687 703 Sic
721 663 851 719 igitur
878 663 1043 715 faciam,
1073 675 1117 705 et
1145 664 1282 705 dicam
1311 664 1364 704 de
1394 662 1726 725 magistratibus.

295 723 336 748 86
352 716 395 758 id
414 718 523 758 enim
547 728 610 760 est
631 719 837 774 profectO,
855 721 986 777 quod,
1004 721 1234 762 constituta
1253 720 1471 776 religione,
1493 717 1725 774 rempubli-

293 787 387 814 cam
407 774 620 816 contineat
641 776 834 817 maxime.
879 778 971 818 Att.
993 778 1060 819 Tu
1080 792 1178 819 vero
1198 777 1279 828 dic,
1301 788 1344 818 et
1363 777 1484 818 istam
1504 776 1726 825 rationem,

294 837 332 865 ¹³7
349 845 474 886 quam
496 832 676 887 coepisti,
697 842 807 874 tene.

954 984 1709 992 ————-——————-—-·——·—-——-·

568 1086 647 1137 M.
686 1087 971 1139 TULLII
1011 1088 1450 1141 CICERONIS

983 1229 1037 1253 DE

772 1327 1245 1398 LEGIBUS

665 1470 914 1512 LIBER
973 1471 1349 1512 TERTIUS.

869 1609 1115 1631 ..Φ-.-

805 1711 1214 1748 ARGUMENTUM.

292 1786 371 1822 Diis
391 1784 631 1822 immortalibus
643 1785 790 1836 proximi
809 1795 839 1821 et
859 1785 1026 1835 dignitate
1044 1796 1074 1823 et
1087 1793 1252 1837 potestate
1269 1795 1347 1823 sunt
1366 1788 1600 1836 magistratus.
1647 1789 1724 1824 Ita-

341 1851 406 1889 que
433 1840 612 1875 constituta
639 1839 806 1888 religione,
833 1839 950 1875 statim
984 1840 1096 1877 Cicero
1123 1841 1167 1876 de
1195 1841 1474 1889 magistratibus
1496 1840 1597 1890 leges,
1617 1841 1723 1878 eodem

342 1891 434 1929 modo
445 1893 603 1942 prooemio
614 1900 646 1929 et
659 1892 874 1942 explicatione
888 1892 1039 1940 adjectis,
1053 1893 1204 1941 subjecit,
1218 1892 1338 1944 quibus
1357 1908 1465 1930 corum
1477 1907 1616 1943 genera,
1630 1904 1721 1944 pote-

340 1955 413 1982 stas
444 1946 677 1996 imperiumque
707 1945 924 1991 definiuntur.
979 1947 1036 1982 Ita
1063 1957 1174 1983 autem
1201 1947 1366 1997 sapienter
1391 1960 1414 1984 a
1443 1947 1625 2007 majoribus
1651 1957 1721 1984 tota

341 1998 413 2036 haec
438 1999 631 2049 reipublicae
655 2009 739 2048 pars
766 2001 946 2036 constituta
969 1999 1163 2043 videbatur,
1181 2009 1220 2037 ut
1238 2014 1300 2037 non
1319 2001 1489 2037 multum
1477 2015 1511 2036 m
1531 2014 1570 2037 ea
1588 2014 1722 2038 novan-

339 2051 420 2089 dum
432 2061 584 2102 putaret.
630 2053 752 2103 Itaque
768 2051 1012 2103 descriptionem
1033 2054 1296 2103 magistratuum
1316 2054 1502 2091 Romanam
1520 2055 1671 2099 retinuit,
1691 2062 1724 2092 et

333 2115 456 2155 parum
477 2105 595 2142 attulit
612 2119 704 2142 novt.
759 2106 1000 2167 [implicationis
1029 2121 1155 2157 magna
1178 2118 1260 2157 pars
1287 2107 1440 2143 interiit:
1470 2109 1505 2144 in
1532 2121 1572 2144 ea
1600 2117 1723 2150 autem,

339 2171 418 2208 quae
445 2166 563 2200 restat,
591 2159 736 2209 egregiae
758 2169 789 2196 ct
817 2161 978 2219 sapientes
1006 2159 1047 2196 de
1076 2160 1319 2210 Legationibus
1346 2160 1473 2205 liberis,
1499 2160 1540 2198 de
1560 2168 1724 2211 potestate

338 2211 531 2256 tribunitia,
545 2211 586 2248 de
603 2212 749 2249 Senatus
764 2214 945 2250 sanctitate
961 2222 993 2250 et
1011 2214 1216 2263 integritate,
1231 2214 1271 2252 de
1288 2213 1417 2265 legibus
1432 2213 1620 2251 tabellariis
1639 2211 1720 2256 &eu

338 2264 577 2315 disputationes
592 2266 811 2316 reperiuntur.

886 2352 1119 2393 MARCUS.

247 2412 543 2497 ISEOUAR
573 2440 717 2496 igitur,
749 2450 798 2483 ut
822 2443 998 2494 institui,
1023 2442 1209 2484 divinum
1243 2444 1363 2485 illum
1394 2444 1559 2484 virum:
1591 2456 1716 2498 quem

255 2504 270 2534 1
288 2483 471 2554 quadam
490 2497 767 2539 admiratione
786 2509 1042 2550 commotus,
1063 2500 1215 2556 saepius
1234 2500 1410 2541 fortasse
1429 2499 1573 2551 laudo,
1590 2514 1716 2555 quam

329 2618 367 2642 85
392 2611 440 2640 sed
454 2616 545 2650 perge
567 2610 608 2639 ad
628 2609 737 2651 cetera]
763 2612 868 2651 Vulgo
895 2612 981 2643 abest
1024 2613 1120 2644 etiam
1145 2614 1252 2644 Guelf.
1275 2622 1306 2644 et
1327 2615 1397 2645 edd.
1422 2624 1468 2654 pr.
1505 2614 1612 2654 Vulgo
1633 2615 1718 2646 male

284 2654 335 2689 ad,
351 2654 437 2693 quod
451 2654 526 2693 quia
541 2655 608 2684 edd.
633 2664 678 2693 pr.
702 2655 822 2685 habent
847 2663 877 2685 et
899 2656 978 2685 Mss.
1022 2657 1097 2686 idem
1113 2658 1186 2686 enim
1203 2664 1254 2688 est.

285 2696 390 2736 plures
413 2697 496 2736 apud
520 2697 702 2733 Davisium,
726 2699 849 2728 addidi:
875 2700 930 2728 etsi
952 2706 981 2728 et
1069 2706 1105 2734 87
1133 2711 1220 2740 quam
1247 2697 1374 2739 coepisti]
1404 2699 1483 2729 Mss.
1507 2698 1571 2729 fere
1600 2705 1631 2728 et
1646 2699 1719 2731 edd.

284 2740 413 2779 vulgata
439 2740 508 2770 ferri
532 2746 644 2780 potest,
668 2741 866 2780 intelligique
888 2741 980 2781 expli·
1023 2751 1068 2781 pr.
1085 2742 1243 2781 accepisti3
1267 2744 1352 2781 quod
1375 2752 1415 2772 ex
1437 2742 1579 2781 occoepisti
1595 2743 1717 2773 factum

285 2793 360 2811 care.
1022 2786 1127 2815 visum
1149 2793 1195 2815 est
1213 2786 1413 2823 Guilielmio,
1431 2785 1608 2825 recepitque
1620 2786 1717 2816 Davi-

330 2830 369 2854 86
392 2825 424 2854 id
438 2825 511 2855 enim
529 2832 569 2854 est
578 2825 722 2866 profecto]
740 2827 790 2857 Sic
808 2827 886 2857 Mss.
903 2827 978 2864 fere,
1020 2829 1085 2858 sius
1098 2828 1250 2866 occa-pini.
