1844 3202
296 129 372 166 658
822 130 900 168 DE
939 129 1195 169 LEGIBUS

296 236 487 278 Graviter
513 236 614 278 olim
643 237 722 278 ista
751 237 985 279 vindicabat
1007 247 1122 278 vetus
1144 238 1214 279 illa
1237 238 1414 288 Graecia,
1435 236 1561 291 longe
1583 234 1722 290 provi-

297 293 414 342 dens,
451 308 576 349 quam
612 294 764 334 sensim
799 295 1000 349 pernicies
1036 294 1181 348 illapsa
1213 295 1363 335 civium
1394 294 1568 342 animos,
1600 291 1722 331 malis

297 349 460 399 studiis,
477 350 681 405 malisque
702 350 901 391 doctrinis
922 361 1091 404 repente
1111 359 1221 390 totas
1242 351 1426 392 civitates
1447 357 1666 390 everteret:
1689 347 1723 386 si

169 405 469 461 p·¹78.quidem
502 406 574 446 illa
604 421 743 448 severa
777 406 1056 446 Lacedaemon
1091 420 1237 446 nervos
1266 407 1407 461 jussit,
1441 404 1555 461 quod
1584 404 1723 459 plures

259 464 423 518 a‘'quani
449 471 609 517 septem
631 471 668 494 2⁵2
684 463 856 502 haberet
878 463 917 501 in
939 461 1150 502 Timothei
1174 461 1337 511 fidibus,
1356 462 1482 502 demi.

220 507 286 558 10
353 519 566 573 Deinceps
588 519 629 559 in
650 519 744 573 lege
765 527 844 568 est,
866 528 911 558 ut
937 526 975 549 28
994 518 1046 558 de
1067 518 1214 558 ritibus
1239 518 1382 573 patriis
1402 518 1594 558 colantur
1613 517 1725 570 opti-

232 585 286 618 40
297 575 377 615 mi:
421 575 471 615 de
509 590 592 630 quo
629 590 726 615 cum
758 575 1023 615 consulerent
1052 573 1331 614 Athenienses
1362 574 1605 629 Apollinem
1642 574 1723 628 Py-

296 630 449 681 thium,
470 646 574 687 quas
603 631 870 686 potissimum
902 630 1127 685 religiones
1159 639 1360 680 tenerent,
1387 630 1602 670 oraculum
1635 629 1724 668 edi-

296 695 388 728 tum
409 697 487 738 est,
508 702 592 737 eas,
612 703 706 743 quae
735 697 874 728 essent
903 687 944 727 in
975 701 1091 727 more
1121 686 1345 742 majorum.
1404 687 1504 727 Quo
1526 700 1622 727 cum
1645 685 1723 725 ite-

296 757 389 784 rum
408 744 629 794 venissent,
647 744 939 799 majorumque
956 757 1116 783 morem
1134 742 1332 783 dixissent
1349 756 1459 797 saepe
1480 756 1569 783 esse
1585 749 1724 782 muta·

296 807 402 851 tum,
424 800 808 856 quaesivissentque,
830 815 952 855 quem
976 814 1137 839 morem
1168 799 1430 853 potissimum
1454 806 1725 853 sequerentur

296 870 319 896 e
340 857 486 898 variis:
519 856 748 912 respondit,
768 857 992 911 optimum.
1024 866 1066 897 et
1098 856 1287 911 profecto
1317 855 1373 895 ita
1403 864 1480 906 est,
1501 867 1546 896 ut
1577 855 1618 895 id
1648 854 1724 894 ha-

295 912 480 953 bendum
507 913 561 953 sit
589 912 941 968 antiquissimum,
961 922 1002 953 et
1024 912 1104 952 deo
1134 912 1385 967 proximum,
1406 911 1519 966 quod
1542 912 1593 952 sit
1614 911 1726 965 opti-

296 983 431 1009 mum.
492 969 653 1022 Stipem
685 968 944 1018 sustulimus,
976 968 1052 1008 nisi
1083 983 1192 1017 cam,
1223 983 1347 1023 quam
1377 967 1430 1010 ad
1462 982 1617 1022 paucos
1638 967 1725 1007 dies

296 1025 508 1079 propriam
533 1024 657 1064 Idaeae
681 1024 834 1064 Matris
856 1024 1109 1079 excepimus.
1133 1024 1277 1078 implet
1300 1025 1409 1063 enim
1432 1024 1726 1078 superstitione

296 1081 474 1131 animos,
499 1089 541 1121 et
570 1080 760 1121 exhaurit
790 1079 954 1121 domos.
1016 1079 1231 1134 Sacrilego
1261 1094 1385 1133 poena
1414 1089 1491 1130 est,
1522 1093 1658 1135 neque
1687 1079 1727 1119 ei

296 1137 389 1187 soli,
412 1137 483 1192 qui
505 1152 669 1178 sacrum
700 1136 933 1188 abstulerit,
956 1135 1030 1177 sed
1061 1136 1188 1176 etiam
1221 1135 1273 1185 ei,
1304 1136 1374 1190 qui
1406 1145 1444 1167 ‘2⁴
1462 1151 1579 1178 sacro
1610 1150 1729 1176 conr-

233 1203 279 1234 41
297 1193 557 1234 mendarum.
589 1192 704 1249 quod
733 1202 775 1234 et
805 1207 914 1234 nunc
943 1192 1087 1233 multis
1111 1192 1155 1233 fit
1176 1192 1214 1232 in
1239 1192 1359 1232 fanis.
1419 1192 1658 1234 Alexander
1683 1192 1726 1232 in

299 1250 448 1291 Cilicia
468 1250 712 1306 deposuisse
733 1259 771 1281 ⁴2⁵
784 1249 896 1305 apud
915 1249 1037 1290 Solos
1057 1248 1097 1288 in
1119 1248 1295 1289 delubro
1316 1249 1534 1303 pecuniam
1552 1249 1726 1298 dicitur3

296 1316 339 1348 et
360 1306 630 1348 Atheniensis
652 1305 890 1347 Clisthenes
910 1305 1067 1347 Junoni
1089 1305 1256 1354 Samiae,
1278 1305 1374 1345 civis
1395 1306 1608 1360 egregius,
1629 1319 1728 1345 cum

297 1363 422 1405 rebus
442 1363 610 1404 timeret
629 1362 728 1413 suis,
750 1363 926 1403 filiarum
950 1362 1071 1403 dotes
1098 1360 1287 1402 credidit.
1346 1361 1427 1402 Sed
1447 1362 1537 1417 jam
1562 1362 1613 1402 de
1634 1375 1729 1416 per-

289 1420 436 1476 juriis:
461 1426 500 1451 26
515 1419 567 1460 de
589 1419 756 1460 incestis
775 1419 877 1459 nihil
899 1433 995 1459 sane
1016 1418 1096 1459 hoc
1118 1417 1286 1473 quidem
1307 1418 1403 1458 loco
1426 1417 1728 1473 disputandum

296 1485 374 1518 est.
432 1476 570 1518 Donis
591 1475 711 1531 impii
732 1490 782 1516 ne
807 1476 971 1531 placare
1000 1475 1179 1515 audeant
1210 1474 1310 1515 deos
1331 1491 1338 1514 :
1374 1474 1589 1516 Platonem
1613 1473 1732 1515 audi·

297 1542 396 1583 ant3
428 1533 500 1589 qui
521 1540 632 1573 vetat
652 1532 859 1582 dubitare,
881 1546 962 1587 qua
981 1531 1034 1572 sit
1053 1540 1193 1571 mente
1213 1531 1377 1571 iuturus
1396 1531 1530 1582 Deus,
1551 1546 1650 1573 cum
1671 1530 1730 1571 vir

298 1604 424 1630 nemo
443 1591 580 1630 bonus
600 1589 653 1629 ab
673 1588 869 1643 improbo
892 1603 935 1629 se
956 1587 1101 1629 donari
1122 1587 1234 1627 velit.
1279 1586 1514 1642 Diligentia
1534 1597 1729 1628 votorum

297 1646 397 1687 satis
428 1646 470 1686 in
498 1646 593 1700 lege
621 1645 733 1685 dicta
761 1653 840 1695 est,
865 1659 913 1685 ac
944 1644 1029 1685 voti
1058 1643 1241 1699 sponsio,
1261 1658 1343 1698 qua
1372 1643 1613 1698 obligamur
1632 1644 1728 1685 deo.

300 1703 428 1743 Poena
444 1717 540 1743 vero
557 1701 721 1742 violatae
742 1700 956 1756 religionis
971 1702 1132 1757 justam
1154 1700 1458 1741 recusationem
1480 1715 1562 1741 non
1585 1700 1727 1741 habet.

298 1758 414 1815 Quid
435 1773 517 1814 ego
536 1758 605 1799 hic
627 1758 925 1799 sceleratorum
948 1766 1041 1798 utar
1061 1756 1289 1812 exemplis?
1320 1771 1499 1811 quorum
1522 1767 1620 1798 sunt
1642 1757 1732 1812 ple-

298 1831 362 1856 nae
389 1815 622 1871 tragoediae.
656 1830 751 1872 quae
777 1824 874 1855 ante
900 1814 1045 1855 oculos
1075 1822 1185 1863 sunt,
1207 1826 1255 1853 ea
1284 1812 1424 1867 potius
1455 1813 1731 1869 attingantur.

297 1871 389 1914 Etsi
417 1871 508 1912 haec
540 1871 891 1912 commemoratio
924 1884 1066 1911 vereor
1096 1876 1133 1905 ‘27
1151 1883 1201 1909 ne
1231 1883 1354 1924 supra
1385 1868 1566 1911 hominis
1594 1871 1730 1911 fortu-

297 1943 394 1970 nam
415 1943 506 1970 esse
527 1928 716 1970 videatur
736 1945 745 1970 :
777 1936 933 1978 tamen,
956 1926 1154 1983 quoniam
1187 1925 1291 1966 mihi
1322 1941 1459 1967 sermo
1481 1936 1543 1967 est
1565 1935 1604 1959 28
1618 1925 1730 1982 apud

300 2046 406 2080 queant
429 2049 505 2069 cum
530 2039 677 2079 vulgatis.
721 2038 871 2068 Davisius
899 2038 994 2067 etiam

301 2082 434 2112 exultant
449 2083 543 2112 dedit.

345 2133 385 2155 22
409 2124 523 2155 habere!
546 2124 578 2153 in
605 2123 743 2153 Timothei
757 2120 887 2163 fidibus]
912 2122 996 2152 Con-

301 2169 432 2198 structio
462 2169 494 2198 in
522 2169 582 2197 hac
605 2167 741 2196 lectione
768 2176 832 2196 non
864 2172 997 2195 constat.

302 2210 408 2241 Placet
420 2211 538 2241 Davisii
552 2211 701 2240 correctio
713 2209 870 2239 Timotheus
884 2209 913 2237 in
918 2208 996 2248 fdi-

304 2254 364 2284 bus.

347 2302 385 2326 23
411 2295 444 2324 de
467 2295 569 2325 ritibus
587 2292 711 2334 patriisf
730 2295 871 2324 Verbum
889 2293 996 2335 patriis

305 2340 385 2369 mihi
414 2339 572 2370 interdum
599 2345 783 2377 suspectum
808 2338 888 2367 fuit:
922 2337 997 2375 quia

1040 2037 1140 2067 nebus
1161 2037 1294 2066 correxit
1310 2036 1400 2071 Solos,
1417 2037 1501 2075 quod
1519 2046 1605 2066 nunc
1622 2037 1730 2067 editio-

1040 2090 1093 2109 nes
1110 2087 1226 2110 tenent.
1243 2080 1294 2109 alii
1312 2079 1452 2109 maluere
1467 2089 1483 2108 e
1499 2081 1634 2118 vestigiis
1652 2089 1735 2118 quo-0

1041 2123 1187 2152 rumdam
1207 2123 1394 2161 scriptorum
1411 2122 1546 2152 Solcnses.
1579 2123 1731 2153 Behotius

1041 2172 1160 2201 autern,
1175 2165 1245 2195 loco
1261 2174 1355 2203 supra
1370 2166 1475 2200 citato,
1493 2165 1592 2196 Soloen
1608 2166 1732 2196 rescribi

1040 2208 1109 2238 vult
1125 2218 1162 2238 ex
1181 2209 1258 2238 libro
1274 2215 1375 2237 vetere
1392 2208 1512 2243 Ursini,
1530 2210 1613 2247 quod
1630 2215 1659 2238 et
1675 2218 1732 2238 an-

1041 2251 1255 2290 tiquissimum
1284 2251 1367 2281 urbis
1399 2261 1518 2281 nornen
1549 2252 1652 2288 fuerit,
1676 2261 1732 2280 au-

1041 2301 1124 2323 ctore
1152 2294 1238 2324 Mela
1262 2294 1288 2328 Ι,
1316 2301 1364 2324 13.
1419 2295 1478 2324 Sed
1506 2294 1546 2323 ibi
1576 2293 1658 2324 Soloe
1688 2300 1734 2324 est

1042 2337 1153 2366 Graeca
1168 2338 1269 2367 forma
1284 2346 1300 2365 e
1316 2336 1391 2365 σὶλοι
1408 2347 1469 2367 non
1486 2346 1604 2366 nomen
1620 2347 1734 2367 nume-

304 2382 448 2420 sequenti
466 2381 632 2411 narrationi
657 2391 719 2410 non
746 2382 824 2410 bene
838 2379 998 2410 convenit.

304 2425 515 2456 Athenienses
532 2425 761 2463 interrogarunt
772 2424 809 2452 de
826 2423 934 2453 ritibus
950 2432 998 2452 sa-

305 2469 366 2497 cris
396 2467 593 2507 simpliciter,
623 2468 687 2498 sive
717 2467 755 2496 de
785 2466 998 2505 religionibus.

307 2511 417 2549 ltaque
442 2511 470 2540 id
494 2518 548 2540 aut
570 2520 624 2549 pro
647 2510 749 2548 glossa
767 2509 938 2539 delendum
956 2508 1000 2537 vi·

306 2563 393 2589 sum,
405 2561 459 2583 aut
473 2554 504 2582 in
520 2553 608 2582 sacris
625 2553 830 2589 mutandum,
841 2551 890 2581 vel
903 2551 999 2581 etiam

307 2607 414 2626 varus.

352 2646 391 2670 24
415 2649 493 2668 sacro
518 2637 752 2676 commendatum]
783 2638 802 2667 i.
826 2647 853 2667 e.
880 2638 1002 2676 deposi-

308 2689 378 2712 tum
395 2683 427 2712 in
445 2681 514 2711 loco
529 2691 628 2717 sacro,
643 2688 677 2710 ut
695 2691 763 2710 mos
781 2681 839 2710 fuit
855 2682 937 2719 apud
951 2690 1002 2709 ve-

307 2731 398 2761 teres,
415 2725 499 2764 quod
515 2732 584 2755 turn
601 2731 703 2754 essent
723 2725 755 2753 in
774 2724 854 2753 fanis
874 2724 914 2753 ob
931 2723 1001 2753 reli-

308 2768 447 2806 gionem.

353 2817 391 2840 ¹25
416 2809 495 2849 apud
507 2808 598 2848 Solos]
619 2810 695 2839 Edd.
712 2815 786 2840 vett.
802 2808 881 2847 apud
893 2807 998 2844 Solem,

308 2853 393 2902 quod
411 2853 591 2884 intellexere
606 2854 644 2884 de
660 2852 779 2901 templo
795 2851 887 2883 Solis.
918 2852 999 2882 Tur-

1042 2380 1064 2409 ri
1081 2380 1271 2419 singularis3
1296 2386 1331 2409 ut
1345 2379 1444 2410 Solob'n
1469 2380 1520 2409 hic
1544 2380 1603 2419 legi
1626 2381 1733 2419 possit.

1042 2422 1119 2452 Solos
1135 2433 1245 2452 verum
1262 2429 1318 2452 est.

1085 2471 1126 2495 26
1150 2465 1183 2495 de
1199 2464 1323 2503 incestis]
1343 2465 1489 2495 Davisius
1513 2474 1529 2493 e
1554 2465 1615 2495 Ms.
1639 2465 1732 2495 Paris.

1043 2516 1073 2538 et
1095 2509 1163 2538 edd.
1188 2508 1377 2547 quibusdam
1403 2514 1475 2537 vett.
1501 2508 1595 2537 edidit
1618 2507 1730 2536 incesto.

1043 2552 1087 2581 sic
1110 2559 1140 2581 et
1164 2552 1227 2581 Ms.
1248 2550 1353 2580 Guelf.
1370 2552 1438 2580 edd.
1455 2552 1534 2581 Ven.
1554 2558 1643 2583 1494.
1662 2550 1734 2580 Me—

1043 2594 1117 2624 diol.
1135 2597 1193 2625 &a
1209 2594 1253 2623 nil
1270 2594 1368 2623 refert.

1087 2644 1123 2671 ‘27
1152 2648 1183 2665 ne
1206 2643 1291 2675 snpra
1315 2636 1599 2675 horninisjbrtunnm
1615 2646 1670 2664 esse
1684 2635 1734 2664 ‘vt'-

1044 2680 1159 2709 ‘lentur'
1173 2680 1307 2709 Pertinet
1320 2681 1356 2708 ad
1371 2681 1494 2718 ipsum:
1512 2679 1586 2716 quia
1601 2688 1675 2708 mox
1688 2679 1735 2708 di-

1045 2724 1097 2758 cit,
1115 2733 1187 2760 quae
1203 2724 1238 2751 ad
1258 2725 1360 2760 ipsum
1377 2729 1551 2759 pertinent:
1571 2722 1601 2750 in
1617 2721 1734 2759 quibus

1045 2766 1145 2796 videre
1170 2767 1264 2805 possit
1288 2766 1358 2804 plus
1385 2765 1440 2793 sibi
1465 2764 1619 2801 tribuisse,
1634 2773 1732 2802 quarn

1045 2810 1167 2840 homini
1183 2810 1349 2838 conveniat

1087 2859 1126 2883 25
1150 2853 1229 2892 apud
1243 2863 1307 2891 vos]
1328 2852 1402 2881 Non
1423 2850 1561 2880 dubitavi
1578 2859 1653 2881 cum
1670 2849 1734 2881 Da-
