1844 3202
597 120 678 159 DE
714 118 1090 158 SENECTUTE.
1478 122 1557 168 797

123 227 204 270 mis
225 227 419 284 auspiciis
446 242 498 270 ea
522 228 627 284 geri,
648 242 742 283 quae
764 240 842 283 pro
861 225 1103 282 reipublicae
1123 223 1257 265 salute
1276 231 1552 280 gererentur-¹:

121 299 218 340 quae
254 294 401 327 contra
433 284 738 340 rempublicam
774 284 996 333 ferrentur,
1037 289 1184 322 contra
1219 282 1403 335 auspicia
1439 283 1549 323 ferri.
1563 293 1595 325 b.

121 340 266 382 Multa
293 342 333 382 in
359 356 410 382 eo
435 342 521 382 viro
550 340 750 395 praeclara
773 340 982 394 cognovi:
1021 337 1092 379 sed
1119 336 1221 377 nihil
1240 345 1303 377 est
1324 336 1620 382 admirabi-12

119 396 217 447 lius,
237 412 363 452 quam
384 397 600 452 quomodo
623 397 692 437 ille
712 404 893 437 mortem
918 404 955 428 10
969 395 1036 436 M.
1057 393 1129 435 filii
1151 393 1260 443 tulit,
1281 392 1381 434 clari
1402 393 1489 444 viri,
1507 404 1550 436 et

119 453 363 494 consularis.
408 462 473 494 est
504 454 546 494 in
581 453 775 494 manibus
806 452 1025 493 laudatio:
1065 464 1191 506 quam
1224 463 1322 490 cum
1352 448 1548 502 legimus,

120 523 246 564 quem
272 508 574 564 philosophum
605 524 689 550 non
714 509 1024 550 contemnimus
1044 509 1056 548 ?
1090 521 1166 548 nec
1187 520 1282 547 vero
1303 505 1372 546 ille
1393 505 1434 544 in
1455 505 1550 547 luce

117 563 263 614 modo,
284 574 410 619 atque
439 567 482 606 in
512 566 646 607 oculis
676 565 826 607 civium
856 579 1065 620 magnus:
1103 563 1176 604 sed
1206 563 1317 604 intus
1346 561 1548 617 domique

115 621 396 676 praestantior.
429 622 500 678 qui
520 623 690 664 sermo?
712 637 806 678 quae
827 630 1037 677 praecepta
1055 622 1068 660 ?
1092 628 1251 676 quanta
1271 617 1419 659 notitia
1440 618 1549 659 anti·

116 676 289 732 quitatis
309 678 321 717 ?
345 692 439 733 quae
468 679 642 720 scientia
664 680 772 734 juris
792 678 982 733 augurii?
1007 676 1151 718 multae
1171 676 1313 725 etiam,
1335 683 1382 716 ut
1403 675 1444 715 in
1464 673 1546 715 ho-

116 733 231 774 mine
254 734 457 785 Romano,
478 735 642 776 litterae.
673 735 814 776 omnia
843 734 1047 775 memoria
1076 733 1261 781 tenebat,
1290 745 1372 772 non
1399 731 1548 772 dome-

116 789 222 830 stica
241 790 395 841 solum,
418 791 489 832 sed
509 792 635 832 etiam
658 802 826 832 externa
844 791 956 832 bella
974 809 983 830 :
1015 790 1135 845 cujus
1163 802 1356 830 sermone
1376 788 1435 828 ita
1455 797 1548 828 tum

114 845 270 901 cupide
291 847 472 898 fruebar,
491 849 608 904 quasi
630 848 718 904 jam
751 847 973 888 divinarem
998 847 1054 897 id,
1075 846 1190 902 quod
1210 845 1360 894 evenit,
1381 844 1453 884 illo
1473 858 1547 886 ex-

114 902 285 953 stincto,
307 904 412 955 fore,
433 905 544 945 unde
565 904 783 954 discerem,
808 905 1033 945 neminem.
1069 905 1285 959 Quorsum
1307 901 1436 956 igitur
1455 901 1545 942 haec
1560 902 1594 952 5

114 965 204 1000 tam
231 960 367 1001 multa
395 961 447 1002 de
478 962 699 1004 Maximo?
730 961 827 1016 quia
846 962 1036 1016 profecto
1056 960 1217 1010 videtis,
1238 958 1351 999 nefas
1373 971 1462 998 esse
1481 958 1546 999 di·
1563 978 1608 1011 13

113 1024 204 1066 ctu,
229 1017 424 1058 miseram
454 1017 582 1058 fuisse
611 1017 738 1058 talem
770 1027 1044 1058 senectutem.
1103 1017 1197 1057 Nec
1228 1025 1368 1056 tamen
1400 1029 1548 1055 omnes

114 1082 294 1127 possunt
322 1088 411 1115 esse
443 1074 673 1129 Scipiones,
694 1084 768 1115 aut
796 1074 990 1124 Maximi,
1011 1082 1058 1115 ut
1079 1073 1246 1113 urbium
1268 1071 1550 1127 expugnatio-

115 1142 204 1178 nes,
225 1138 272 1169 ut
292 1130 506 1184 pedestres
532 1131 744 1171 navalesve
771 1145 949 1186 pugnas,
972 1139 1020 1171 ut
1050 1129 1161 1171 bella
1188 1144 1211 1170 a
1240 1143 1282 1169 se
1315 1136 1450 1183 gesta,
1472 1128 1547 1168 tri-

114 1185 382 1241 umphosque
402 1187 686 1228 recordentur.
706 1195 770 1227 est
791 1188 918 1227 etiam
941 1187 1096 1242 quiete,
1116 1195 1159 1226 et
1179 1199 1296 1240 pure,
1314 1194 1357 1225 et
1376 1184 1547 1239 elegan-

113 1248 179 1281 ter
198 1249 302 1282 actae
324 1242 456 1282 aetatis
477 1243 640 1297 placida
659 1258 707 1284 ac
727 1243 830 1284 lenis
857 1252 1048 1284 senectus
1072 1259 1081 1283 ε
1111 1241 1279 1297 qualem
1309 1241 1549 1296 accepimus

114 1296 317 1349 Platonis,
339 1299 410 1354 qui
435 1313 521 1339 uno
541 1309 584 1340 et
605 1299 871 1354 octogesimo
900 1314 1009 1340 anno
1037 1299 1221 1340 scribens
1250 1306 1442 1338 mortuus
1469 1305 1549 1347 est,

113 1353 283 1409 qualem
305 1355 516 1406 Isocratis,
538 1356 611 1411 qui
639 1371 738 1397 eum
767 1356 938 1407 librum,
959 1356 1032 1412 qui
1055 1354 1383 1396 Panathenaicus
1403 1353 1549 1394 inscri-

113 1409 243 1462 bitur,
260 1419 412 1466 quarto
436 1420 479 1452 et
509 1413 784 1468 nonagesimo
805 1427 915 1454 anno
938 1421 972 1444 11
991 1412 1204 1467 scripsisse
1226 1425 1270 1451 se
1290 1410 1406 1460 dicit,
1428 1409 1548 1450 vixit-

113 1480 198 1522 que
227 1468 557 1523 quinquennium
590 1478 764 1525 postea:
796 1470 918 1525 cujus
947 1468 1149 1524 magister
1179 1467 1412 1508 Leontinus
1436 1467 1550 1506 Gor-

111 1523 220 1578 gias,
241 1533 413 1566 centum
433 1534 476 1565 et
497 1534 656 1580 septem
680 1526 906 1580 complevit
926 1540 1058 1566 annos
1076 1542 1086 1566 ε
1127 1539 1264 1580 neque
1285 1537 1486 1578 umquam
1507 1522 1551 1562 in

113 1593 193 1620 suo
212 1580 367 1631 studio,
388 1589 515 1637 atque
533 1596 659 1637 opere
684 1583 873 1623 cessavit.
905 1583 993 1638 qui,
1013 1596 1111 1623 cum
1133 1596 1184 1622 ex
1203 1595 1254 1622 eo
1277 1587 1552 1635 quaereretur,

112 1650 190 1677 cur
208 1636 371 1678 tamdiu
398 1637 522 1679 vellet
541 1653 632 1679 esse
650 1639 692 1680 in
711 1639 822 1680 vita?
855 1639 978 1680 Nihil
1004 1638 1157 1688 habeo,
1178 1637 1329 1692 inquit,
1349 1634 1462 1692 quod
1484 1635 1549 1675 in-

112 1705 259 1734 cusem
280 1702 553 1735 senectutem.
606 1695 858 1736 Praeclarum
878 1709 1144 1751 responsum,
1166 1702 1208 1734 et
1227 1694 1356 1734 docto
1377 1691 1548 1732 homine
1564 1695 1613 1727 14

112 1748 308 1804 dignum.
367 1751 454 1791 Sua
473 1751 583 1792 enim
606 1751 704 1792 vitia
725 1751 980 1807 insipientes,
1001 1761 1046 1792 et
1072 1765 1192 1791 suam
1212 1749 1398 1805 culpam,
1420 1748 1462 1789 in
1484 1761 1549 1788 se·
1559 1752 1587 1782 1>-
1603 1750 1653 1775 ⁸⁰·

112 1815 326 1847 nectutem
348 1807 569 1848 conferunt
586 1823 596 1848 ε
629 1807 744 1864 quod
766 1822 850 1848 non
871 1808 1053 1849 faciebat
1071 1808 1120 1859 is,
1138 1806 1261 1864 cujus
1280 1805 1410 1855 modo
1429 1819 1548 1847 men·
1558 1796 1587 1817 a.

112 1861 271 1903 tionem
291 1863 387 1915 feci,
407 1864 582 1915 Ennius,

218 1953 318 1991 Sicut
322 1954 430 2003 fortis
449 1968 565 2004 equus,
584 1955 691 2005 spatio
709 1955 768 2006 qui
785 1967 871 2006 saepe
888 1966 1037 2006 supremo

221 2007 313 2044 Vicit
338 2008 510 2059 Ofympia,
528 2022 616 2045 nunc
634 2009 718 2045 senio
736 2007 892 2058 corgfectu'
913 2009 1061 2060 quiescit.

112 2091 223 2148 Equi
252 2091 387 2143 fortis,
417 2100 460 2133 et
489 2092 657 2134 victoris
684 2093 894 2134 senectuti
922 2100 1140 2149 comparat
1171 2107 1321 2134 suam:
1366 2101 1402 2125 12
1422 2109 1551 2150 quam

113 2148 284 2217 quidem
304 2149 437 2204 probe
459 2150 699 2192 meminisse
719 2150 910 2206 potestis.
956 2150 1084 2190 Anno
1105 2149 1216 2190 enim
1240 2149 1553 2192 undevicesimo

113 2214 212 2260 post
229 2205 322 2261 ejus
344 2214 540 2258 mortem,
561 2206 605 2247 hi
625 2207 834 2257 consules,
853 2207 904 2248 T.
926 2206 1200 2256 Flamininus,
1221 2215 1264 2247 et
1283 2207 1334 2247 M
1352 2207 1365 2247 ?
1387 2207 1554 2248 Acilius

113 2260 215 2302 facti
235 2271 331 2303 sunt
351 2278 360 2302 ε
392 2262 463 2303 ille
483 2272 624 2303 autem
646 2263 866 2318 Caepione,
889 2274 934 2304 et
958 2263 1153 2318 Philippo
1176 2263 1346 2313 iterum,
1366 2264 1554 2305 consuli-

111 2316 211 2368 bus,
226 2327 419 2360 mortuus
439 2327 530 2359 est:
562 2333 661 2360 cum
690 2334 773 2374 ego
804 2319 993 2375 quidem,
1016 2333 1048 2361 v
1077 2328 1120 2360 et
1153 2333 1216 2360 Lx
1248 2334 1380 2360 annos
1411 2330 1553 2371 natus,

111 2373 253 2429 legem
273 2376 510 2418 Voconiam
536 2390 638 2420 voce
666 2391 836 2431 magna,
866 2386 909 2417 et
936 2375 1058 2417 bonis
1086 2376 1288 2417 lateribus
1314 2376 1553 2417 suasissem.

110 2431 262 2471 Annos
297 2444 394 2472 Lxx
430 2441 554 2474 natus
590 2435 674 2486 (tot
701 2433 815 2473 enim
844 2433 944 2474 vixit
973 2432 1150 2486 Ennius)
1175 2432 1233 2473 ita
1261 2432 1424 2474 ferebat
1449 2433 1553 2483 dun,

110 2501 209 2543 quae
229 2487 412 2528 maxima
428 2498 632 2543 putantur
652 2503 792 2541 onera,
813 2497 1105 2546 paupertatem
1131 2498 1175 2530 et
1203 2499 1481 2540 senectutem,
1504 2499 1553 2530 ut

110 2543 172 2599 eis
191 2558 313 2600 paene
334 2543 530 2587 delectari
554 2545 776 2590 videretur.
835 2547 1018 2598 Etenim,
1039 2560 1137 2588 cum
1164 2546 1432 2602 contemplor
1460 2545 1605 2590 ani-15

159 2673 199 2697 10
221 2666 270 2696 M.
283 2665 365 2706 filit]
394 2666 581 2698 Praenomen
606 2669 655 2699 M.
679 2669 811 2701 sustulit
846 2669 939 2709 psisse
954 2679 983 2698 se
997 2668 1080 2699 dicit.
1120 2669 1160 2699 Et
1174 2669 1253 2698 dixit
1267 2678 1344 2698 sane
1359 2669 1390 2698 id
1406 2669 1438 2698 in
1454 2667 1554 2698 Pana-

116 2709 264 2748 Langius.
287 2710 378 2739 bene.
401 2719 477 2739 nam
502 2720 613 2741 omnes
636 2713 665 2742 ei
689 2722 812 2752 praeno-
854 2713 1004 2742 thenaico
1018 2722 1049 2752 p.
1067 2719 1140 2742 288.
1157 2712 1193 2742 E.
1216 2712 1322 2750 itaque
1338 2712 1369 2741 id
1385 2711 1497 2750 recepi.

116 2759 194 2783 men
216 2752 258 2782 9.
281 2753 376 2782 fuisse
403 2753 541 2784 tradunt.
559 2761 593 2784 et
614 2755 668 2785 bic
689 2765 811 2795 praeno-
901 2762 938 2785 12
962 2766 1046 2797 quem
1073 2755 1188 2797 quidem
1211 2754 1298 2793 probe
1323 2753 1482 2782 meminisse
1501 2758 1555 2791 po·

115 2804 193 2825 men
207 2796 270 2825 hoc
285 2795 428 2825 alienum
445 2802 500 2825 est.
855 2796 949 2836 testis]
976 2798 1107 2828 Videtur
1124 2797 1302 2837 tegendum
1328 2806 1418 2838 quam
1441 2795 1556 2837 quidem

161 2844 196 2868 ιι
220 2837 363 2877 scripsisse
385 2837 510 2878 dicitur]
534 2838 598 2871 Ms.
621 2839 719 2872 Palat.
740 2840 813 2872 sm’-
855 2842 877 2870 i.
890 2849 919 2870 e.
934 2848 1146 2873 senectutem.

181 2892 294 2922 vm„
316 2893 384 2923 ιν.
409 2893 447 2922 P.
469 2893 527 2922 11.
864 2894 889 2935 3
912 2894 936 2922 ιτ
