1844 3202
595 124 775 164 LIBER
809 115 1090 162 TERTIUs.
1475 127 1548 167 771

167 234 252 279 Sed
272 233 462 278 incidunt
483 236 548 289 (ut
568 246 693 288 supra
712 231 814 285 dixi)
837 245 948 288 saepc
968 245 1121 281 causae,
1145 237 1185 264 ⁵9
1198 231 1293 271 cum
1312 241 1545 284 repugnare
1559 239 1612 271 50

114 293 270 335 utilitas
292 292 502 335 honestati
522 289 699 340 videtur,
721 299 769 331 ut
792 286 1207 331 animadvertendum
1231 285 1300 334 sit,
1318 295 1548 340 repugnet-

111 364 164 390 ne
194 350 331 406 plane,
351 363 404 390 an
433 347 565 403 possit
596 361 692 388 cum
725 346 947 388 honestate
977 343 1196 400 conjungi.
1256 343 1359 398 Ejus
1384 343 1549 396 generis

111 405 179 448 11ae
201 413 298 448 sunt
317 404 599 461 quaestiones:
631 404 673 444 Si
708 403 906 459 (exempli
931 402 1083 458 gratia)
1117 402 1177 441 vir
1205 399 1343 440 bonus
1364 398 1550 439 Alexan-

111 463 203 504 dria
223 462 419 503 Rhodum
447 475 652 516 magnum
674 460 872 506 frumenti
895 473 1117 500 numerum
1139 455 1347 498 advexerit
1367 455 1408 494 in
1433 454 1551 496 Rho-

110 519 276 560 diorum
297 518 438 573 inopia
458 528 500 558 et
529 518 654 568 fame,
675 531 924 573 summaque
953 530 1128 556 annonae
1149 513 1322 556 caritate
1341 528 1350 552 ε
1383 511 1416 551 si
1437 511 1550 552 idem

110 575 228 626 sciat,
257 574 497 630 complures
526 584 779 616 mercatores
800 572 1057 615 Alexandria
1078 571 1263 620 solvisse,
1285 582 1489 624 navesque
1508 568 1552 609 in

111 646 253 683 cursu,
283 632 496 672 frumento
531 641 718 682 onustas,
739 640 944 687 petentes-
961 629 1177 679 Rhodum,
1199 626 1348 667 viderit
1369 642 1377 666 :
1410 625 1551 666 dictu-

109 702 234 730 rusne
254 688 308 729 sit
328 687 368 729 id
393 687 582 739 Rhodiis,
604 702 655 728 an
679 688 846 729 silentio
866 702 990 729 suum
1012 700 1138 742 quam
1160 683 1344 741 plurimo
1360 681 1554 722 venditu-

111 747 211 786 rus?
243 745 499 800 Sapientem,
521 755 564 786 et
594 745 755 785 bonum
786 745 920 785 virum
947 743 1173 798 fingimus:
1206 740 1257 781 de
1278 739 1370 796 ejus
1391 738 1551 779 delibe-

109 802 272 843 ratione
306 810 349 842 et
381 801 690 843 consultatione
724 802 980 857 quaerimus:
1011 799 1083 856 qui
1118 798 1330 839 celaturus
1363 795 1555 837 Rhodios

109 873 195 900 non
228 859 294 909 sit,
331 858 366 899 si
402 857 446 899 id
481 867 604 913 turpe
634 857 800 914 judicet
819 875 828 900 :
860 857 933 899 sed
969 856 1150 905 dubitet,
1183 861 1224 887 60
1243 864 1364 908 turpe
1399 853 1467 904 sit,
1500 867 1553 894 an

112 930 196 956 non
218 915 284 956 sit.
335 915 384 955 In
407 914 655 971 hujusmodi
676 916 812 956 causis
829 914 943 956 aliud
962 913 1150 968 Diogeni
1170 910 1407 967 Babylonio
1425 908 1552 951 videri
1566 925 1611 955 51

111 972 234 1022 solet,
254 985 413 1027 magno
434 982 478 1013 et
497 972 613 1028 gravi
635 972 795 1022 Stoico,
816 971 931 1012 aliud
952 971 1195 1026 Antipatro,
1217 967 1425 1023 discipulo
1445 966 1552 1022 ejus,

113 1028 276 1069 homini
312 1028 571 1069 acutissimo.
631 1029 873 1084 Antipatro,
909 1027 1052 1076 omnia
1082 1024 1385 1082 patefacienda,
1423 1034 1471 1065 ut
1503 1037 1557 1064 ne

113 1086 216 1141 quid
236 1085 425 1136 omnino,
447 1085 561 1141 quod
594 1085 785 1126 venditor
805 1085 928 1135 norit,
960 1092 1098 1126 emtor
1126 1084 1320 1139 ignoret:
1351 1080 1556 1136 Diogeni,

112 1142 389 1192 venditorem,
421 1154 628 1198 quatenus
649 1143 747 1198 jure
772 1142 880 1183 civili
908 1141 1188 1182 constitutum
1211 1140 1277 1189 sit,
1299 1137 1438 1179 dicere
1460 1137 1558 1178 vitia

112 1209 308 1254 oportere
327 1215 336 1239 ε
371 1211 509 1239 cetera
549 1199 637 1239 sine
675 1199 835 1240 insidiis
873 1212 1001 1254 agere
1020 1214 1028 1238 :
1070 1206 1112 1238 et
1151 1195 1352 1253 quoniam
1389 1193 1556 1245 vendat,

112 1254 218 1296 velle
239 1269 365 1310 quarn
388 1255 550 1310 optime
576 1255 768 1296 vendere.
829 1254 1007 1305 Advexi‚
1027 1253 1216 1310 exposui,
1249 1251 1382 1293 vendo
1409 1265 1554 1292 meum

113 1326 198 1353 non
219 1312 365 1367 pluris,
388 1326 513 1367 quam
537 1313 692 1353 ceteri:
720 1312 896 1354 fortasse
923 1312 1050 1353 etiam
1083 1310 1272 1360 minoris,
1293 1324 1393 1350 cum
1420 1307 1557 1364 major

110 1376 175 1410 est
194 1369 331 1424 copia.
351 1369 420 1409 cui
456 1369 499 1409 fit
525 1369 709 1425 injuria?
743 1369 940 1410 Exoritur
969 1368 1184 1423 Antipatri
1211 1367 1318 1407 ratio
1345 1380 1398 1406 ex
1424 1365 1555 1406 altera
1567 1367 1618 1400 52

112 1434 257 1481 parte:
289 1425 406 1481 Quid
436 1425 528 1466 ais?
563 1437 624 1476 tu,
655 1440 753 1467 cum
785 1425 1028 1467 hominibus
1059 1423 1277 1466 consulere
1311 1422 1480 1472 debeas,
1510 1429 1556 1463 et

113 1482 263 1523 servire
291 1483 486 1523 humanae
517 1483 725 1534 societati,
754 1497 887 1539 eaque
916 1482 1012 1538 lege
1032 1491 1155 1522 natus
1177 1481 1246 1530 sis,
1267 1488 1309 1521 et
1330 1493 1380 1520 ea
1399 1477 1556 1519 habeas

112 1539 317 1637 principia
337 1549 512 1590 naturae,
535 1540 687 1596 quibus
706 1554 866 1595 parere,
887 1548 929 1580 et
947 1554 1042 1595 quae
1063 1538 1183 1595 sequi
1211 1537 1380 1587 debeas,
1402 1544 1450 1576 ut
1470 1535 1556 1576 uti-

132 1598 208 1637 itas
238 1604 325 1646 tua,
355 1597 594 1637 communis
623 1597 782 1637 utilitas
813 1597 881 1646 sit,
902 1596 1168 1652 vicissimque
1200 1593 1440 1636 communis
1471 1591 1602 1633 uti-b.

112 1652 222 1703 litas,
244 1663 317 1693 tua
347 1653 415 1703 sit,
437 1653 593 1694 celabis
615 1653 823 1704 homines,
845 1653 946 1708 quid
978 1653 1027 1693 iis
1049 1653 1158 1692 adsit
1177 1649 1494 1692 commoditatis
1514 1656 1558 1689 et

115 1709 279 1764 copiae?
314 1710 603 1765 Respondebit
622 1711 841 1765 Diogenes
862 1711 1038 1750 fortasse
1066 1710 1138 1758 sie,
1161 1706 1295 1749 Aliud
1315 1715 1379 1747 est
1408 1707 1559 1756 celare,

115 1765 231 1806 aliud
252 1775 389 1807 tacere
409 1783 418 1808 :
451 1781 589 1822 neque
622 1780 704 1822 ego
735 1780 845 1808 nunc
866 1777 908 1808 te
942 1766 1048 1817 celo,
1069 1766 1103 1807 si
1124 1765 1200 1807 tibi
1222 1779 1307 1805 non
1328 1763 1440 1813 dico,
1463 1777 1560 1818 quae

115 1831 264 1863 natura
292 1822 469 1864 deorum
501 1825 569 1874 sit,
601 1828 634 1855 ⁶1
656 1823 728 1880 qui
759 1824 812 1865 sit
841 1823 934 1864 finis
964 1823 1200 1864 bonorum:
1233 1837 1328 1877 quae
1360 1820 1436 1861 tibi
1462 1819 1560 1875 plus

114 1878 364 1934 prodessent
382 1881 570 1935 cognita,
593 1887 631 1912 62
648 1896 776 1938 quam
797 1880 925 1921 tritici
944 1879 1079 1921 vilitas
1098 1896 1107 1920 z
1132 1879 1205 1920 sed
1227 1893 1327 1928 non,
1350 1875 1559 1933 quidquid

113 1935 192 1976 tibi
214 1935 358 1976 audire
379 1937 482 1978 utile
503 1949 581 1988 est,
603 1937 647 1978 id
674 1937 779 1978 mihi
810 1936 949 1977 dicere
969 1951 1138 1977 necesse
1159 1945 1237 1977 est.
1298 1935 1439 1975 Immo
1460 1947 1557 1974 vero
1570 1940 1619 1973 53

119 1992 297 2048 (inquiet
315 1992 403 2045 ille)
428 2007 600 2050 necesse
620 2004 698 2046 est,
719 1994 753 2035 si
775 1993 944 2050 quidem
975 1993 1220 2042 meministi,
1243 2006 1334 2033 esse
1352 1991 1458 2032 inter
1478 1989 1560 2031 ho-

116 2049 250 2090 mines
279 2059 426 2090 natura
456 2050 729 2107 conjunctam
751 2051 1012 2092 societatem.
1073 2049 1268 2099 Memini,
1291 2048 1454 2104 inquiet
1473 2046 1559 2098 ille,

117 2105 192 2146 sed
223 2120 325 2146 num
356 2107 436 2148 ista
465 2108 645 2149 societas
675 2107 770 2149 talis
800 2117 879 2158 est,
897 2117 947 2148 ut
976 2107 1082 2148 nihil
1103 2122 1227 2148 suum
1247 2105 1455 2162 cujusque
1473 2104 1557 2145 sit?

117 2162 233 2218 quod
254 2162 288 2203 si
310 2162 369 2204 ita
389 2172 468 2213 est,
487 2178 541 2205 ne
559 2164 820 2206 vendendum
845 2163 1017 2221 quidem
1040 2164 1270 2220 quidquam
1290 2171 1368 2212 est,
1389 2161 1460 2202 sed
1481 2160 1561 2201 do-

118 2218 317 2261 nandum.
377 2220 509 2261 Vides
541 2221 585 2262 in
617 2222 698 2263 hac
734 2231 826 2264 tota
858 2221 1164 2277 disceptatione
1203 2231 1286 2261 non
1321 2218 1428 2260 illud
1461 2217 1559 2269 dici,
1579 2214 1643 2262 13

118 2276 321 2332 Quamvis
338 2276 421 2318 hoc
442 2286 566 2334 turpe
586 2278 662 2329 sit3
684 2287 840 2329 tamen,
861 2279 1061 2334 quoniam
1083 2277 1267 2333 expedit,
1288 2276 1462 2318 faciam:
1485 2275 1561 2316 sed

118 2332 189 2396 ita·
198 2332 408 2388 expedire,
429 2343 479 2376 ut
498 2343 623 2391 turpe
649 2349 732 2376 non
753 2335 833 2376 sit:
864 2350 916 2376 ex
935 2334 1065 2376 altera
1095 2343 1236 2376 autem
1259 2342 1401 2389 parte3
1431 2347 1482 2373 ea
1502 2346 1561 2383 re,

119 2404 220 2445 quia
248 2400 370 2445 turpe
402 2391 470 2443 sit,
493 2406 577 2433 non
598 2407 689 2434 esse
707 2392 963 2433 faciendum.
1021 2392 1192 2433 Vendat
1212 2391 1323 2432 aedes
1343 2390 1402 2431 vir
1423 2390 1560 2431 bonus
1574 2393 1626 2428 54

118 2454 294 2502 propter
320 2447 464 2504 aliqua
490 2449 604 2501 vitia,
624 2464 720 2506 quae
749 2449 840 2506 ipse
870 2449 997 2500 norit,
1017 2449 1149 2490 ceteri
1175 2448 1402 2505 ignorent:
1434 2447 1563 2502 pesti-

163 2579 204 2605 59
226 2583 290 2601 cum
313 2578 473 2612 repugnare
493 2585 525 2605 u.
546 2574 575 2604 b.
602 2572 738 2616 vidi-tur]
763 2575 817 2605 Sic
905 2579 944 2605 62
969 2586 1057 2616 quam
1080 2574 1174 2604 tritici
1195 2572 1315 2612 vilitas]
1342 2573 1394 2603 Sic
1410 2582 1465 2612 pro
1480 2571 1563 2601 utili-

120 2614 186 2645 Ms.
202 2615 277 2646 Cur.
294 2622 387 2646 recte.
403 2616 501 2656 vulgo
516 2617 666 2648 videatur.
862 2624 907 2647 tas
923 2618 1095 2657 legendum
1111 2619 1236 2648 dudum
1252 2619 1307 2647 viri
1321 2617 1404 2646 docti
1417 2616 1564 2646 viderunt

164 2662 205 2688 60
228 2665 310 2698 turpe
324 2659 364 2688 sit
379 2670 417 2688 an
429 2670 482 2689 non
496 2660 548 2700 sit]
566 2661 619 2691 Sic
633 2662 703 2691 dedi
719 2658 739 2691 e*
753 2661 817 2691 Ms.
863 2661 1064 2698 Passeratius,
1089 2661 1240 2700 Langffls,
1265 2660 1410 2690 Olivetus
1433 2660 1492 2688 ὄιε-
1516 2659 1573 2688 sic:⁴

120 2699 196 2729 Cur.
211 2711 267 2740 pro
282 2702 412 2742 vulgato
433 2713 472 2732 an
494 2709 578 2742 turpe
596 2715 650 2734 non
663 2704 714 2742 sit,
732 2705 820 2744 quod
862 2705 959 2734 edidit
980 2704 1051 2734 Car.
1069 2705 1262 2743 Stephanus.
1279 2703 1310 2732 in
1335 2702 1415 2732 Mss.
1432 2702 1565 2740 quibus-

121 2752 188 2791 esse
204 2745 354 2775 vitiosum
372 2747 468 2776 etiam
484 2746 536 2776 alii
553 2747 708 2777 viderunt.
730 2748 821 2777 Pear-
862 2747 939 2777 dam
961 2748 1072 2786 reperit
1094 2745 1328 2784 Pearcius‚.qui
1352 2753 1383 2775 et
1397 2745 1442 2774 sic
1459 2744 1566 2774 edidit.

122 2795 191 2816 clus
207 2788 396 2826 conjiciebat
411 2796 494 2829 turpe
509 2800 546 2818 an
562 2801 614 2818 non
629 2791 676 2819 sit.
863 2791 959 2819 verba
980 2791 1050 2820 haec
1073 2797 1253 2830 permutata
1273 2794 1350 2819 suut
1372 2794 1403 2818 et
1414 2788 1498 2828 apud
1514 2787 1566 2818 Li·

142 2870 149 2876 ι
169 2833 206 2860 61
231 2831 283 2873 qui
302 2831 342 2861 sit
351 2831 430 2873 finis
452 2830 497 2874 b.]
522 2832 629 2872 Vulgo
650 2832 734 2864 male
756 2832 823 2875 quis
864 2833 955 2863 vium
972 2840 1026 2870 45,
1043 2840 1097 2865 23.

123 2877 174 2903 nt.

873 2929 898 2972 3
924 2930 953 2957 1³
974 2928 1004 2969 4
