1844 3202
308 116 384 150 888
680 112 740 149 Μ.
780 112 997 150 TULLII
1033 112 1372 151 CICERONIS

360 220 509 283 Non.)
543 218 609 284 ᾼο
637 219 744 272 vide,
764 236 816 262 an
845 221 966 262 facile
994 230 1041 264 tu
1071 222 1157 264 fieri
1183 222 1384 278 potueris,
1413 235 1508 263 cum
1537 222 1570 263 is
1600 222 1735 264 factus

306 290 389 316 non
410 286 478 327 S1t,
497 291 565 318 cul
582 286 629 318 tu
648 288 905 319 eonces51st1.

359 333 438 374 No
452 347 495 373 N.
514 333 778 388 Strophium.)
807 334 918 375 Cum
939 333 1129 390 strophio
1148 345 1340 377 accurate
1361 334 1677 391 praecingerere.

361 389 579 446 QUINCT.
602 389 630 430 l.
652 400 689 431 8.
710 406 743 432 c.
765 395 821 444 6.)
858 392 1082 446 Integritas
1109 400 1181 432 tua
1210 400 1252 432 te
1277 393 1485 448 purgavit,
1512 391 1615 432 mihi
1642 406 1733 432 cre—

304 445 371 496 de,
388 446 524 500 pudor
544 447 601 487 eri
634 447 710 498 uit,
730 447 813 488 vita
832 456 1025 488 anteacta
1044 448 1230 489 servavit.

359 503 578 558 QUINCT.
621 503 671 544 ib.
692 515 731 553 9.
755 519 787 544 c.
811 504 866 555 2.)
901 506 925 530 »ἶ
947 503 1112 559 Quibus
1141 505 1234 553 iste,
1264 504 1334 559 qui
1363 505 1507 562 omnia
1533 504 1734 545 sacrificia

304 568 461 609 nosset,
482 559 603 599 facile
624 573 648 600 a
668 574 711 600 se
733 560 833 600 deos
855 559 1010 615 placari
1031 574 1154 614 posse.
1174 561 1466 602 arbitrabatur.

359 616 578 671 QU1NCT.
609 614 638 657 l.
668 625 705 657 8.
734 631 766 657 c.
795 617 850 669 3.)
885 618 984 673 Quo
1013 630 1062 656 ex
1087 617 1266 673 judicio,
1295 618 1408 658 velut
1442 633 1492 659 ex
1521 617 1733 668 incendio,

303 672 442 712 nudus
463 672 626 727 effugit.

360 727 472 768 Cle.
505 728 576 768 lib.
606 739 640 769 1.
672 728 727 769 ad
748 729 858 782 Att.)
894 731 1032 780 Erras,
1065 728 1218 773 Clodi:
1249 744 1332 771 non
1363 738 1404 770 te
1427 729 1594 785 judices
1624 728 1733 779 urbi,

301 783 373 824 sed
409 785 564 825 carceri
599 796 884 836 reservarunt,
917 801 1052 841 neque
1086 796 1127 826 te
1160 787 1336 828 retinere
1372 786 1413 826 in
1449 786 1630 837 civitate,
1660 785 1733 826 scd

300 840 446 882 exsilio
480 842 639 896 privare
674 843 909 883 voluerunt.
969 844 1259 899 Quamobrem
1295 844 1338 882 P.
1373 842 1423 883 C.
1462 842 1609 897 erigite
1643 843 1732 883 ani·

301 911 409 947 mos,
434 898 609 939 retinete
629 907 805 940 vestram
839 899 1115 954 dignitatem:
1148 908 1289 940 manet
1318 898 1389 939 illa
1408 899 1449 939 in
1480 913 1565 954 rep.
1598 899 1731 940 bono-

300 967 394 993 rum
435 955 688 995 consensio:
739 956 861 996 dolor
891 957 1065 996 accessit
1107 956 1228 996 bonis
1259 955 1368 1005 viris,
1398 956 1525 996 virtus
1557 970 1640 995 non
1670 964 1733 996 est

299 1008 553 1051 imminuta:
584 1011 687 1052 nihil
717 1022 779 1053 est
801 1011 944 1053 damni
975 1013 1133 1053 factum
1166 1013 1274 1061 novi,
1296 1011 1370 1052 sed
1401 1011 1516 1066 quod
1546 1021 1648 1061 erat,
1669 1012 1730 1052 in-

301 1075 466 1107 ventum
490 1067 616 1108 estin
645 1070 767 1110 unius
797 1068 979 1110 hominis
1009 1069 1159 1125 perditi
1183 1068 1376 1126 judicio:
1407 1069 1548 1123 plures
1574 1067 1731 1109 similes

299 1124 450 1179 reperti
473 1133 583 1166 sunt.

984 1215 1054 1255 De

581 1284 737 1324 REGE
782 1283 1123 1325 PTOLEMAEO
1166 1284 1284 1325 Orat.
1316 1285 1436 1325 XVI.

356 1350 543 1392 Aaou„
574 1359 611 1391 et
646 1353 870 1393 FonTUN.
903 1360 939 1393 et
972 1353 1251 1405 IWARCIAN.)
1286 1351 1479 1394 Difficilis
1500 1353 1606 1394 ratio
1633 1353 1731 1395 belli

297 1408 472 1463 gerendi
489 1423 501 1458 3
533 1416 575 1449 at
594 1408 717 1464 plena
738 1407 848 1459 fidei,
870 1409 989 1464 plena
1012 1409 1193 1465 pietatis·

1038 1498 1117 1537 Pro

690 1565 734 1604 P.
762 1563 1019 1605 VATINIO
1051 1563 1169 1604 Orat.
1193 1564 1339 1604 XVII.

354 1632 460 1674 C1c.
481 1632 599 1687 epist.
623 1630 691 1671 lib.
716 1633 766 1684 l.)
804 1631 928 1671 Facio
960 1630 1175 1687 quiddam,
1206 1631 1322 1687 quod
1347 1632 1387 1672 in
1422 1633 1630 1674 Eunucho
1655 1647 1727 1688 pa·

296 1690 447 1732 rasitus
469 1688 619 1730 suadet
639 1687 777 1729 militi.

464 1767 553 1808 Ubi
573 1766 808 1807 nominabit
830 1765 1079 1816 Phaedriam,
1100 1775 1147 1806 tu
1170 1765 1428 1820 Pamphilam

465 1823 698 1864 Continuo.
722 1823 755 1863 si
777 1823 946 1878 quando
967 1823 1039 1863 illa
1059 1822 1184 1873 dicet,
1208 1822 1441 1862 Phaedriam

465 1880 808 1921 Commessatum
832 1879 1163 1921 intromittamus
1183 1895 1192 1919 ε
1225 1889 1286 1930 tu,
1310 1878 1570 1934 Pamphilam

464 1936 697 1978 Cantatum
717 1951 1007 1992 provocemus.
1031 1936 1064 1976 si
1083 1935 1272 1976 laudabit
1292 1935 1383 1976 haec

463 1992 584 2035 Illius
605 1993 802 2043 formam,
825 2002 871 2034 tu
892 1992 1018 2049 hujus
1040 2001 1199 2033 contra.
1220 1992 1400 2047 denique

465 2050 542 2090 Par
561 2064 637 2105 pro
653 2049 741 2105 pari
763 2050 931 2100 referto,
952 2049 1067 2105 quod
1088 2063 1181 2089 eam
1204 2048 1410 2090 mordeat.

293 2128 363 2170 Sic
388 2135 487 2183 peto
507 2143 532 2169 a
551 2127 682 2180 vobis,
697 2128 878 2185 judices,
899 2137 948 2170 ut
975 2129 1173 2185 quoniam
1204 2129 1374 2185 quidam
1400 2129 1562 2170 nobiles
1588 2129 1727 2171 homi-

292 2199 380 2236 nes,
401 2193 444 2225 et
471 2184 522 2225 de
550 2199 618 2226 me
638 2186 798 2241 optime
827 2186 979 2236 meriti,
999 2185 1121 2227 nimis
1144 2195 1287 2227 amant
1318 2186 1535 2227 inimicum
1568 2199 1727 2237 meum,

292 2255 447 2297 meque
470 2241 744 2297 inspectante,
766 2257 878 2298 saepe
904 2257 1001 2283 eum
1030 2243 1071 2282 in
1104 2252 1251 2283 senatu
1282 2242 1410 2284 modo
1438 2256 1573 2283 severe
1600 2242 1725 2283 sedu-

292 2308 411 2349 cunt,
432 2298 560 2339 modo
580 2298 838 2340 familiariter
858 2308 986 2355 atque
1005 2299 1134 2340 hilare
1154 2299 1444 2355 amplexantur
1463 2315 1472 2339 ε
1504 2299 1727 2353 quoniam-

293 2368 377 2409 que
408 2354 468 2395 illi
503 2354 659 2396 habent
689 2370 813 2396 suum
846 2355 1057 2407 Publium,
1088 2355 1194 2396 detis
1235 2355 1338 2396 mihi
1369 2355 1448 2409 ipsi
1479 2354 1608 2396 alium
1643 2356 1726 2396 Pu-

290 2411 443 2461 blium,
470 2411 510 2451 in
535 2426 622 2466 quo
648 2412 804 2467 possim
835 2427 981 2455 eorum
1009 2412 1171 2453 animos
1200 2411 1465 2453 mediocriter
1491 2411 1725 2463 lacessitus,

292 2467 436 2510 leviter
455 2481 701 2524 repungere.

973 2556 1052 2596 Pro

533 2632 600 2673 M.
632 2632 870 2674 AEMILIO
902 2634 1144 2677 SCAURO
1168 2634 1286 2676 Orat.
1309 2636 1479 2678 XVIII,

348 2714 574 2754 FORTUN.
601 2720 639 2754 et
670 2713 898 2755 AUGUST.
929 2714 970 2755 in
992 2714 1126 2767 Rhet.)
1162 2715 1351 2757 Maxime
1380 2715 1461 2758 fuit
1487 2717 1720 2772 optandum

290 2770 357 2813 M.
387 2770 559 2821 Scauro,
577 2769 759 2826 judiees,
780 2778 829 2811 ut
857 2771 972 2813 nullo
992 2781 1188 2828 suscepto
1216 2772 1466 2830 cujusquam
1496 2773 1609 2826 odio,
1630 2774 1718 2817 sine

290 2826 532 2879 offensione,
551 2841 600 2870 ac
620 2826 825 2872 molestia.
