1844 3202
291 145 371 187 902
670 138 731 176 M.
759 138 973 178 TULLII
1012 140 1346 180 CICERONIS

290 246 430 288 omnis
447 261 552 312 ergo
561 247 771 312 populu&
792 249 865 304 qui
885 258 949 290 est
969 249 1062 290 talis
1083 259 1219 292 coetus
1240 250 1538 315 multitudinis,
1554 251 1722 308 qualem

290 304 480 359 exposui,
495 304 637 345 civitas
658 315 744 345 est:
767 307 903 347 omnis
925 305 1084 357 civitas,
1102 321 1195 362 quae
1217 318 1279 349 cst
1300 307 1546 349 constitutio
1562 309 1724 365 populi,

289 361 539 415 respublica.

345 417 402 457 D.
436 419 511 458 Au
522 432 667 459 GUST
700 418 817 483 epjst.
847 421 904 470 5.)
947 421 971 445 ’'ss
991 418 1105 459 brevi
1139 419 1368 461 multitudo
1405 420 1564 462 diversa
1595 432 1722 478 atque

290 488 410 529 xaga,
432 474 659 515 concordia
679 475 822 516 civitas
844 476 953 515 facta
974 485 1076 515 erat.

344 532 476 572 NON.
501 532 772 586 Cognoscmme)
808 531 1081 586 Cognoscere
1101 531 1526 590 mehercule‚'1nquit‚
1546 549 1723 576 consue-

287 587 477 628 tudinem
501 589 639 636 istam,
659 598 700 629 et
723 588 927 639 studium,
947 603 1284 644 sermonemque.

345 645 542 684 SENECA
585 643 655 684 lil.
694 655 750 695 19.
790 661 810 685 e
808 645 924 700 pist.)
984 647 1009 672 ²*
1042 644 1149 686 duos
1196 647 1409 687 Romanos
1455 662 1575 703 reges
1615 663 1721 699 csse,

287 715 471 755 quorum
507 701 614 741 alter
647 713 808 756 patrem
848 716 931 742 non
966 701 1107 753 habet,
1140 702 1245 744 alter
1273 712 1468 743 matrem.
1526 706 1639 746 Nam
1669 705 1722 746 de

288 757 418 798 Servii
448 767 581 798 matre
609 757 841 800 dubitatur.
911 759 1071 799 ‚Anci
1095 759 1248 800 Marcii
1273 770 1390 815 pater
1411 775 1579 816 quoque
1598 763 1723 818 igno-

287 825 415 855 ratur.
446 823 610 855 tantum
633 815 700 856 hic
723 816 926 865 Marcius,
947 816 992 857 N
997 831 1105 856 umae
1129 831 1258 872 nepos
1279 816 1445 858 dicitur.

344 872 477 912 NON.
499 870 754 924 Dimittera)
796 873 906 913 Tum
939 873 1121 915 instituti
1148 874 1274 914 annui
1306 874 1514 924 consules,
1536 882 1627 916 tum
1658 875 1721 916 di-

287 927 405 968 missi
426 928 586 985 populo
607 928 754 969 fasces.

343 985 543 1025 SENECA
567 984 594 1024 l.
620 995 677 1035 19.
703 985 839 1040 epist.)
874 988 899 1013 ⁵¹⁴⁶
922 985 1264 1041 provocationem
1286 986 1339 1027 ad
1364 987 1571 1043 populum
1593 986 1721 1028 etiam

285 1055 311 1080 a
331 1041 501 1096 regibus
524 1041 666 1082 fuisse.

343 1098 475 1138 NON.
509 1098 770 1139 Horrendum
800 1097 849 1138 ab
880 1097 1070 1152 horrido.)
1114 1100 1284 1141 Horum
1315 1100 1426 1140 enim
1459 1100 1721 1142 severitatem

286 1153 439 1195 dicitur
459 1154 715 1196 inhorruisse
736 1155 920 1210 primum
947 1165 1105 1197 emtas

342 1212 542 1253 SENECA
568 1210 637 1252 lib.
660 1223 719 1262 19.
742 1212 877 1267 epist.)
912 1214 1053 1254 Ouem
1083 1227 1159 1253 nos
1187 1212 1437 1255 dictatorem
1466 1213 1660 1263 dicimus,
1679 1222 1723 1254 et

285 1267 325 1307 in
348 1268 522 1309 historia
544 1268 600 1308 ita
622 1269 830 1310 nominari
854 1256 1051 1334 legimUS‚
1070 1269 1182 1326 apud
1205 1270 1401 1334 antiquos
1422 1270 1624 1326 magister
1645 1284 1722 1334 po-

284 1324 374 1379 puli
395 1334 567 1366 vocatus
589 1328 668 1377 est,
690 1326 822 1382 quod,
843 1327 915 1382 qui
935 1327 988 1367 ab
1008 1326 1081 1368 illo
1105 1326 1360 1378 nominatur,
1382 1328 1584 1383 magister
1603 1326 1721 1383 equi-

284 1391 375 1422 tum
399 1391 477 1422 est.

341 1438 449 1479 Cle.
471 1442 509 1479 6.
532 1438 586 1479 ad
603 1439 793 1480 Atticum
812 1440 869 1492 9.)
904 1442 928 1467 ᾗ·
951 1439 1031 1481 Cn.
1056 1440 1218 1482 Flavius
1240 1441 1372 1483 fastos
1392 1440 1584 1497 protulit.

340 1496 566 1536 FRONTO.
572 1497 584 1548 )
621 1497 718 1551 Ipsa
738 1496 930 1551 cognitio
953 1511 1028 1538 nos
1050 1497 1286 1538 delectavit.

338 1553 472 1593 NON
499 1552 728 1605 AEmulus.)
769 1553 1004 1594 Quomodo
1031 1554 1143 1594 enim
1167 1554 1388 1610 judicatur
1416 1554 1495 1595 iste
1526 1554 1724 1610 optimas,

282 1617 356 1649 aut
391 1608 662 1664 optimatium
699 1595 877 1650 εεῐηῖὼιε
918 1610 1125 1661 doctrina,
1162 1611 1337 1683 artibus,
1373 1611 1533 1653 studiis.
1579 1610 1722 1660 audio,

282 1665 481 1720 quando?

338 1723 490 1775 NON.)
534 1732 573 1763 3.
595 1722 680 1764 Sed
711 1722 876 1764 audisse
906 1732 947 1763 te
977 1722 1118 1773 credo,
1138 1732 1229 1764 tum
1258 1738 1356 1764 vero
1386 1723 1620 1773 Platonem,
1643 1723 1723 1764 So-

281 1788 397 1819 crate
427 1789 614 1830 mortuo‚
643 1779 827 1834 primuni
854 1780 894 1820 in
918 1780 1162 1836 AEgyptum
1192 1780 1378 1821 discendi
1404 1794 1544 1831 causa,
1564 1790 1661 1835 post
1681 1779 1722 1821 in

284 1836 449 1876 Italiam
471 1837 755 1877 contendisse.

339 1893 471 1933 NON.
501 1893 688 1946 Anima.)
730 1894 843 1935 Tum
879 1893 1046 1944 virtute,
1083 1892 1242 1944 labore,
1274 1893 1480 1935 industria
1514 1901 1723 1949 quaereret

282 1949 439 1990 summi
472 1950 546 1991 viri
574 1950 777 2002 indolem,
798 1949 876 1991 nisi
906 1950 1030 1991 nimis
1060 1950 1250 1991 animose
1282 1951 1395 1992 ferax
1426 1961 1574 1991 natura
1600 1948 1721 1990 illum

282 2006 425 2047 nescio
446 2021 532 2062 quo
556 2016 694 2062 pacto.

337 2064 471 2104 NON.
495 2064 743 2115 Comitum.)
779 2065 890 2105 Quae
913 2063 1107 2105 videlicet
1123 2063 1193 2104 ille
1214 2079 1299 2104 non
1318 2078 1368 2104 ex
1386 2062 1477 2119 agri
1492 2061 1722 2113 consitura,

281 2133 410 2175 quam
432 2121 644 2171 cernebat,
667 2120 741 2161 sed
762 2135 812 2162 ex
833 2120 1037 2161 doctrinae
1059 2119 1221 2161 indiciis
1244 2119 1608 2184 interpretabatur.

337 2177 469 2217 NON.
488 2152 701 2233 Αηίὶᾳῖιηε
721 2176 994 2241 Antiquior.)
1013 2176 1097 2217 Sed
1117 2178 1318 2232 quoniam
1351 2176 1532 2240 plurima
1565 2176 1720 2216 benefi-

280 2233 345 2274 cia
363 2235 553 2275 continet
578 2234 727 2289 patria,
750 2243 791 2275 et
820 2243 884 2275 est
911 2233 1124 2290 antiquior
1152 2248 1317 2289 parens,
1338 2248 1465 2289 quam
1495 2247 1543 2282 is,
1564 2233 1652 2288 qui,
1672 2242 1721 2274 ut

279 2289 411 2340 aiunt,
443 2290 657 2342 creaxcrit,
688 2290 825 2347 major
853 2292 892 2332 ei
925 2292 1136 2347 profecto,
1170 2306 1299 2347 quam
1329 2289 1505 2347 parenti,
1542 2288 1722 2331 debetur

278 2346 429 2403 gratia.

335 2404 467 2444 NON.
490 2402 724 2459 Pignerari.
730 2406 742 2457 )
778 2403 860 2445 Sed
882 2413 928 2445 ut
949 2404 1166 2459 plurimas,
1187 2413 1229 2445 et
1251 2403 1455 2444 maximas
1476 2402 1608 2443 nostri
1629 2402 1719 2444 ani-

278 2460 351 2510 mi,
372 2460 546 2516 ingenii,
566 2461 730 2502 consilii
760 2461 898 2517 prima
925 2460 1017 2516 ipsa
1046 2461 1125 2502 sibi
1144 2460 1198 2502 ad
1218 2460 1446 2501 utilitatem
1476 2459 1722 2515 pignerare·

278 2526 360 2560 tur.

334 2574 467 2615 NON.
492 2574 750 2626 conducere.)
787 2574 1047 2615 Facillimam
1071 2580 1213 2615 autem
1246 2573 1288 2614 in
1320 2588 1370 2615 ea
1394 2572 1612 2630 republica
1630 2587 1721 2616 esse

277 2645 403 2686 posse
422 2631 775 2681 concordia1n‚'1n
798 2645 881 2686 qua
903 2630 1015 2672 idem
1037 2629 1247 2671 conducat
1267 2630 1482 2671 omnibus.

333 2688 466 2730 NON.
499 2688 759 2740 Firmitudo.)
806 2687 980 2729 Habent
1010 2687 1344 2743 aequabilitatem
1375 2685 1604 2742 quandam,
1635 2700 1721 2742 qua

276 2759 418 2786 carere
439 2745 598 2786 diutius
619 2745 685 2785 vix
707 2754 885 2800 possunt.
907 2744 1042 2795 liberi,
1063 2743 1212 2785 deinde
1233 2744 1549 2785 firmitudinem.

332 2802 465 2843 NON.
489 2801 558 2843 lib.
581 2801 631 2842 de
648 2802 753 2842 doct.
777 2801 1002 2856 indagine.)
1036 2802 1131 2842 Nec
1153 2810 1318 2842 tautum
1342 2800 1559 2854 Karthago
1580 2797 1719 2840 habu·

275 2857 376 2900 isset
397 2873 530 2916 opum
551 2867 769 2902 sexcentos
788 2859 876 2900 fere
895 2872 1027 2900 annos
1049 2857 1138 2900 sine
1158 2857 1358 2910 consiliis,
1377 2865 1421 2899 et
1440 2854 1675 2912 disciplina.
