1844 3202
525 91 706 131 mmm
739 74 1090 130 SECUNDUS)

1449 90 1528 155 6749

94 200 233 251 scitos,
267 199 466 257 privatim
495 197 667 241 colunto.
698 204 928 239 constructa
958 213 983 240 a
1010 197 1198 253 patribus
1228 207 1267 231 ⁴³
1285 197 1452 239 delubra
1482 197 1527 239 in

101 256 264 298 urbibus
289 257 471 307 habento,
504 255 611 297 lucos
640 255 682 296 in
710 254 823 312 agris
850 254 1016 296 habento
1042 261 1082 295 et
1114 253 1248 295 larum
1274 255 1396 295 sedes.
1422 255 1527 296 ritus

85 312 280 368 familioe
305 320 552 370 patrumque
570 319 768 353 servante.
797 310 922 362 divos,
942 317 981 351 et
1008 325 1085 362 eos,
1115 311 1186 367 qui
1216 309 1393 352 coelestes
1422 326 1526 351 sem-

200 369 342 420 hahiti,
363 368 533 419 colunto,
555 375 594 410 et
625 367 738 420 ollos,
759 376 799 399 4⁴
815 382 911 423 quos
938 366 1036 408 endo
1066 367 1164 409 coelo
1193 366 1340 408 merita
1371 365 1526 408 locave-

98 433 211 476 runt,
242 425 473 476 Herculem,
495 424 702 476 Liberum,
728 423 1033 479 AEsculapium,
1057 424 1274 475 Castorem,
1300 421 1527 475 Pollucem,

104 481 348 537 Quirinum:
381 491 418 514 ⁴⁵
437 489 499 522 ast
522 481 618 532 olla,
637 487 801 537 propter
821 495 915 537 quoe
934 480 1057 521 datur
1077 480 1228 522 homini
1249 480 1460 522 adscensus
1486 479 1528 520 in

99 537 258 589 coelum,
280 539 481 590 luentem,
508 537 728 588 Virtutem,
751 536 968 587 Pietatem,
991 536 1155 578 Fidem.-
1188 550 1406 599 earumque
1435 535 1527 576 lau-

98 594 194 635 dum
233 593 400 636 delubra
434 601 580 636 sunto.-

628 608 698 634 nec
726 592 816 634 ulla
845 593 1038 634 vitiorum
1071 609 1187 635 sacra
1217 593 1428 635 sollemnia
1458 591 1527 632 oh-

98 657 229 691 eunto.
254 651 383 692 Feriis
398 651 551 707 jurgia
569 657 789 701 amovento,
810 664 956 706 easque
976 649 1016 690 in
1030 649 1229 706 famulis,
1252 649 1432 706 operibus
1448 659 1528 704 pa-

99 707 235 758 tratis,
256 707 448 749 habento:
481 714 521 739 46
536 708 674 763 itaque
694 714 739 747 ut
761 706 909 747 cadant
930 705 972 746 in
994 707 1138 748 annuis
1157 706 1440 762 amfractibus,
1458 706 1528 746 de-

97 763 293 818 scriptum
324 771 428 805 esto.-
466 771 674 820 certasque
698 762 866 826 finges,
897 769 1106 826 certasque
1136 763 1274 805 baccas
1303 763 1527 804 sacerdotes

92 818 255 874 publice
295 819 471 861 libanto:
504 828 542 857 47
561 819 632 861 hoc
667 827 785 861 certis
812 818 1022 874 sacrificus
1054 834 1101 861 ac
1134 819 1285 861 diebus.

64 928 70 935 η
98 875 201 917 alios
231 876 285 917 ad
313 877 395 918 dies
423 876 648 918 ubertatem
676 876 795 917 lactis
823 876 1135 932 48faeturoeque
1164 884 1363 918 servanto.

1344 820 1527 876 Itemque
1537 823 1570 854 b·

97 933 206 988 quod
230 948 279 974 ne
299 928 498 984 committi
514 933 655 989 possit,
676 933 730 974 ad
748 947 837 973 eam
856 947 955 984 rem,
975 932 1187 985 rationem,
1211 948 1349 975 cursus
1374 947 1527 975 annuos

97 988 318 1031 sacerdotes
337 989 549 1046 finiunto:
589 1004 762 1046 quoeque
797 989 969 1046 quoique
1000 989 1088 1030 divo
1124 990 1279 1031 decorae
1310 997 1529 1047 grataeque

97 1045 179 1086 sint
201 1045 358 1098 iiostioe,
374 1046 610 1101 providento
627 1064 639 1087 :
672 1046 856 1102 divisque
883 1046 978 1087 aliis
997 1045 1072 1087 alii
1093 1047 1328 1098 sacerdotes,
1349 1047 1531 1088 omnihus

93 1102 320 1158 pontifices,
348 1103 523 1166 singulis
536 1103 738 1157 flamines
765 1110 896 1144 sunto.

962 1102 1151 1159 Virgines
1177 1102 1354 1145 Vestales
1374 1103 1415 1143 in
1434 1103 1531 1144 urbe

98 1159 351 1200 custodiunto
381 1174 516 1216 ignem
530 1159 626 1215 foci
645 1159 803 1214 publici
829 1158 1134 1213 sempiternum.
1195 1160 1421 1223 ⁵00Quoque
1441 1158 1530 1200 Izaec

92 1214 292 1269 privatim
312 1222 352 1256 et

372 1215 534 1270 publice
562 1215 679 1256 modo
709 1215 872 1271 rituque
881 1215 1013 1270 fiant,
1033 1214 1214 1256 discunto
1235 1215 1374 1272 ignari
1400 1230 1425 1256 a
1446 1225 1529 1270 pu-

97 1270 211 1312 blicis
237 1271 521 1314 sacerdotibus.
578 1273 735 1313 Eorum
767 1278 902 1312 autem
933 1271 1009 1312 duo
1035 1287 1185 1328 genera
1210 1280 1358 1323 sunto,·
1386 1287 1529 1323 unum,

127 1328 205 1369 uod
217 1328 362 1382 praesit
385 1328 628 1370 caerimoniis
649 1336 689 1370 et
712 1328 860 1370 sacris.-
893 1327 1083 1379 alterum,
1106 1329 1214 1384 quod
1242 1328 1530 1383 interpretetur

84 1343 375 1440 νἕαίίἅιίὀτῑιτνι,
406 1392 444 1426 et
469 1393 609 1427 vatum
637 1385 768 1441 effata
792 1384 1015 1441 incognita,
1044 1394 1080 1417 51
1097 1399 1187 1425 cum
1209 1393 1372 1426 senatus
1392 1395 1527 1448 p.⁰p²‘’

98 1440 241 1498 Iusque
260 1440 488 1483 adsciverit.
533 1443 778 1498 Interpretes
798 1449 933 1483 autem
953 1441 1067 1482 Jovis
1087 1441 1230 1496 optimi
1248 1441 1434 1493 maximi,
1446 1452 1529 1497 pu-

98 1496 193 1538 hlici
214 1513 401 1555 augures,
420 1498 549 1555 signis
567 1505 607 1540 et
626 1497 818 1554 auspiciis
832 1505 973 1553 postea
992 1498 1166 1549 vidento,
1187 1498 1445 1554 disciplinam
1467 1505 1525 1539 te-

94 1560 227 1596 nerito.

96 1706 128 1736 in
144 1706 223 1737 libro
238 1707 361 1746 Maffei,
373 1710 418 1740 sic
434 1716 465 1741 et
477 1710 585 1741 Guelf.
601 1716 632 1740 et
646 1710 694 1740 ed.
708 1710 790 1740 Ven-

100 1756 190 1782 1494.
207 1750 294 1782 Med.
309 1752 385 1783 Asc.
419 1753 526 1793 Vulgo
541 1753 591 1782 sed
602 1764 636 1782 ne
649 1752 790 1783 advenas.

96 1792 128 1822 P.
143 1792 308 1824 Manutius
322 1795 460 1826 malebat
470 1807 544 1825 neve
555 1795 694 1825 advenas.
711 1795 790 1826 Vul-

96 1842 207 1874 gaturn
223 1836 272 1865 sed
285 1848 316 1866 ne
332 1837 462 1868 advenas
474 1848 520 1869 est
535 1839 575 1869 ab
590 1839 682 1869 Aldo.

140 1884 178 1908 43
202 1878 320 1908 delubra
337 1880 367 1909 in
381 1880 497 1911 urbibus
511 1881 641 1920 habento]
668 1881 719 1912 Sic
738 1880 792 1910 be·

96 1930 136 1950 ne
156 1921 278 1952 edidere
299 1923 468 1957 Victorius,
490 1925 674 1960 Turnebus,
697 1924 792 1953 Davi-

95 1965 171 1994 sius.
201 1966 341 2003 postulat
369 1968 431 1996 hoc
453 1968 483 1996 in
505 1967 586 2007 agris
607 1974 638 1998 et
660 1968 740 1997 infra
761 1976 792 1997 c.

98 2014 148 2037 lo.
173 2007 256 2038 idem
282 2016 338 2038 est.
369 2017 445 2049 puto
476 2011 572 2040 etiarn
602 2010 790 2040 alterutrum

95 2050 214 2080 habento
228 2061 295 2082 esse
315 2052 509 2090 delendum*
524 2060 554 2083 et
576 2055 707 2093 quidem
729 2053 791 2092 pri·

95 2102 204 2124 mum.

139 2144 180 2167 44
203 2148 269 2178 quos
293 2137 361 2167 endo
384 2137 452 2168 coeIo
475 2138 579 2168 merita
602 2136 788 2178 locaverunt]

96 2179 232 2215 Omnes,
248 2190 328 2220 quos
343 2181 419 2217 vidi,
437 2181 507 2212 libri
529 2182 649 2212 habent
663 2192 791 2211 vocave-

97 2229 164 2251 runt
179 2223 228 2253 vel
244 2224 429 2260 voca-verint,
446 2232 520 2255 ante
536 2225 719 2261 Davisium‚
736 2224 790 2264 qui

96 2265 292 2297 eLactantio
312 2267 338 2303 1,
362 2275 411 2298 15.
431 2274 482 2298 23.
504 2268 601 2306 dedit,
620 2268 706 2308 quod
726 2267 792 2297 edi-

95 2308 214 2340 dimus.

142 2357 181 2382 4⁵
204 2358 250 2381 ast
274 2351 346 2391 olla]
372 2359 418 2382 ast
439 2353 551 2383 dicunt
574 2351 790 2392 conjungendi

96 2393 163 2424 vim
184 2394 309 2425 habere.
327 2405 385 2435 ego
404 2397 496 2426 credo
512 2404 600 2438 atque
619 2397 792 2436 iegendum

96 2444 174 2467 esse.
203 2437 241 2467 ln
257 2439 324 2468 edd.
340 2439 531 2478 quibusdam
547 2447 620 2470 vett.
637 2446 684 2470 est
697 2446 734 2469 et.

141 2484 181 2510 46
206 2480 303 2521 itaque
323 2488 356 2510 ut
378 2481 422 2510 ita
441 2482 526 2511 cadat
546 2481 607 2522 ὅτε]
632 2482 791 2519 Primum,

98 2521 236 2553 alterurn
256 2523 299 2552 ita
323 2524 486 2561 redundat,
509 2531 540 2556 et
562 2535 619 2564 pro
636 2525 722 2555 cadat
747 2525 792 2555 le-

99 2566 241 2603 gendum
257 2566 374 2602 cadant,
390 2576 434 2596 sc.
449 2568 547 2605 feriae,
562 2576 599 2599 ut
614 2579 632 2599 e
649 2569 713 2598 Ms.
729 2569 794 2598 edi-

99 2608 146 2638 dit
168 2608 432 2648 ‘Davisius,·post
459 2611 660 2643 Tumebum.
689 2611 734 2642 sic
763 2618 793 2641 et

99 2649 242 2682 Pearcius
258 2653 401 2682 correxit.

144 2699 182 2729 ⁴7
207 2695 256 2724 boc
282 2695 367 2724 certis
393 2693 511 2735 sacrffl]
542 2696 592 2726 hoc
618 2697 793 2727 delendum

98 2735 232 2767 videtur.
248 2745 361 2768 natum
377 2748 416 2768 ex
434 2738 549 2768 ultima
562 2740 647 2770 verbi
667 2747 792 2771 antece-

100 2779 200 2809 dentis
223 2788 253 2810 et
275 2781 374 2820 prima
397 2782 566 2820 sequentis.
585 2783 655 2812 cert-i
671 2794 745 2814 sacr.
762 2795 790 2813 a.

100 2821 129 2851 d.
142 2822 344 2862 jungendum
359 2833 435 2855 curn
452 2825 719 2856 antecedentibus.

287 1554 521 1597 Sacerdotes
541 1555 691 1607 vineta,
713 1555 965 1611 virgetaque,
988 1563 1026 1587 ⁵2
1042 1562 1081 1596 et
1098 1554 1274 1596 salutem
1287 1554 1432 1611 populi
1451 1570 1524 1597 au·
1537 1563 1585 1595 21

877 1715 916 1740 48
929 1707 1125 1751 faeturaeque]
1145 1709 1196 1740 Sic
1209 1709 1274 1740 Ms.
1290 1709 1397 1740 Guelf.
1413 1716 1444 1740 et
1458 1711 1529 1741 edd.

833 1752 1037 1791 antiquiores,
1054 1753 1290 1794 nonfaetusque,
1305 1759 1340 1783 ut
1355 1759 1401 1783 est
1415 1754 1449 1784 iu
1459 1753 1530 1784 vul·

833 1802 924 1834 gatis.

877 1845 917 1870 49
942 1837 980 1866 Id
999 1837 1076 1879 quad
1094 1849 1128 1868 ne
1149 1838 1289 1867 committi
1310 1837 1418 1880 possit]
1448 1839 1529 1871 Mss.

835 1881 919 1920 apud
941 1880 1109 1911 Davisium
1131 1888 1162 1911 et
1179 1881 1287 1912 Guelf.
1307 1889 1339 1912 et
1361 1883 1410 1913 ed.
1435 1890 1529 1916 1494.

835 1923 923 1954 Med.
948 1924 1023 1953 Asc.
1048 1923 1144 1966 idque.
1174 1924 1322 1955 Davisius
1351 1926 1477 1966 corrigit
1499 1925 1531 1955 in

834 1978 900 2008 quae
911 1977 920 1995 .-
943 1967 1041 2006 possis
1057 1973 1087 1996 et
1102 1967 1132 1995 in
1147 1978 1211 2008 quo.

878 2016 918 2040 50
949 2009 1068 2050 Quoque
1097 2008 1292 2048 haec—modo]
1326 2010 1445 2052 Quoque
1473 2011 1529 2042 ha-

834 2052 910 2082 bent
929 2052 1009 2082 Mss.
1027 2053 1123 2082 etiarn
1145 2053 1252 2083 Guelf.
1273 2060 1305 2083 et
1323 2054 1393 2083 edd.
1412 2061 1530 2084 veteres

834 2095 940 2135 Vulgo
964 2095 1048 2126 male
1072 2095 1213 2138 quodque,
1238 2103 1274 2127 ut
1300 2103 1370 2136 post
1384 2096 1450 2136 fiat
1474 2107 1530 2137 pro

822 2138 918 2178 fiant.

879 2189 914 2212 51
941 2191 1004 2210 cum
1020 2192 1042 2210 s.
1053 2188 1087 2220 p.
1103 2180 1279 2222 adsciverit]
1305 2182 1391 2212 Quid
1414 2189 1461 2212 est
1477 2182 1530 2213 ad-

835 2223 966 2254 sciverit.
1005 2224 1123 2255 Sensus
1140 2225 1267 2264 requirit
1281 2226 1428 2263 verbum,
1444 2226 1530 2265 quod

833 2267 1002 2306 significet,
1025 2268 1163 2306 jusserit.
1209 2268 1384 2298 Lambinus
1407 2269 1532 2308 corrigit

832 2310 988 2340 arci-verit.
1009 2320 1050 2340 an
1067 2310 1170 2340 voluit
1188 2312 1323 2342 scribere
1341 2312 1502 2342 arcessierit
1514 2312 1532 2341 ?

834 2352 912 2383 sorte
936 2353 975 2382 ad
997 2353 1170 2384 delendum
1197 2362 1256 2391 est,
1280 2362 1317 2385 ut
1339 2355 1379 2385 sit
1397 2355 1529 2391 sciverit,

837 2405 892 2435 pro
921 2405 985 2436 quo
1015 2399 1230 2437 compositum
1264 2405 1354 2437 putat
1391 2399 1530 2437 positum

834 2439 1015 2470 Turnebus.

880 2489 918 2513 52
942 2489 970 2511 et
991 2482 1111 2512 salutern
1130 2482 1231 2523 populi
1252 2482 1426 2523 auguranto]
1460 2484 1482 2514 i.
1502 2493 1531 2513 e.

835 2526 972 2564 auguriis
997 2526 1088 2556 certis
1110 2526 1319 2566 integritatem
1337 2527 1529 2560 vinetorum.

835 2569 1041 2608 virgetorum,
1058 2568 1179 2605 salutis,
1196 2578 1215 2599 a
1234 2569 1303 2600 Diis
1319 2577 1480 2610 expetant.
1494 2570 1532 2598 de

835 2611 945 2643 salutis
961 2611 1093 2651 augurio
1108 2622 1154 2642 res
1171 2618 1246 2642 nota
1260 2619 1307 2642 est
1329 2613 1471 2652 inprimis
1493 2621 1534 2641 ex

837 2654 941 2685 Dione
964 2655 1071 2685 Cassio
1099 2655 1270 2691 XXXVII,
1302 2662 1352 2685 24.
1380 2655 1435 2685 ubi
1458 2655 1534 2684 dicit

836 2697 970 2737 augurio
984 2698 1048 2728 hoc
1063 2697 1196 2737 intelllgi
1212 2698 1367 2734 debuisse,
1384 2707 1425 2727 an
1442 2697 1536 2728 liceat

835 2740 972 2771 salutem
989 2750 1007 2771 a
1020 2741 1077 2771 diis
1095 2747 1207 2781 petere.
1225 2742 1303 2772 adde
1320 2741 1428 2771 Davis.
1441 2741 1480 2771 ad
1495 2741 1532 2770 de

835 2783 944 2814 Divin.
960 2783 986 2820 1,
1003 2791 1056 2820 47.

1423 885 1463 910 49
1478 873 1590 918 Id20
